{"gold_per_floor":[111,186,156,173,192,192,220,220,245,245,245,271,271,122,122,224,224,235,251,52,52,63,63,74,74,74,94,94,113,113],"floor_reached":30,"playtime":1557,"items_purged":["Strike_B"],"score":238,"play_id":"bab0ec21-e3f6-4010-b1d2-082edd2af69c","local_time":"20181203225411","is_ascension_mode":false,"campfire_choices":[{"data":"Hologram","floor":6,"key":"SMITH"},{"floor":11,"key":"RECALL"},{"floor":13,"key":"REST"},{"data":"Reboot","floor":15,"key":"SMITH"},{"floor":23,"key":"REST"},{"data":"Hologram","floor":25,"key":"SMITH"},{"floor":28,"key":"REST"}],"neow_cost":"NONE","seed_source_timestamp":36867053990467,"circlet_count":0,"master_deck":["Strike_B+1","Strike_B+1","Defend_B","Defend_B+1","Defend_B","Zap","Dualcast+1","Gash","Hologram+1","Reboot+1","Chill","Sunder","Coolheaded+1","Hologram+1","Reprogram","Rebound"],"relics":["Cracked Core","War Paint","Whetstone","Singing Bowl","White Beast Statue","Pen Nib","Mercury Hourglass"],"potions_floor_usage":[7,7,24,24,30],"damage_taken":[{"damage":1,"enemies":"Jaw Worm","floor":1,"turns":2},{"damage":0,"enemies":"2 Louse","floor":4,"turns":2},{"damage":0,"enemies":"Cultist","floor":5,"turns":3},{"damage":16,"enemies":"Lagavulin","floor":7,"turns":8},{"damage":27,"enemies":"3 Sentries","floor":12,"turns":7},{"damage":32,"enemies":"Hexaghost","floor":16,"turns":10},{"damage":11,"enemies":"Spheric Guardian","floor":18,"turns":5},{"damage":0,"enemies":"3 Byrds","floor":19,"turns":5},{"damage":37,"enemies":"Centurion and Healer","floor":22,"turns":8},{"damage":12,"enemies":"3 Cultists","floor":24,"turns":7},{"damage":23,"enemies":"Cultist and Chosen","floor":27,"turns":6},{"damage":32,"enemies":"Snecko","floor":29,"turns":6},{"damage":16,"enemies":"Book of Stabbing","floor":30,"turns":4}],"seed_played":"552319669263806008","potions_obtained":[{"floor":1,"key":"SteroidPotion"},{"floor":3,"key":"SpeedPotion"},{"floor":3,"key":"SkillPotion"},{"floor":16,"key":"SpeedPotion"},{"floor":18,"key":"PowerPotion"},{"floor":24,"key":"Explosive Potion"},{"floor":27,"key":"Strength Potion"}],"is_trial":false,"path_per_floor":["M","?","?","M","M","R","E","?","T","?","R","E","R","$","R","B",null,"M","M","$","?","M","R","M","R","T","M","R","M","E"],"character_chosen":"DEFECT","items_purchased":["Sunder","Hologram","Pen Nib"],"campfire_rested":3,"item_purchase_floors":[14,20,20],"current_hp_per_floor":[74,63,63,63,63,63,47,47,47,40,40,13,35,35,35,5,77,66,68,68,68,33,57,45,45,45,22,46,16,0],"gold":113,"neow_bonus":"RANDOM_COMMON_RELIC","is_prod":false,"is_daily":false,"chose_seed":false,"campfire_upgraded":3,"win_rate":0,"timestamp":1543895651,"path_taken":["M","?","?","?","M","R","E","?","T","?","R","E","R","?","R","BOSS","M","M","$","?","M","R","M","R","T","M","R","M","E"],"build_version":"2018-11-15","purchased_purges":1,"victory":false,"max_hp_per_floor":[75,75,75,75,75,75,75,75,75,75,75,75,75,75,75,77,77,77,79,79,79,81,81,81,81,81,81,81,83,83],"card_choices":[{"not_picked":["Darkness","Hello World","Turbo"],"picked":"SKIP","floor":1},{"not_picked":["Leap","Hologram"],"picked":"Gash","floor":4},{"not_picked":["Beam Cell","Rip and Tear"],"picked":"Hologram","floor":5},{"not_picked":["Buffer","Storm","Undo"],"picked":"SKIP","floor":7},{"not_picked":["Consume","Redo"],"picked":"Chill","floor":12},{"not_picked":["Machine Learning","Multi-Cast","Fission"],"picked":"Singing Bowl","floor":16},{"not_picked":["Ball Lightning","Go for the Eyes"],"picked":"Coolheaded+1","floor":18},{"not_picked":["Undo","Rip and Tear","Auto Shields+1"],"picked":"Singing Bowl","floor":19},{"not_picked":["Redo","Capacitor","Compile Driver"],"picked":"Singing Bowl","floor":22},{"not_picked":["Fusion","Recycle"],"picked":"Reprogram","floor":24},{"not_picked":["Streamline+1","Stack"],"picked":"Rebound","floor":27},{"not_picked":["Sunder","Barrage","Redo+1"],"picked":"Singing Bowl","floor":29}],"player_experience":612518,"relics_obtained":[{"floor":7,"key":"Whetstone"},{"floor":12,"key":"Singing Bowl"},{"floor":26,"key":"Mercury Hourglass"}],"event_choices":[{"damage_healed":0,"gold_gain":75,"player_choice":"Gather Gold","damage_taken":11,"max_hp_gain":0,"max_hp_loss":0,"event_name":"World of Goop","floor":2,"gold_loss":0},{"damage_healed":0,"gold_gain":0,"player_choice":"Bought 2 Potions","damage_taken":0,"max_hp_gain":0,"max_hp_loss":0,"event_name":"The Woman in Blue","floor":3,"gold_loss":0},{"damage_healed":0,"gold_gain":0,"cards_transformed":["Strike_B"],"player_choice":"Change","damage_taken":0,"max_hp_gain":0,"max_hp_loss":0,"event_name":"Living Wall","floor":8,"gold_loss":0,"cards_obtained":["Reboot"]},{"cards_removed":["Defend_B"],"damage_healed":0,"gold_gain":0,"player_choice":"Card Removal","damage_taken":7,"max_hp_gain":0,"max_hp_loss":0,"event_name":"Golden Wing","floor":10,"gold_loss":0},{"damage_healed":0,"gold_gain":0,"player_choice":"Ignored","damage_taken":0,"max_hp_gain":0,"max_hp_loss":0,"event_name":"Ghosts","floor":21,"gold_loss":0}],"is_beta":false,"boss_relics":[{"not_picked":["Busted Crown","Runic Pyramid"],"picked":"White Beast Statue"}],"items_purged_floors":[14],"is_endless":false,"potions_floor_spawned":[1,4,16,18,19,22,24,27,29],"killed_by":"Book of Stabbing","ascension_level":0}