{"gold_per_floor":[18,35,52,76,90,115,115,115,115,115,28,28,43,43,43,164,164,188,201,224,224,224,224,267,294,306,443,370,27,27,70,70,198,198,216,231,231,254,277,277,335,335,414,414,414,438,479,479,479,479],"floor_reached":51,"playtime":2016,"items_purged":["Strike_B"],"score":1141,"play_id":"3cc1b8ac-520f-411f-ad2f-1bc4357f4487","local_time":"20181206220447","is_ascension_mode":true,"campfire_choices":[{"data":"Zap","floor":7,"key":"SMITH"},{"data":"Loop","floor":15,"key":"SMITH"},{"data":"Amplify","floor":23,"key":"SMITH"},{"data":"Echo Form","floor":32,"key":"SMITH"},{"floor":40,"key":"REST"},{"floor":42,"key":"REST"},{"data":"Loop","floor":44,"key":"SMITH"},{"data":"Flash of Steel","floor":49,"key":"SMITH"}],"neow_cost":"NO_GOLD","seed_source_timestamp":104181568475435,"circlet_count":0,"master_deck":["Defend_B+1","Defend_B+1","Zap+1","Dualcast","Go for the Eyes","Ball Lightning","Leap","Self Repair+1","Flash of Steel+1","Loop+1","Amplify+1","Cold Snap+1","Chill+1","Chaos+1","BootSequence+1","Rip and Tear+1","Ball Lightning+1","Loop+1","Echo Form+1","Seek","Darkness+1","Static Discharge+1","Glacier+1","White Noise","Capacitor"],"relics":["Cracked Core","DataDisk","Bronze Scales","Golden Idol","Pear","Astrolabe","Bag of Marbles","Cables","MawBank","Calipers","FossilizedHelix","Dodecahedron","StoneCalendar","Toolbox","Anchor","Inserter","GremlinMask","War Paint","Darkstone Periapt","Pen Nib"],"potions_floor_usage":[6,27],"damage_taken":[{"damage":1,"enemies":"Cultist","floor":1,"turns":3},{"damage":0,"enemies":"Small Slimes","floor":2,"turns":3},{"damage":0,"enemies":"2 Louse","floor":3,"turns":2},{"damage":6,"enemies":"Exordium Wildlife","floor":5,"turns":4},{"damage":4,"enemies":"Gremlin Nob","floor":6,"turns":4},{"damage":2,"enemies":"2 Fungi Beasts","floor":13,"turns":3},{"damage":33,"enemies":"Hexaghost","floor":16,"turns":8},{"damage":3,"enemies":"2 Thieves","floor":18,"turns":5},{"damage":0,"enemies":"Spheric Guardian","floor":19,"turns":4},{"damage":10,"enemies":"Centurion and Healer","floor":20,"turns":12},{"damage":28,"enemies":"Slavers","floor":24,"turns":5},{"damage":17,"enemies":"Chosen and Byrds","floor":25,"turns":4},{"damage":0,"enemies":"Colosseum Slavers","floor":27,"turns":5},{"damage":21,"enemies":"Colosseum Nobs","floor":27,"turns":5},{"damage":8,"enemies":"Book of Stabbing","floor":31,"turns":5},{"damage":30,"enemies":"Automaton","floor":33,"turns":8},{"damage":18,"enemies":"3 Darklings","floor":35,"turns":7},{"damage":0,"enemies":"Orb Walker","floor":36,"turns":4},{"damage":16,"enemies":"Sphere and 2 Shapes","floor":38,"turns":5},{"damage":32,"enemies":"Transient","floor":39,"turns":5},{"damage":34,"enemies":"Nemesis","floor":41,"turns":7},{"damage":0,"enemies":"Writhing Mass","floor":46,"turns":6},{"damage":44,"enemies":"Giant Head","floor":47,"turns":9},{"damage":8,"enemies":"Donu and Deca","floor":50,"turns":9}],"seed_played":"7631053938184669301","potions_obtained":[{"floor":3,"key":"Poison Potion"},{"floor":5,"key":"Block Potion"},{"floor":6,"key":"SmokeBomb"},{"floor":16,"key":"Dexterity Potion"},{"floor":20,"key":"FearPotion"},{"floor":25,"key":"Strength Potion"},{"floor":27,"key":"SpeedPotion"},{"floor":30,"key":"FocusPotion"},{"floor":47,"key":"Block Potion"}],"is_trial":false,"path_per_floor":["M","M","M","T","M","E","R","?","T","?","$","?","M","$","R","B",null,"M","M","M","?","?","R","E","M","T","?","?","$","?","E","R","B",null,"M","M","?","M","M","R","E","R","T","R","?","M","E","?","R","B",null],"character_chosen":"DEFECT","items_purchased":["Flash of Steel","Toolbox","Loop"],"campfire_rested":2,"item_purchase_floors":[11,29,29],"current_hp_per_floor":[67,67,67,67,61,64,64,64,74,74,74,57,65,65,65,42,74,85,85,85,85,85,85,77,80,80,74,74,74,74,85,85,75,83,85,85,85,85,63,85,61,85,85,85,85,85,51,85,85,85],"gold":479,"neow_bonus":"REMOVE_TWO","is_prod":false,"is_daily":false,"chose_seed":false,"campfire_upgraded":6,"win_rate":0,"timestamp":1544151887,"path_taken":["M","M","?","?","M","E","R","?","T","?","$","?","?","$","R","BOSS","M","M","M","?","?","R","E","?","T","?","?","$","?","E","R","BOSS","M","?","?","?","M","R","E","R","T","R","?","M","E","?","R","BOSS"],"build_version":"2018-12-06","purchased_purges":1,"victory":true,"max_hp_per_floor":[75,75,75,75,75,75,75,75,85,85,85,85,85,85,85,85,85,85,85,85,85,85,85,85,85,85,85,85,85,85,85,85,85,85,85,85,85,85,85,85,85,85,85,85,85,85,85,85,85,85],"card_choices":[{"not_picked":["Recycle","Chaos"],"picked":"Go for the Eyes","floor":1},{"not_picked":["Stack","Fusion"],"picked":"Ball Lightning","floor":2},{"not_picked":["Rebound","Hello World"],"picked":"Leap","floor":3},{"not_picked":["Blizzard","Go for the Eyes"],"picked":"Self Repair","floor":5},{"not_picked":["Reprogram","Barrage"],"picked":"Conserve Battery","floor":6},{"not_picked":["Scrape","Coolheaded"],"picked":"Loop","floor":13},{"not_picked":["Machine Learning","All For One"],"picked":"Amplify","floor":16},{"not_picked":["Compile Driver+1","Stack+1"],"picked":"Chaos","floor":18},{"not_picked":["Ball Lightning","Doom and Gloom"],"picked":"BootSequence+1","floor":19},{"not_picked":["Conserve Battery","Scrape","Stack"],"picked":"SKIP","floor":20},{"not_picked":["Go for the Eyes","Stack"],"picked":"Rip and Tear+1","floor":24},{"not_picked":["Auto Shields+1","Rip and Tear"],"picked":"Ball Lightning+1","floor":25},{"not_picked":["Redo","Ball Lightning+1"],"picked":"Echo Form","floor":31},{"not_picked":["Reboot","Biased Cognition"],"picked":"Seek","floor":33},{"not_picked":["Cold Snap+1","Hologram+1"],"picked":"Darkness+1","floor":35},{"not_picked":["Go for the Eyes+1","Leap+1"],"picked":"Static Discharge+1","floor":36},{"not_picked":["Gash+1","Ball Lightning"],"picked":"Glacier+1","floor":38},{"not_picked":["Double Energy","Rebound","Ball Lightning"],"picked":"SKIP","floor":39},{"not_picked":["Compile Driver","Coolheaded"],"picked":"White Noise","floor":41},{"not_picked":["Ball Lightning","Leap+1","Cold Snap"],"picked":"SKIP","floor":46},{"not_picked":["Go for the Eyes+1","Sunder"],"picked":"Capacitor","floor":47}],"player_experience":623440,"relics_obtained":[{"floor":4,"key":"DataDisk"},{"floor":6,"key":"Bronze Scales"},{"floor":9,"key":"Pear"},{"floor":24,"key":"MawBank"},{"floor":26,"key":"Calipers"},{"floor":27,"key":"FossilizedHelix"},{"floor":27,"key":"Dodecahedron"},{"floor":31,"key":"Anchor"},{"floor":41,"key":"War Paint"},{"floor":43,"key":"Darkstone Periapt"},{"floor":47,"key":"Pen Nib"}],"event_choices":[{"damage_healed":0,"gold_gain":0,"player_choice":"Take Wound","damage_taken":0,"relics_obtained":["Golden Idol"],"max_hp_gain":0,"max_hp_loss":0,"event_name":"Golden Idol","floor":8,"gold_loss":0,"cards_obtained":["Injury"]},{"cards_removed":["Injury"],"damage_healed":0,"gold_gain":0,"player_choice":"Forget","damage_taken":0,"max_hp_gain":0,"max_hp_loss":0,"event_name":"Living Wall","floor":10,"gold_loss":0},{"damage_healed":0,"gold_gain":0,"player_choice":"Entered Light","damage_taken":17,"max_hp_gain":0,"max_hp_loss":0,"event_name":"Shining Light","floor":12,"gold_loss":0,"cards_upgraded":["Defend_B","Self Repair"]},{"damage_healed":0,"gold_gain":0,"player_choice":"Opened","damage_taken":0,"relics_obtained":["Bag of Marbles"],"max_hp_gain":0,"max_hp_loss":0,"event_name":"The Mausoleum","floor":21,"gold_loss":0},{"cards_removed":["Conserve Battery"],"damage_healed":0,"gold_gain":0,"player_choice":"Gave Card","damage_taken":0,"relics_obtained":["Cables"],"max_hp_gain":0,"max_hp_loss":0,"event_name":"WeMeetAgain","floor":22,"gold_loss":0},{"damage_healed":0,"gold_gain":0,"player_choice":"Fight","damage_taken":0,"max_hp_gain":0,"max_hp_loss":0,"event_name":"Colosseum","floor":27,"gold_loss":0},{"damage_healed":0,"gold_gain":0,"player_choice":"Fought Nobs","damage_taken":0,"max_hp_gain":0,"max_hp_loss":0,"event_name":"Colosseum","floor":27,"gold_loss":0},{"damage_healed":0,"gold_gain":0,"player_choice":"Obtained Relic","damage_taken":0,"relics_obtained":["StoneCalendar"],"max_hp_gain":0,"max_hp_loss":0,"event_name":"Addict","floor":28,"gold_loss":85},{"damage_healed":0,"gold_gain":0,"player_choice":"Got Potions","damage_taken":0,"max_hp_gain":0,"max_hp_loss":0,"event_name":"Lab","floor":30,"gold_loss":0},{"damage_healed":0,"gold_gain":0,"player_choice":"Trade","damage_taken":0,"relics_obtained":["GremlinMask"],"max_hp_gain":0,"max_hp_loss":0,"event_name":"FaceTrader","floor":37,"gold_loss":0},{"damage_healed":0,"gold_gain":0,"player_choice":"Ignored","damage_taken":0,"max_hp_gain":0,"max_hp_loss":0,"event_name":"Tomb of Lord Red Mask","floor":45,"gold_loss":0},{"cards_removed":["Reinforced Body"],"damage_healed":34,"gold_gain":0,"player_choice":"Offered Uncommon","damage_taken":0,"max_hp_gain":0,"max_hp_loss":0,"event_name":"Bonfire Elementals","floor":48,"gold_loss":0}],"is_beta":false,"boss_relics":[{"not_picked":["Snecko Eye","Ectoplasm"],"picked":"Astrolabe"},{"not_picked":["Fusion Hammer","Coffee Dripper"],"picked":"Inserter"}],"items_purged_floors":[29],"is_endless":false,"potions_floor_spawned":[3,5,6,16,20,25,27,33,36,46,47],"ascension_level":9}