{"gold_per_floor":[126,152,16,30,205,205,230,230,230,3,23,23,23,23,23,23],"floor_reached":16,"playtime":349,"items_purged":[],"score":142,"play_id":"dbab53ee-32c3-4c64-9d8e-9b15c9ffaef0","local_time":"20181206213046","is_ascension_mode":true,"campfire_choices":[{"data":"Echo Form","floor":6,"key":"SMITH"},{"floor":13,"key":"REST"},{"floor":15,"key":"REST"}],"neow_cost":"NONE","seed_source_timestamp":103818456865259,"circlet_count":0,"master_deck":["Strike_B","Strike_B","Strike_B","Strike_B","Defend_B","Defend_B","Defend_B","Defend_B","Zap","Dualcast","BootSequence","Melter","Echo Form+1","BootSequence","Fusion","Defragment"],"relics":["Cracked Core","MawBank","Unceasing Top","Pen Nib","The Courier","Membership Card","Mummified Hand"],"potions_floor_usage":[16],"damage_taken":[{"damage":1,"enemies":"Cultist","floor":1,"turns":3},{"damage":4,"enemies":"Small Slimes","floor":2,"turns":3},{"damage":2,"enemies":"Jaw Worm","floor":4,"turns":3},{"damage":22,"enemies":"Lagavulin","floor":7,"turns":8},{"damage":0,"enemies":"2 Fungi Beasts","floor":11,"turns":4},{"damage":58,"enemies":"The Guardian","floor":16,"turns":10}],"seed_played":"-7080434322693580695","potions_obtained":[{"floor":2,"key":"SpeedPotion"},{"floor":11,"key":"Weak Potion"}],"is_trial":false,"path_per_floor":["M","M","$","M","?","R","E","?","T","$","M","?","R","?","R","B"],"character_chosen":"DEFECT","items_purchased":["Echo Form","Defragment","Membership Card"],"campfire_rested":2,"item_purchase_floors":[3,10,10],"current_hp_per_floor":[67,63,63,61,61,61,39,39,39,39,39,39,61,36,58,0],"gold":23,"neow_bonus":"RANDOM_COMMON_RELIC","is_prod":false,"is_daily":false,"chose_seed":false,"campfire_upgraded":1,"win_rate":0,"timestamp":1544149846,"path_taken":["M","?","?","?","?","R","E","?","T","$","M","?","R","?","R","BOSS"],"build_version":"2018-12-06","purchased_purges":0,"victory":false,"max_hp_per_floor":[75,75,75,75,75,75,75,75,75,75,75,75,75,75,75,75],"card_choices":[{"not_picked":["Redo","Darkness"],"picked":"BootSequence","floor":1},{"not_picked":["Blizzard","Barrage"],"picked":"Melter","floor":2},{"not_picked":["Chill","Scrape"],"picked":"BootSequence","floor":4},{"not_picked":["Reinforced Body","Compile Driver"],"picked":"Fusion","floor":7},{"not_picked":["Compile Driver","Stack","Rebound"],"picked":"SKIP","floor":11}],"player_experience":623091,"relics_obtained":[{"floor":7,"key":"Unceasing Top"},{"floor":9,"key":"The Courier"}],"event_choices":[{"damage_healed":0,"gold_gain":175,"player_choice":"AGREE","damage_taken":0,"max_hp_gain":0,"max_hp_loss":0,"event_name":"Liars Game","floor":5,"gold_loss":0,"cards_obtained":["Doubt"]},{"damage_healed":0,"gold_gain":0,"player_choice":"Searched \u00272\u0027 times","damage_taken":0,"relics_obtained":["Pen Nib"],"max_hp_gain":0,"max_hp_loss":0,"event_name":"Dead Adventurer","floor":8,"gold_loss":0},{"cards_removed":["Doubt"],"damage_healed":0,"gold_gain":0,"player_choice":"Forget","damage_taken":0,"max_hp_gain":0,"max_hp_loss":0,"event_name":"Living Wall","floor":12,"gold_loss":0},{"damage_healed":0,"gold_gain":0,"player_choice":"Success","damage_taken":25,"relics_obtained":["Mummified Hand"],"max_hp_gain":0,"max_hp_loss":0,"event_name":"Scrap Ooze","floor":14,"gold_loss":0}],"is_beta":false,"boss_relics":[],"items_purged_floors":[],"is_endless":false,"potions_floor_spawned":[2,11],"killed_by":"The Guardian","ascension_level":9}