{"gold_per_floor":[112,287,287,61,78,106,125,50,76,76,89,119,119,131,131,227,227,246,521,534,534],"floor_reached":21,"playtime":598,"items_purged":["Doubt"],"score":321,"play_id":"59cde71d-f6ed-4eb8-9a2e-46d3baac0623","local_time":"20181224171632","is_ascension_mode":true,"campfire_choices":[{"data":"Lockon","floor":10,"key":"SMITH"},{"floor":13,"key":"REST"},{"data":"Reinforced Body","floor":15,"key":"SMITH"}],"neow_cost":"NONE","seed_source_timestamp":98155733142508,"circlet_count":0,"master_deck":["AscendersBane","Strike_B","Strike_B","Strike_B","Strike_B","Defend_B","Defend_B","Defend_B","Defend_B","Zap","Dualcast","Streamline","Reinforced Body+1","White Noise","Lockon+1","Gash","BootSequence","Reboot","Double Energy+1","Regret","Stack"],"relics":["Cracked Core","NeowsBlessing","Vajra","Medical Kit","Regal Pillow","Blood Vial","DataDisk","Inserter"],"potions_floor_usage":[11,16,16,21],"damage_taken":[{"damage":0,"enemies":"2 Louse","floor":1,"turns":1},{"damage":0,"enemies":"Jaw Worm","floor":5,"turns":1},{"damage":0,"enemies":"Lagavulin","floor":6,"turns":1},{"damage":0,"enemies":"Cultist","floor":7,"turns":3},{"damage":33,"enemies":"Gremlin Gang","floor":11,"turns":4},{"damage":13,"enemies":"3 Sentries","floor":12,"turns":5},{"damage":0,"enemies":"2 Fungi Beasts","floor":14,"turns":2},{"damage":33,"enemies":"Slime Boss","floor":16,"turns":6},{"damage":22,"enemies":"2 Thieves","floor":18,"turns":4},{"damage":33,"enemies":"Shell Parasite","floor":20,"turns":7},{"damage":32,"enemies":"Centurion and Healer","floor":21,"turns":5}],"seed_played":"6029931275377707814","potions_obtained":[{"floor":1,"key":"Strength Potion"},{"floor":6,"key":"LiquidBronze"},{"floor":11,"key":"Fire Potion"},{"floor":12,"key":"Fire Potion"},{"floor":18,"key":"EssenceOfSteel"},{"floor":20,"key":"Fire Potion"}],"is_trial":false,"path_per_floor":["M","?","T","$","M","E","M","$","T","R","M","E","R","M","R","B",null,"M","?","M","M"],"character_chosen":"DEFECT","items_purchased":["Medical Kit","Streamline"],"campfire_rested":1,"item_purchase_floors":[4,4],"current_hp_per_floor":[68,68,68,68,68,68,68,68,68,68,37,26,63,65,65,34,65,45,45,14,0],"gold":534,"neow_bonus":"THREE_ENEMY_KILL","is_prod":false,"is_daily":false,"chose_seed":false,"campfire_upgraded":2,"win_rate":0,"timestamp":1545689792,"path_taken":["M","?","?","?","?","E","?","$","T","R","?","E","R","M","R","BOSS","M","?","?","M"],"build_version":"2018-12-20","purchased_purges":1,"victory":false,"max_hp_per_floor":[75,75,75,75,75,75,75,75,75,75,75,75,75,75,75,75,75,75,75,75,75],"card_choices":[{"not_picked":["Hello World","Turbo","Fusion"],"picked":"SKIP","floor":1},{"not_picked":["Turbo","Doom and Gloom"],"picked":"Reinforced Body","floor":5},{"not_picked":["Barrage","Redo"],"picked":"White Noise","floor":6},{"not_picked":["Auto Shields","Barrage"],"picked":"Lockon","floor":7},{"not_picked":["Reinforced Body","Stack"],"picked":"Gash","floor":11},{"not_picked":["Darkness","Streamline"],"picked":"BootSequence","floor":12},{"not_picked":["Steam","Ball Lightning","Auto Shields"],"picked":"SKIP","floor":14},{"not_picked":["Meteor Strike","Fission"],"picked":"Reboot","floor":16},{"not_picked":["Go for the Eyes","Reinforced Body"],"picked":"Double Energy+1","floor":18},{"not_picked":["Cold Snap","Conserve Battery"],"picked":"Stack","floor":20}],"player_experience":659776,"relics_obtained":[{"floor":3,"key":"Vajra"},{"floor":6,"key":"Regal Pillow"},{"floor":9,"key":"Blood Vial"},{"floor":12,"key":"DataDisk"}],"event_choices":[{"damage_healed":0,"gold_gain":175,"player_choice":"AGREE","damage_taken":0,"max_hp_gain":0,"max_hp_loss":0,"event_name":"Liars Game","floor":2,"gold_loss":0,"cards_obtained":["Doubt"]},{"damage_healed":0,"gold_gain":275,"player_choice":"Desecrate","damage_taken":0,"max_hp_gain":0,"max_hp_loss":0,"event_name":"Golden Shrine","floor":19,"gold_loss":0,"cards_obtained":["Regret"]}],"is_beta":false,"boss_relics":[{"not_picked":["Tiny House","Philosopher\u0027s Stone"],"picked":"Inserter"}],"items_purged_floors":[8],"is_endless":false,"potions_floor_spawned":[1,6,11,12,18,20],"killed_by":"Centurion and Healer","ascension_level":10}