{"gold_per_floor":[118,118,182,202,217,242,242,257,257,257,274,294,63,131,131,231,231,251,264,46,106,156,156,156],"floor_reached":24,"playtime":8940,"items_purged":["Strike_B","Regret"],"score":303,"play_id":"e9a5d9c9-088d-423b-9aae-76dbc14159b1","local_time":"20181227190742","is_ascension_mode":true,"campfire_choices":[{"data":"Zap","floor":7,"key":"SMITH"},{"data":"Barrage","floor":10,"key":"SMITH"},{"floor":15,"key":"RECALL"},{"data":"Defragment","floor":23,"key":"SMITH"}],"neow_cost":"NONE","seed_source_timestamp":325768243661223,"circlet_count":0,"master_deck":["AscendersBane","Strike_B","Strike_B","Strike_B","Defend_B","Defend_B","Defend_B","Defend_B","Zap+1","Dualcast","Cold Snap","Leap","Ball Lightning","Barrage+1","Compile Driver","Redo","Coolheaded","Chaos","Streamline","Echo Form","Injury","Normality","BootSequence","Defragment+1","Fusion","Core Surge"],"special_seed":0,"relics":["Coffee Dripper","SsserpentHead","StoneCalendar","DataDisk","Orichalcum","Calling Bell","Boot","Question Card","Unceasing Top"],"potions_floor_usage":[12,16,16,16,16,19,24],"damage_taken":[{"damage":2.0,"enemies":"Jaw Worm","floor":1.0,"turns":4.0},{"damage":0.0,"enemies":"Cultist","floor":3.0,"turns":4.0},{"damage":2.0,"enemies":"2 Louse","floor":4.0,"turns":3.0},{"damage":1,"enemies":"Large Slime","floor":5,"turns":6},{"damage":9,"enemies":"3 Sentries","floor":6,"turns":7},{"damage":1,"enemies":"Blue Slaver","floor":8,"turns":3},{"damage":0,"enemies":"Exordium Wildlife","floor":11,"turns":3},{"damage":4,"enemies":"Red Slaver","floor":12,"turns":2},{"damage":3,"enemies":"Blue Slaver","floor":14,"turns":4},{"damage":1,"enemies":"The Guardian","floor":16,"turns":9},{"damage":9,"enemies":"Spheric Guardian","floor":18,"turns":4},{"damage":31,"enemies":"2 Thieves","floor":19,"turns":4},{"damage":27,"enemies":"Snake Plant","floor":21,"turns":4},{"damage":6,"enemies":"Centurion and Healer","floor":24,"turns":3}],"seed_played":"2880057668573241095","potions_obtained":[{"floor":1.0,"key":"Ancient Potion"},{"floor":4.0,"key":"EntropicBrew"},{"floor":6,"key":"PowerPotion"},{"floor":14,"key":"AttackPotion"},{"floor":19,"key":"FocusPotion"},{"floor":21,"key":"Swift Potion"}],"is_trial":false,"path_per_floor":["M","?","M","M","M","E","R","M","T","R","M","M","$","M","R","B",null,"M","M","$","M","?","R","M"],"character_chosen":"DEFECT","items_purchased":["Orichalcum","Defragment","Fusion"],"campfire_rested":0,"item_purchase_floors":[13,20,20],"current_hp_per_floor":[66,66,66,64,63,54,54,53,53,53,53,49,49,46,46,45,68,59,28,28,1,1,1,0],"gold":156,"neow_bonus":"BOSS_RELIC","is_prod":false,"is_daily":false,"chose_seed":false,"campfire_upgraded":3,"win_rate":0,"timestamp":1545955662,"path_taken":["M","?","?","M","M","E","R","M","T","R","M","M","$","?","R","BOSS","M","M","$","?","?","R","M"],"build_version":"2018-12-20","purchased_purges":2,"victory":false,"max_hp_per_floor":[75,75,75,75,75,75,75,75,75,75,75,75,75,75,75,75,75,75,75,75,75,75,75,75],"card_choices":[{"not_picked":["Rip and Tear","Undo"],"picked":"Cold Snap","floor":1.0},{"not_picked":["Barrage","Stack"],"picked":"Leap","floor":3.0},{"not_picked":["Beam Cell","Steam"],"picked":"Ball Lightning","floor":4.0},{"not_picked":["Redo","Meteor Strike"],"picked":"Barrage","floor":5},{"not_picked":["Beam Cell","Double Energy"],"picked":"Compile Driver","floor":6},{"not_picked":["Rip and Tear","Tempest"],"picked":"Redo","floor":8},{"not_picked":["Ball Lightning","Compile Driver"],"picked":"Coolheaded","floor":11},{"not_picked":["Redo","Blizzard"],"picked":"Chaos","floor":12},{"not_picked":["Leap","Ball Lightning"],"picked":"Streamline","floor":14},{"not_picked":["Multi-Cast","Rainbow"],"picked":"Echo Form","floor":16},{"not_picked":["Hologram+1","Barrage+1","Undo"],"picked":"BootSequence","floor":18},{"not_picked":["Leap","Lockon","Sweeping Beam","Ball Lightning"],"picked":"SKIP","floor":19},{"not_picked":["Skim","Gash","Tempest+1"],"picked":"Core Surge","floor":21}],"player_experience":676197,"relics_obtained":[{"floor":6,"key":"StoneCalendar"},{"floor":9,"key":"DataDisk"},{"floor":17,"key":"Boot"},{"floor":17,"key":"Question Card"},{"floor":17,"key":"Unceasing Top"}],"event_choices":[{"damage_healed":0.0,"max_hp_gain":0.0,"max_hp_loss":0.0,"gold_gain":0.0,"event_name":"FaceTrader","player_choice":"Trade","floor":2.0,"gold_loss":0.0,"damage_taken":0.0,"relics_obtained":["SsserpentHead"]},{"damage_healed":0,"gold_gain":0,"player_choice":"Ignored","damage_taken":0,"max_hp_gain":0,"max_hp_loss":0,"event_name":"Cursed Tome","floor":22,"gold_loss":0}],"is_beta":false,"boss_relics":[{"not_picked":["Velvet Choker","Philosopher\u0027s Stone"],"picked":"Calling Bell"}],"items_purged_floors":[13,20],"is_endless":false,"potions_floor_spawned":[1,4,6,14,19,21],"killed_by":"Centurion and Healer","ascension_level":10}