{"gold_per_floor":[111,111,124,124,137,137,164,164,164,192,35,53,68,68,68,68],"floor_reached":16,"playtime":10135,"items_purged":["Pain"],"score":165,"play_id":"f0c17f6e-6403-4e7c-95de-6bb4e9b8c5e6","local_time":"20181226194448","is_ascension_mode":true,"campfire_choices":[{"data":"Zap","floor":6,"key":"SMITH"},{"floor":8,"key":"REST"},{"floor":15,"key":"REST"}],"neow_cost":"NONE","seed_source_timestamp":98763025565657,"circlet_count":0,"master_deck":["AscendersBane","Strike_B","Strike_B+1","Strike_B","Strike_B","Defend_B","Defend_B","Defend_B+1","Defend_B","Zap+1","Dualcast","Go for the Eyes+1","Gash+1","Reprogram","Rebound","Flash of Steel","Beam Cell"],"relics":["Runic Dome","WarpedTongs","Thread and Needle","Kunai","Whetstone","SsserpentHead"],"potions_floor_usage":[10,16],"damage_taken":[{"damage":0,"enemies":"Small Slimes","floor":1,"turns":3},{"damage":2,"enemies":"Cultist","floor":3,"turns":4},{"damage":1,"enemies":"2 Louse","floor":5,"turns":3},{"damage":9,"enemies":"Lagavulin","floor":7,"turns":8},{"damage":37,"enemies":"3 Sentries","floor":10,"turns":8},{"damage":0,"enemies":"Lots of Slimes","floor":12,"turns":3},{"damage":2,"enemies":"Gremlin Gang","floor":13,"turns":4},{"damage":60,"enemies":"Slime Boss","floor":16,"turns":8}],"seed_played":"-6060851860471977642","potions_obtained":[{"floor":7,"key":"SkillPotion"},{"floor":10,"key":"Block Potion"},{"floor":13,"key":"Ancient Potion"}],"is_trial":false,"path_per_floor":["M","?","M","?","M","R","E","R","T","E","$","M","M","?","R","B"],"character_chosen":"DEFECT","items_purchased":["Flash of Steel"],"campfire_rested":2,"item_purchase_floors":[11],"current_hp_per_floor":[68,53,51,51,50,50,41,63,63,26,26,26,24,24,46,0],"gold":68,"neow_bonus":"BOSS_RELIC","is_prod":false,"is_daily":false,"chose_seed":false,"campfire_upgraded":1,"win_rate":0,"timestamp":1545871488,"path_taken":["M","?","M","?","?","R","E","R","T","E","$","M","M","?","R","BOSS"],"build_version":"2018-12-20","purchased_purges":1,"victory":false,"max_hp_per_floor":[75,75,75,75,75,75,75,75,75,75,75,75,75,75,75,75],"card_choices":[{"not_picked":["Hologram","Doom and Gloom"],"picked":"Go for the Eyes","floor":1},{"not_picked":["Go for the Eyes","Beam Cell"],"picked":"Gash","floor":3},{"not_picked":["Barrage","Sunder"],"picked":"Reprogram","floor":5},{"not_picked":["Tempest","Cold Snap","Blizzard"],"picked":"SKIP","floor":7},{"not_picked":["Fusion","Reinforced Body"],"picked":"Rebound","floor":10},{"not_picked":["Ball Lightning","Storm"],"picked":"Beam Cell","floor":12},{"not_picked":["Rip and Tear","Ball Lightning","Buffer"],"picked":"SKIP","floor":13}],"player_experience":660374,"relics_obtained":[{"floor":7,"key":"Thread and Needle"},{"floor":9,"key":"Kunai"},{"floor":10,"key":"Whetstone"}],"event_choices":[{"damage_healed":0,"gold_gain":0,"player_choice":"Entered Light","damage_taken":15,"max_hp_gain":0,"max_hp_loss":0,"event_name":"Shining Light","floor":2,"gold_loss":0,"cards_upgraded":["Defend_B","Go for the Eyes"]},{"damage_healed":0,"gold_gain":0,"player_choice":"Rummage","damage_taken":0,"relics_obtained":["WarpedTongs"],"max_hp_gain":0,"max_hp_loss":0,"event_name":"Accursed Blacksmith","floor":4,"gold_loss":0,"cards_obtained":["Pain"]},{"damage_healed":0,"gold_gain":0,"player_choice":"Trade","damage_taken":0,"relics_obtained":["SsserpentHead"],"max_hp_gain":0,"max_hp_loss":0,"event_name":"FaceTrader","floor":14,"gold_loss":0}],"is_beta":false,"boss_relics":[],"items_purged_floors":[11],"is_endless":false,"potions_floor_spawned":[7,10,13],"killed_by":"Slime Boss","ascension_level":10}