{"gold_per_floor":[409,409,428,48,61,93,93,106,130,130,159,159,234,250,250,352,352,370,370,370,29,42,42,55,75,128,128,128,128],"floor_reached":29,"playtime":1294,"items_purged":["Defend_B","Strike_B"],"score":335,"play_id":"e9c9442a-3c40-4854-9f43-1110f795fb60","local_time":"20181224000511","is_ascension_mode":true,"campfire_choices":[{"data":"Loop","floor":7,"key":"SMITH"},{"data":"Redo","floor":10,"key":"SMITH"},{"floor":12,"key":"REST"},{"floor":15,"key":"REST"},{"floor":23,"key":"REST"},{"floor":28,"key":"REST"}],"neow_cost":"TEN_PERCENT_HP_LOSS","seed_source_timestamp":35577785712894,"circlet_count":0,"master_deck":["AscendersBane","Strike_B","Strike_B","Defend_B","Defend_B","Defend_B+1","Zap","Dualcast","Ball Lightning","Redo+1","Loop+1","Glacier","Beam Cell","Blizzard","Defragment","Static Discharge","Amplify","Storm","FTL","FTL","Scrape","Cold Snap+1","Jack Of All Trades","Force Field+1","BootSequence"],"relics":["Cracked Core","Old Coin","Regal Pillow","Oddly Smooth Stone","Bag of Marbles","Odd Mushroom","Orrery","Enchiridion","Potion Belt","War Paint"],"potions_floor_usage":[11,22,22,29],"damage_taken":[{"damage":0,"enemies":"Small Slimes","floor":1,"turns":3},{"damage":2,"enemies":"2 Louse","floor":3,"turns":2},{"damage":0,"enemies":"Jaw Worm","floor":5,"turns":3},{"damage":18,"enemies":"Gremlin Nob","floor":6,"turns":5},{"damage":0,"enemies":"2 Fungi Beasts","floor":8,"turns":3},{"damage":16,"enemies":"The Mushroom Lair","floor":11,"turns":4},{"damage":18,"enemies":"Large Slime","floor":14,"turns":3},{"damage":6,"enemies":"The Guardian","floor":16,"turns":10},{"damage":40,"enemies":"2 Thieves","floor":18,"turns":4},{"damage":8,"enemies":"Shell Parasite","floor":22,"turns":5},{"damage":17,"enemies":"Snecko","floor":24,"turns":5},{"damage":19,"enemies":"Sentry and Sphere","floor":25,"turns":4},{"damage":36,"enemies":"Slavers","floor":29,"turns":3}],"seed_played":"3451166604473799397","potions_obtained":[{"floor":1,"key":"EssenceOfSteel"},{"floor":6,"key":"AttackPotion"},{"floor":14,"key":"Weak Potion"},{"floor":25,"key":"EssenceOfSteel"}],"is_trial":false,"path_per_floor":["M","?","M","$","M","E","R","M","T","R","?","R","?","M","R","B",null,"M","?","?","$","M","R","M","M","T","?","R","E"],"character_chosen":"DEFECT","items_purchased":["Regal Pillow","Loop","Glacier","Potion Belt","Jack Of All Trades"],"campfire_rested":4,"item_purchase_floors":[4,4,4,21,21],"current_hp_per_floor":[68,61,59,59,59,41,41,41,41,41,25,60,49,31,66,60,66,26,26,10,10,2,37,20,1,1,1,36,0],"gold":128,"neow_bonus":"ONE_RARE_RELIC","is_prod":false,"is_daily":false,"chose_seed":false,"campfire_upgraded":2,"win_rate":0,"timestamp":1545627911,"path_taken":["M","?","M","$","M","E","R","M","T","R","?","R","?","M","R","BOSS","M","?","?","$","M","R","M","M","T","?","R","E"],"build_version":"2018-12-20","purchased_purges":2,"victory":false,"max_hp_per_floor":[68,68,68,68,68,68,68,68,68,68,68,68,68,68,68,68,68,68,68,68,68,68,68,68,68,68,68,68,68],"card_choices":[{"not_picked":["Double Energy","Beam Cell"],"picked":"Ball Lightning","floor":1},{"not_picked":["Rip and Tear","Darkness"],"picked":"Redo","floor":3},{"not_picked":["Streamline","Compile Driver","Conserve Battery"],"picked":"SKIP","floor":5},{"not_picked":["Force Field","Steam"],"picked":"Beam Cell","floor":6},{"not_picked":["Sweeping Beam","Leap"],"picked":"Blizzard","floor":8},{"not_picked":["Recycle","Gash"],"picked":"Defragment","floor":11},{"not_picked":["Hologram","Cold Snap"],"picked":"Static Discharge","floor":14},{"not_picked":["Multi-Cast","Fission"],"picked":"Amplify","floor":16},{"not_picked":["Gash","Genetic Algorithm"],"picked":"Storm","floor":17},{"not_picked":["Rebound","Cold Snap"],"picked":"FTL","floor":17},{"not_picked":["Redo","Gash"],"picked":"FTL","floor":17},{"not_picked":["Go for the Eyes","Hologram"],"picked":"Scrape","floor":17},{"not_picked":["Streamline","Rebound"],"picked":"Cold Snap+1","floor":18},{"not_picked":["Auto Shields+1","Leap"],"picked":"Force Field","floor":22},{"not_picked":["Sweeping Beam","Steam","Rip and Tear"],"picked":"SKIP","floor":24},{"not_picked":["Turbo","Static Discharge"],"picked":"BootSequence","floor":25}],"player_experience":655243,"relics_obtained":[{"floor":6,"key":"Oddly Smooth Stone"},{"floor":9,"key":"Bag of Marbles"},{"floor":11,"key":"Odd Mushroom"},{"floor":20,"key":"Enchiridion"},{"floor":26,"key":"War Paint"}],"event_choices":[{"cards_removed":["Strike_B"],"damage_healed":0,"gold_gain":0,"player_choice":"Card Removal","damage_taken":7,"max_hp_gain":0,"max_hp_loss":0,"event_name":"Golden Wing","floor":2,"gold_loss":0},{"damage_healed":0,"gold_gain":0,"player_choice":"Fought Mushrooms","damage_taken":0,"max_hp_gain":0,"max_hp_loss":0,"event_name":"Mushrooms","floor":11,"gold_loss":0},{"damage_healed":0,"gold_gain":75,"player_choice":"Gather Gold","damage_taken":11,"max_hp_gain":0,"max_hp_loss":0,"event_name":"World of Goop","floor":13,"gold_loss":0},{"damage_healed":0,"gold_gain":0,"player_choice":"Ignored","damage_taken":0,"max_hp_gain":0,"max_hp_loss":0,"event_name":"Ghosts","floor":19,"gold_loss":0},{"damage_healed":0,"gold_gain":0,"player_choice":"Obtained Book","damage_taken":16,"max_hp_gain":0,"max_hp_loss":0,"event_name":"Cursed Tome","floor":20,"gold_loss":0},{"damage_healed":0,"gold_gain":0,"player_choice":"Ignored","damage_taken":0,"max_hp_gain":0,"max_hp_loss":0,"event_name":"Vampires","floor":27,"gold_loss":0}],"is_beta":false,"boss_relics":[{"not_picked":["White Beast Statue","Eternal Feather"],"picked":"Orrery"}],"items_purged_floors":[4,21],"is_endless":false,"potions_floor_spawned":[1,6,14,25],"killed_by":"Slavers","ascension_level":10}