{"gold_per_floor":[116,291,366,366,53,53,111,111,111,138,154,4,14,30,30,129,129,148,2,13,13,13,13,13,42,42,61,61,77,87,87,87,188,238,249,249],"floor_reached":36,"playtime":1895,"items_purged":["Regret"],"score":585,"play_id":"c9bb85ec-ca50-44bb-be20-25b6facf4668","local_time":"20181226215959","is_ascension_mode":true,"campfire_choices":[{"data":"Apotheosis","floor":6,"key":"SMITH"},{"floor":8,"key":"REST"},{"floor":15,"key":"REST"},{"floor":23,"key":"REST"},{"floor":32,"key":"REST"}],"neow_cost":"CURSE","seed_source_timestamp":286668540084832,"circlet_count":0,"master_deck":["AscendersBane","Strike_B","Strike_B","Strike_B","Strike_B","Defend_B","Defend_B","Defend_B","Defend_B","Zap","Dualcast","Purity","Jack Of All Trades","Decay","Loop","Apotheosis+1","Defragment+1","Reboot","Rainbow","Force Field","Coolheaded","Hologram","Echo Form+1","Stack+1","Decay","Storm+1","Meteor Strike","Scrape","Echo Form+1","Stack","Gash"],"relics":["Cracked Core","Dead Branch","Tiny Chest","Unceasing Top","Frozen Egg 2","Art of War","Snecko Eye","PreservedInsect","Calipers","Meat on the Bone","Tiny House"],"potions_floor_usage":[18,18,20,25,29,30,35],"damage_taken":[{"damage":5,"enemies":"2 Louse","floor":1,"turns":2},{"damage":24,"enemies":"3 Sentries","floor":7,"turns":6},{"damage":12,"enemies":"Lagavulin","floor":10,"turns":6},{"damage":2,"enemies":"Jaw Worm","floor":11,"turns":4},{"damage":1,"enemies":"Cultist","floor":13,"turns":4},{"damage":2,"enemies":"Large Slime","floor":14,"turns":4},{"damage":18,"enemies":"Slime Boss","floor":16,"turns":8},{"damage":21,"enemies":"2 Thieves","floor":18,"turns":5},{"damage":13,"enemies":"Shell Parasite","floor":20,"turns":7},{"damage":32,"enemies":"Book of Stabbing","floor":25,"turns":6},{"damage":20,"enemies":"Centurion and Healer","floor":27,"turns":6},{"damage":9,"enemies":"Cultist and Chosen","floor":29,"turns":7},{"damage":12,"enemies":"Chosen and Byrds","floor":30,"turns":5},{"damage":31,"enemies":"Collector","floor":33,"turns":10},{"damage":40,"enemies":"3 Darklings","floor":35,"turns":5},{"damage":57,"enemies":"2 Orb Walkers","floor":36,"turns":4}],"seed_played":"-8591007780695057640","potions_obtained":[{"floor":7,"key":"EssenceOfSteel"},{"floor":11,"key":"Ancient Potion"},{"floor":13,"key":"EssenceOfSteel"},{"floor":18,"key":"Weak Potion"},{"floor":20,"key":"Energy Potion"},{"floor":25,"key":"SpeedPotion"},{"floor":30,"key":"Ancient Potion"},{"floor":33,"key":"Fire Potion"},{"floor":34,"key":"FearPotion"}],"is_trial":false,"path_per_floor":["M","?","?","?","$","R","E","R","T","E","M","$","M","M","R","B",null,"M","$","M","?","$","R","?","E","T","M","$","M","M","?","R","B",null,"M","?"],"character_chosen":"DEFECT","items_purchased":["Apotheosis","Defragment","Art of War","PreservedInsect"],"campfire_rested":4,"item_purchase_floors":[5,5,12,19],"current_hp_per_floor":[63,63,52,52,52,52,28,50,50,38,36,36,35,33,55,37,66,45,45,32,32,32,54,54,22,22,14,14,17,17,17,39,20,66,38,0],"gold":249,"neow_bonus":"RANDOM_COLORLESS_2","is_prod":false,"is_daily":false,"chose_seed":false,"campfire_upgraded":1,"win_rate":0,"timestamp":1545879599,"path_taken":["M","?","?","?","$","R","E","R","T","E","M","?","M","M","R","BOSS","M","$","?","?","?","R","?","E","T","M","$","M","M","?","R","BOSS","M","?"],"build_version":"2018-12-20","purchased_purges":1,"victory":false,"max_hp_per_floor":[75,75,75,75,75,75,75,75,75,75,75,75,75,75,75,75,75,75,75,75,75,75,75,75,75,75,75,75,75,75,75,75,75,80,80,80],"card_choices":[{"not_picked":["Stack","Redo"],"picked":"Loop","floor":1},{"not_picked":["Heatsinks","Barrage"],"picked":"Reboot","floor":7},{"not_picked":["Sweeping Beam","Go for the Eyes"],"picked":"Rainbow","floor":10},{"not_picked":["Steam","Capacitor+1"],"picked":"Force Field","floor":11},{"not_picked":["Hello World+1","Leap"],"picked":"Coolheaded","floor":13},{"not_picked":["Reprogram","Rebound"],"picked":"Hologram","floor":14},{"not_picked":["Fission","Multi-Cast"],"picked":"Echo Form+1","floor":16},{"not_picked":["Steam","Glacier+1"],"picked":"Stack+1","floor":18},{"not_picked":["Redo","Melter+1","Ball Lightning"],"picked":"SKIP","floor":20},{"not_picked":["Rebound","Lockon","Cold Snap"],"picked":"SKIP","floor":25},{"not_picked":["Cold Snap","Conserve Battery"],"picked":"Storm+1","floor":27},{"not_picked":["Steam","Cold Snap+1"],"picked":"Meteor Strike","floor":29},{"not_picked":["Gash+1","Go for the Eyes"],"picked":"Scrape","floor":30},{"not_picked":["Hyperbeam","Biased Cognition+1"],"picked":"Echo Form+1","floor":33},{"not_picked":["Leap","Glacier"],"picked":"Stack","floor":34},{"not_picked":["Undo","Conserve Battery+1"],"picked":"Gash","floor":35}],"player_experience":672632,"relics_obtained":[{"floor":7,"key":"Tiny Chest"},{"floor":9,"key":"Unceasing Top"},{"floor":10,"key":"Frozen Egg 2"},{"floor":25,"key":"Calipers"},{"floor":26,"key":"Meat on the Bone"}],"event_choices":[{"damage_healed":0,"gold_gain":175,"player_choice":"AGREE","damage_taken":0,"max_hp_gain":0,"max_hp_loss":0,"event_name":"Liars Game","floor":2,"gold_loss":0,"cards_obtained":["Doubt"]},{"damage_healed":0,"gold_gain":75,"player_choice":"Gather Gold","damage_taken":11,"max_hp_gain":0,"max_hp_loss":0,"event_name":"World of Goop","floor":3,"gold_loss":0},{"damage_healed":0,"gold_gain":0,"player_choice":"Box","damage_taken":0,"relics_obtained":["Dead Branch"],"max_hp_gain":0,"max_hp_loss":0,"event_name":"Big Fish","floor":4,"gold_loss":0,"cards_obtained":["Regret"]},{"damage_healed":0,"gold_gain":0,"player_choice":"Cursed","damage_taken":0,"max_hp_gain":0,"max_hp_loss":0,"event_name":"Wheel of Change","floor":21,"gold_loss":0,"cards_obtained":["Decay"]},{"damage_healed":0,"gold_gain":0,"player_choice":"Ignored","damage_taken":0,"max_hp_gain":0,"max_hp_loss":0,"event_name":"Beggar","floor":24,"gold_loss":0},{"cards_removed":["Doubt"],"damage_healed":0,"gold_gain":0,"player_choice":"Elegance","damage_taken":0,"max_hp_gain":0,"max_hp_loss":0,"event_name":"Back to Basics","floor":31,"gold_loss":0},{"damage_healed":0,"gold_gain":0,"player_choice":"Fight","damage_taken":0,"max_hp_gain":0,"max_hp_loss":0,"event_name":"Mysterious Sphere","floor":36,"gold_loss":0}],"is_beta":false,"boss_relics":[{"not_picked":["Sozu","Inserter"],"picked":"Snecko Eye"},{"not_picked":["Coffee Dripper","FrozenCore"],"picked":"Tiny House"}],"items_purged_floors":[5],"is_endless":false,"potions_floor_spawned":[7,11,13,16,18,20,25,30,33],"killed_by":"2 Orb Walkers","ascension_level":10}