{"gold_per_floor":[115,133,145,145,155,188,199,217,293,293,307,325,339,358,358,455,455,455,256,256,149,149,149],"floor_reached":23,"playtime":1128,"items_purged":[],"score":302,"play_id":"08a5d7fa-7946-454d-bbf6-92a24b7f8b68","local_time":"20190101134752","is_ascension_mode":true,"campfire_choices":[{"floor":15,"key":"REST"}],"neow_cost":"NONE","seed_source_timestamp":81847023844615,"circlet_count":0,"master_deck":["AscendersBane","Strike_B","Strike_B","Strike_B","Defend_B","Defend_B","Defend_B","Defend_B","Zap","Dualcast","FTL","Beam Cell","Sunder","Skim","White Noise","Defragment","Redo","Hyperbeam","Go for the Eyes","Force Field","Storm","Static Discharge","Self Repair","Creative AI","White Noise","Barrage","Consume","Capacitor","Coolheaded","Leap"],"relics":["Cracked Core","Art of War","Vajra","Blue Candle","Prayer Wheel","Ectoplasm","Toolbox"],"potions_floor_usage":[6,6,12,16,16],"damage_taken":[{"damage":1,"enemies":"Cultist","floor":1,"turns":3},{"damage":3,"enemies":"Jaw Worm","floor":2,"turns":4},{"damage":10,"enemies":"Small Slimes","floor":3,"turns":3},{"damage":3,"enemies":"Blue Slaver","floor":5,"turns":3},{"damage":25,"enemies":"Lagavulin","floor":6,"turns":6},{"damage":14,"enemies":"Exordium Wildlife","floor":7,"turns":5},{"damage":2,"enemies":"Looter","floor":8,"turns":3},{"damage":0,"enemies":"Large Slime","floor":11,"turns":2},{"damage":0,"enemies":"Exordium Wildlife","floor":12,"turns":3},{"damage":5,"enemies":"Blue Slaver","floor":13,"turns":3},{"damage":1,"enemies":"3 Louse","floor":14,"turns":2},{"damage":28,"enemies":"The Guardian","floor":16,"turns":9},{"damage":33,"enemies":"Spheric Guardian","floor":18,"turns":4},{"damage":3,"enemies":"3 Byrds","floor":20,"turns":1},{"damage":18,"enemies":"Snake Plant","floor":22,"turns":4},{"damage":23,"enemies":"Gremlin Leader","floor":23,"turns":2}],"seed_played":"-1821013536457686776","potions_obtained":[{"floor":1,"key":"Swift Potion"},{"floor":2,"key":"Weak Potion"},{"floor":6,"key":"Regen Potion"},{"floor":8,"key":"EssenceOfSteel"},{"floor":12,"key":"LiquidBronze"},{"floor":14,"key":"Dexterity Potion"}],"is_trial":false,"path_per_floor":["M","M","M","?","M","E","M","M","T","T","M","M","M","M","R","B",null,"M","$","M","$","M","E"],"character_chosen":"DEFECT","items_purchased":["Toolbox","Consume","Capacitor"],"campfire_rested":1,"item_purchase_floors":[19,21,21],"current_hp_per_floor":[67,64,54,54,51,26,12,10,10,10,10,10,5,4,26,20,61,35,35,32,32,21,0],"gold":149,"neow_bonus":"RANDOM_COMMON_RELIC","is_prod":false,"is_daily":false,"chose_seed":false,"campfire_upgraded":0,"win_rate":0,"timestamp":1546368472,"path_taken":["M","?","?","?","M","E","M","M","T","?","M","M","M","M","R","BOSS","M","$","M","$","M","E"],"build_version":"2018-12-20","purchased_purges":0,"victory":false,"max_hp_per_floor":[75,75,75,75,75,75,75,75,75,75,75,75,75,75,75,75,75,75,75,75,75,75,75],"card_choices":[{"not_picked":["Lockon","Redo"],"picked":"FTL","floor":1},{"not_picked":["Sweeping Beam","Heatsinks"],"picked":"Beam Cell","floor":2},{"not_picked":["Stack","Streamline"],"picked":"Sunder","floor":3},{"not_picked":["Darkness","Genetic Algorithm"],"picked":"White Noise","floor":5},{"not_picked":["Hologram","Stack"],"picked":"Defragment","floor":6},{"not_picked":["Stack","Cold Snap"],"picked":"Redo","floor":7},{"not_picked":["Hello World","Turbo","Beam Cell"],"picked":"SKIP","floor":8},{"not_picked":["Recycle","Turbo"],"picked":"Hyperbeam","floor":11},{"not_picked":["Genetic Algorithm","Leap"],"picked":"Go for the Eyes","floor":11},{"not_picked":["Rebound","Turbo"],"picked":"Force Field","floor":12},{"not_picked":["Leap","Stack"],"picked":"Storm","floor":12},{"not_picked":["Gash","Turbo"],"picked":"Static Discharge","floor":13},{"not_picked":["Hologram","Sunder","Go for the Eyes"],"picked":"SKIP","floor":13},{"not_picked":["Turbo","Blizzard"],"picked":"Self Repair","floor":14},{"not_picked":["Cold Snap","Streamline","Undo"],"picked":"SKIP","floor":14},{"not_picked":["Seek","Rainbow"],"picked":"Creative AI","floor":16},{"not_picked":["Streamline","Turbo+1"],"picked":"White Noise","floor":18},{"not_picked":["Go for the Eyes+1","Reprogram"],"picked":"Barrage","floor":18},{"not_picked":["Melter","Compile Driver","Sweeping Beam"],"picked":"SKIP","floor":20},{"not_picked":["Steam+1","Rebound","Cold Snap"],"picked":"SKIP","floor":20},{"not_picked":["Compile Driver","Rebound"],"picked":"Coolheaded","floor":22},{"not_picked":["Turbo","Storm"],"picked":"Leap","floor":22}],"player_experience":695963,"relics_obtained":[{"floor":6,"key":"Vajra"},{"floor":9,"key":"Blue Candle"},{"floor":10,"key":"Prayer Wheel"}],"event_choices":[{"damage_healed":0,"gold_gain":0,"cards_transformed":["Strike_B"],"player_choice":"Change","damage_taken":0,"max_hp_gain":0,"max_hp_loss":0,"event_name":"Living Wall","floor":4,"gold_loss":0,"cards_obtained":["Skim"]}],"is_beta":false,"boss_relics":[{"not_picked":["Runic Pyramid","FrozenCore"],"picked":"Ectoplasm"}],"items_purged_floors":[],"is_endless":false,"potions_floor_spawned":[1,2,6,8,12,14],"killed_by":"Gremlin Leader","ascension_level":10}