{"gold_per_floor":[117,127,144,156,156,156,170,170,170,170,190,190,220,12,12,114,114,125,144,144,71,88,88,123,73,73,73,86,185,185,198,198,198],"floor_reached":33,"playtime":1388,"items_purged":["Strike_B"],"score":401,"play_id":"2a037f37-f495-4609-8ac8-6530f58e1d41","local_time":"20190104204733","is_ascension_mode":true,"campfire_choices":[{"data":"Zap","floor":6,"key":"SMITH"},{"floor":8,"key":"REST"},{"data":"Beam Cell","floor":12,"key":"SMITH"},{"data":"Panacea","floor":15,"key":"SMITH"},{"floor":23,"key":"REST"},{"floor":32,"key":"REST"}],"neow_cost":"NONE","seed_source_timestamp":365976693757501,"circlet_count":0,"master_deck":["AscendersBane","Strike_B","Defend_B","Defend_B","Defend_B","Defend_B","Zap+1","Dualcast","Go for the Eyes","Beam Cell+1","Double Energy","Hologram+1","Barrage","Melter","Panacea+1","Leap","Scrape","Streamline","Ball Lightning","Streamline+1","Stack","Hologram","Static Discharge","Sweeping Beam","Storm","Stack"],"relics":["Busted Crown","FossilizedHelix","Bird Faced Urn","Pocketwatch","Empty Cage","CultistMask","Prayer Wheel","Pen Nib","Mummified Hand"],"potions_floor_usage":[18,18,24,24,24,24,24,28],"damage_taken":[{"damage":10,"enemies":"Small Slimes","floor":1,"turns":3},{"damage":0,"enemies":"Cultist","floor":2,"turns":4},{"damage":0,"enemies":"2 Louse","floor":3,"turns":3},{"damage":2,"enemies":"Exordium Thugs","floor":4,"turns":4},{"damage":17,"enemies":"Large Slime","floor":7,"turns":7},{"damage":5,"enemies":"Exordium Wildlife","floor":11,"turns":6},{"damage":15,"enemies":"3 Sentries","floor":13,"turns":8},{"damage":29,"enemies":"Hexaghost","floor":16,"turns":8},{"damage":13,"enemies":"3 Byrds","floor":18,"turns":6},{"damage":4,"enemies":"Shell Parasite","floor":19,"turns":6},{"damage":6,"enemies":"Chosen and Byrds","floor":22,"turns":6},{"damage":33,"enemies":"Gremlin Leader","floor":24,"turns":7},{"damage":12,"enemies":"Snecko","floor":28,"turns":5},{"damage":8,"enemies":"Snake Plant","floor":31,"turns":4},{"damage":34,"enemies":"Collector","floor":33,"turns":6}],"seed_played":"397315776488446510","potions_obtained":[{"floor":2,"key":"AttackPotion"},{"floor":13,"key":"Poison Potion"},{"floor":16,"key":"EssenceOfSteel"},{"floor":19,"key":"EntropicBrew"},{"floor":22,"key":"Ancient Potion"},{"floor":24,"key":"Weak Potion"}],"is_trial":false,"path_per_floor":["M","M","M","M","?","R","M","R","T","?","M","R","E","$","R","B",null,"M","M","?","$","M","R","E","$","T","?","M","?","?","M","R","B"],"character_chosen":"DEFECT","items_purchased":["Melter","Panacea","Streamline","Ball Lightning","Hologram"],"campfire_rested":3,"item_purchase_floors":[14,14,21,21,25],"current_hp_per_floor":[58,58,58,56,56,56,39,61,61,61,56,56,41,41,41,12,59,46,42,42,42,36,58,25,25,25,25,13,13,13,7,29,0],"gold":198,"neow_bonus":"BOSS_RELIC","is_prod":false,"is_daily":false,"chose_seed":false,"campfire_upgraded":3,"win_rate":0,"timestamp":1546652853,"path_taken":["M","M","M","M","?","R","?","R","T","?","M","R","E","$","R","BOSS","M","M","?","?","M","R","E","$","T","?","?","?","?","M","R","BOSS"],"build_version":"2019-01-03v4","purchased_purges":1,"victory":false,"max_hp_per_floor":[75,75,75,75,75,75,75,75,75,75,75,75,75,75,75,75,75,75,75,75,75,75,75,75,75,75,75,75,75,75,75,75,75],"card_choices":[{"not_picked":[],"picked":"Go for the Eyes","floor":1},{"not_picked":[],"picked":"Beam Cell","floor":2},{"not_picked":[],"picked":"Rebound","floor":3},{"not_picked":[],"picked":"Double Energy","floor":4},{"not_picked":[],"picked":"Hologram","floor":7},{"not_picked":["Recycle"],"picked":"SKIP","floor":11},{"not_picked":[],"picked":"Barrage","floor":13},{"not_picked":[],"picked":"Leap","floor":18},{"not_picked":[],"picked":"Scrape","floor":19},{"not_picked":[],"picked":"Streamline+1","floor":22},{"not_picked":[],"picked":"Stack","floor":24},{"not_picked":[],"picked":"Static Discharge","floor":28},{"not_picked":[],"picked":"Sweeping Beam","floor":28},{"not_picked":[],"picked":"Storm","floor":31},{"not_picked":[],"picked":"Stack","floor":31}],"player_experience":700772,"relics_obtained":[{"floor":9,"key":"Bird Faced Urn"},{"floor":13,"key":"Pocketwatch"},{"floor":24,"key":"Prayer Wheel"},{"floor":26,"key":"Pen Nib"}],"event_choices":[{"cards_removed":["Rebound"],"damage_healed":0,"gold_gain":0,"player_choice":"Gave Card","damage_taken":0,"relics_obtained":["FossilizedHelix"],"max_hp_gain":0,"max_hp_loss":0,"event_name":"WeMeetAgain","floor":5,"gold_loss":0},{"damage_healed":0,"gold_gain":0,"player_choice":"Upgraded","damage_taken":0,"max_hp_gain":0,"max_hp_loss":0,"event_name":"Upgrade Shrine","floor":10,"gold_loss":0,"cards_upgraded":["Hologram"]},{"damage_healed":0,"gold_gain":0,"player_choice":"Trade","damage_taken":0,"relics_obtained":["CultistMask"],"max_hp_gain":0,"max_hp_loss":0,"event_name":"FaceTrader","floor":20,"gold_loss":0},{"damage_healed":0,"gold_gain":0,"player_choice":"Ignored","damage_taken":0,"max_hp_gain":0,"max_hp_loss":0,"event_name":"Beggar","floor":27,"gold_loss":0},{"damage_healed":0,"gold_gain":99,"player_choice":"Stole From Cult","damage_taken":0,"max_hp_gain":0,"max_hp_loss":0,"event_name":"Nest","floor":29,"gold_loss":0},{"damage_healed":0,"gold_gain":0,"player_choice":"Opened","damage_taken":0,"relics_obtained":["Mummified Hand"],"max_hp_gain":0,"max_hp_loss":0,"event_name":"The Mausoleum","floor":30,"gold_loss":0}],"is_beta":false,"boss_relics":[{"not_picked":["Runic Dome","Eternal Feather"],"picked":"Empty Cage"}],"items_purged_floors":[14],"is_endless":false,"potions_floor_spawned":[2,13,16,19,22,24],"killed_by":"Collector","ascension_level":10}