{"gold_per_floor":[110,127,145,156,156,181,181,206,206,221,28,28,28,44,44,44],"floor_reached":16,"playtime":982,"items_purged":["Strike_B"],"score":168,"play_id":"1eb771ff-658f-47f8-b2fa-c83e679befb3","local_time":"20190110164206","is_ascension_mode":true,"campfire_choices":[{"floor":7,"key":"REST"},{"floor":12,"key":"REST"},{"data":"Defragment","floor":15,"key":"SMITH"}],"neow_cost":"NONE","seed_source_timestamp":870085718546348,"circlet_count":0,"master_deck":["AscendersBane","Strike_B","Strike_B","Strike_B","Defend_B","Defend_B","Defend_B","Defend_B","Zap","Dualcast","Redo","Conserve Battery","Fusion","Leap","Echo Form","Coolheaded","Finesse","Defragment+1"],"relics":["Cracked Core","Omamori","Singing Bowl","Ice Cream","StoneCalendar"],"potions_floor_usage":[6,6,8,16],"damage_taken":[{"damage":0,"enemies":"Cultist","floor":1,"turns":3},{"damage":0,"enemies":"2 Louse","floor":2,"turns":4},{"damage":0,"enemies":"Small Slimes","floor":3,"turns":3},{"damage":16,"enemies":"3 Louse","floor":4,"turns":3},{"damage":14,"enemies":"Lagavulin","floor":6,"turns":10},{"damage":29,"enemies":"3 Sentries","floor":8,"turns":8},{"damage":10,"enemies":"2 Fungi Beasts","floor":10,"turns":4},{"damage":2,"enemies":"Blue Slaver","floor":14,"turns":4},{"damage":52,"enemies":"Hexaghost","floor":16,"turns":16}],"seed_played":"820061096457715962","potions_obtained":[{"floor":2,"key":"Weak Potion"},{"floor":3,"key":"EssenceOfSteel"},{"floor":5,"key":"EssenceOfSteel"},{"floor":6,"key":"SkillPotion"},{"floor":14,"key":"SpeedPotion"}],"is_trial":false,"path_per_floor":["M","M","M","M","?","E","R","E","T","M","$","R","?","M","R","B"],"character_chosen":"DEFECT","items_purchased":["Coolheaded","Finesse"],"campfire_rested":2,"item_purchase_floors":[11,11],"current_hp_per_floor":[68,68,68,52,52,38,60,33,33,25,25,48,53,51,51,0],"gold":44,"neow_bonus":"RANDOM_COMMON_RELIC","is_prod":false,"is_daily":false,"chose_seed":false,"campfire_upgraded":1,"win_rate":0,"timestamp":1547156526,"path_taken":["M","?","M","M","?","E","R","E","T","?","$","R","?","M","R","BOSS"],"build_version":"2019-01-03v4","purchased_purges":1,"victory":false,"max_hp_per_floor":[75,75,75,75,75,75,75,77,77,79,79,79,84,84,84,84],"card_choices":[{"not_picked":["Leap","Melter"],"picked":"Redo","floor":1},{"not_picked":["Storm","Reprogram"],"picked":"Conserve Battery","floor":2},{"not_picked":["Barrage","Steam"],"picked":"Fusion","floor":3},{"not_picked":["Turbo","Recycle"],"picked":"Leap","floor":4},{"not_picked":["Storm","Machine Learning"],"picked":"Echo Form","floor":6},{"not_picked":["Turbo","Sweeping Beam","All For One"],"picked":"Singing Bowl","floor":8},{"not_picked":["Aggregate","Redo","Static Discharge"],"picked":"Singing Bowl","floor":10},{"not_picked":["Beam Cell","Blizzard"],"picked":"Defragment","floor":14}],"player_experience":709800,"relics_obtained":[{"floor":6,"key":"Singing Bowl"},{"floor":8,"key":"Ice Cream"},{"floor":9,"key":"StoneCalendar"}],"event_choices":[{"damage_healed":0,"gold_gain":0,"player_choice":"Got Potions","damage_taken":0,"max_hp_gain":0,"max_hp_loss":0,"event_name":"Lab","floor":5,"gold_loss":0},{"damage_healed":0,"gold_gain":0,"player_choice":"Donut","damage_taken":0,"max_hp_gain":5,"max_hp_loss":0,"event_name":"Big Fish","floor":13,"gold_loss":0}],"is_beta":false,"boss_relics":[],"items_purged_floors":[11],"is_endless":false,"potions_floor_spawned":[2,3,6,14],"killed_by":"Hexaghost","ascension_level":10}