{"gold_per_floor":[109,127,127,127,153,187,206,206,206,221,239,270,291,256,256,385,385,406,425,181,181,200,233,233,24,24,36,48,60,97,150,162,294,306,338,374,386],"floor_reached":37,"playtime":1956,"items_purged":["Injury"],"score":666,"play_id":"580bdd49-5a7d-4c0d-90e6-35bfd21ef869","local_time":"20190119000134","is_ascension_mode":true,"campfire_choices":[{"floor":8,"key":"REST"},{"floor":15,"key":"REST"},{"floor":24,"key":"REST"},{"floor":28,"key":"REST"},{"data":"Rainbow","floor":32,"key":"SMITH"}],"neow_cost":"PERCENT_DAMAGE","seed_source_timestamp":98320664427905,"circlet_count":0,"master_deck":["AscendersBane","Zap","Dualcast","Go for the Eyes","Chill","Coolheaded","Leap","Barrage","Capacitor","Consume","Steam","Echo Form","Go for the Eyes","Recycle","Gash","Force Field","Sunder","Stack","Cold Snap","Rainbow+1","Lockon+1","Compile Driver","Capacitor","FTL+1","Self Repair+1","Capacitor","Loop","Core Surge","Amplify","Chaos+1"],"relics":["Cracked Core","Nunchaku","Golden Idol","Strawberry","Juzu Bracelet","Mercury Hourglass","Bottled Flame","Pandora\u0027s Box","Art of War","Bag of Preparation","DollysMirror","MawBank","Bottled Lightning","Nuclear Battery"],"potions_floor_usage":[6,10,12,16,23,27,31,33,37],"damage_taken":[{"damage":1,"enemies":"Cultist","floor":1,"turns":3},{"damage":0,"enemies":"2 Louse","floor":2,"turns":2},{"damage":43,"enemies":"Gremlin Nob","floor":6,"turns":5},{"damage":4,"enemies":"Jaw Worm","floor":7,"turns":4},{"damage":9,"enemies":"2 Fungi Beasts","floor":10,"turns":2},{"damage":1,"enemies":"Looter","floor":11,"turns":3},{"damage":12,"enemies":"3 Sentries","floor":12,"turns":6},{"damage":16,"enemies":"Exordium Thugs","floor":13,"turns":4},{"damage":8,"enemies":"Slime Boss","floor":16,"turns":13},{"damage":16,"enemies":"Spheric Guardian","floor":18,"turns":7},{"damage":13,"enemies":"3 Byrds","floor":19,"turns":4},{"damage":20,"enemies":"Centurion and Healer","floor":22,"turns":9},{"damage":32,"enemies":"Slavers","floor":23,"turns":6},{"damage":20,"enemies":"Colosseum Slavers","floor":27,"turns":4},{"damage":12,"enemies":"Shelled Parasite and Fungi","floor":30,"turns":8},{"damage":28,"enemies":"Book of Stabbing","floor":31,"turns":6},{"damage":42,"enemies":"Collector","floor":33,"turns":10},{"damage":35,"enemies":"3 Darklings","floor":35,"turns":7},{"damage":18,"enemies":"Orb Walker","floor":36,"turns":4},{"damage":42,"enemies":"2 Orb Walkers","floor":37,"turns":3}],"seed_played":"-6003426025745632569","potions_obtained":[{"floor":2,"key":"FearPotion"},{"floor":7,"key":"Explosive Potion"},{"floor":11,"key":"Dexterity Potion"},{"floor":13,"key":"Block Potion"},{"floor":16,"key":"Regen Potion"},{"floor":22,"key":"Energy Potion"},{"floor":30,"key":"AttackPotion"},{"floor":31,"key":"EssenceOfSteel"},{"floor":36,"key":"Block Potion"}],"is_trial":false,"path_per_floor":["M","M","?","?","T","E","M","R","T","M","M","E","M","?","R","B",null,"M","M","$","?","M","E","R","$","T","?","R","?","M","E","R","B",null,"M","M","?"],"character_chosen":"DEFECT","items_purchased":["Compile Driver","Art of War","DollysMirror"],"campfire_rested":4,"item_purchase_floors":[20,20,25],"current_hp_per_floor":[49,49,49,54,61,18,14,40,40,31,30,18,2,23,49,41,76,60,47,47,47,27,9,35,35,35,25,51,80,87,59,59,27,72,47,29,0],"gold":386,"neow_bonus":"ONE_RARE_RELIC","is_prod":false,"is_daily":false,"chose_seed":false,"campfire_upgraded":1,"win_rate":0,"timestamp":1547874094,"path_taken":["M","M","?","?","?","E","M","R","T","M","M","E","M","?","R","BOSS","M","M","$","?","M","E","R","?","T","?","R","?","M","E","R","BOSS","M","M","?"],"build_version":"2019-01-17v2","purchased_purges":1,"victory":false,"max_hp_per_floor":[75,75,75,80,87,87,87,87,87,87,87,87,87,87,87,87,87,87,87,87,87,87,87,87,87,87,87,87,87,87,87,87,87,87,87,87,87],"card_choices":[{"not_picked":["Lockon","Ball Lightning"],"picked":"Go for the Eyes","floor":1},{"not_picked":["Double Energy","Go for the Eyes"],"picked":"Chill","floor":2},{"not_picked":["Streamline","Hologram"],"picked":"Coolheaded","floor":6},{"not_picked":["Beam Cell","Coolheaded"],"picked":"Leap","floor":7},{"not_picked":["Meteor Strike","Stack"],"picked":"Barrage","floor":10},{"not_picked":["Rebound","Compile Driver"],"picked":"Capacitor","floor":11},{"not_picked":["Aggregate","Compile Driver"],"picked":"Consume","floor":12},{"not_picked":["Doom and Gloom","Skim"],"picked":"Steam","floor":13},{"not_picked":["Reboot","Machine Learning"],"picked":"Echo Form","floor":16},{"not_picked":["Genetic Algorithm+1","Conserve Battery+1"],"picked":"Lockon+1","floor":18},{"not_picked":["Go for the Eyes+1","Sweeping Beam+1","Hello World"],"picked":"SKIP","floor":19},{"not_picked":["Hologram","Beam Cell"],"picked":"FTL+1","floor":22},{"not_picked":["Beam Cell","Gash+1"],"picked":"Self Repair+1","floor":23},{"not_picked":["Hologram","Steam"],"picked":"Loop","floor":30},{"not_picked":["Sweeping Beam","Sunder"],"picked":"Core Surge","floor":31},{"not_picked":["Machine Learning","All For One"],"picked":"Amplify","floor":33},{"not_picked":["Leap+1","Hologram","Cold Snap+1"],"picked":"SKIP","floor":35},{"not_picked":["Sweeping Beam","Ball Lightning+1"],"picked":"Chaos+1","floor":36}],"player_experience":721369,"relics_obtained":[{"floor":5,"key":"Strawberry"},{"floor":6,"key":"Juzu Bracelet"},{"floor":9,"key":"Mercury Hourglass"},{"floor":12,"key":"Bottled Flame"},{"floor":23,"key":"Bag of Preparation"},{"floor":26,"key":"MawBank"},{"floor":31,"key":"Bottled Lightning"}],"event_choices":[{"damage_healed":0,"gold_gain":0,"player_choice":"Take Wound","damage_taken":0,"relics_obtained":["Golden Idol"],"max_hp_gain":0,"max_hp_loss":0,"event_name":"Golden Idol","floor":3,"gold_loss":0,"cards_obtained":["Injury"]},{"damage_healed":0,"gold_gain":0,"player_choice":"Donut","damage_taken":0,"max_hp_gain":5,"max_hp_loss":0,"event_name":"Big Fish","floor":4,"gold_loss":0},{"damage_healed":21,"gold_gain":0,"player_choice":"Healed","damage_taken":0,"max_hp_gain":0,"max_hp_loss":0,"event_name":"The Cleric","floor":14,"gold_loss":35},{"damage_healed":0,"gold_gain":0,"player_choice":"Copied","damage_taken":0,"max_hp_gain":0,"max_hp_loss":0,"event_name":"Duplicator","floor":21,"gold_loss":0,"cards_obtained":["Capacitor"]},{"damage_healed":0,"gold_gain":0,"player_choice":"Fight","damage_taken":0,"max_hp_gain":0,"max_hp_loss":0,"event_name":"Colosseum","floor":27,"gold_loss":0},{"damage_healed":0,"gold_gain":0,"player_choice":"Fled From Nobs","damage_taken":0,"max_hp_gain":0,"max_hp_loss":0,"event_name":"Colosseum","floor":27,"gold_loss":0},{"damage_healed":29,"gold_gain":0,"player_choice":"Heal","damage_taken":0,"max_hp_gain":0,"max_hp_loss":0,"event_name":"The Library","floor":29,"gold_loss":0},{"damage_healed":0,"gold_gain":0,"player_choice":"Fight","damage_taken":0,"max_hp_gain":0,"max_hp_loss":0,"event_name":"Mysterious Sphere","floor":37,"gold_loss":0}],"is_beta":false,"boss_relics":[{"not_picked":["Coffee Dripper","Calling Bell"],"picked":"Pandora\u0027s Box"},{"not_picked":["Orrery","Busted Crown"],"picked":"Nuclear Battery"}],"items_purged_floors":[20],"is_endless":false,"potions_floor_spawned":[2,7,11,13,16,22,27,30,31,36],"killed_by":"2 Orb Walkers","ascension_level":10}