{"gold_per_floor":[20,30,43,43,61,89,109,18,18,18,52,52,75,150,150,276,276,296,93,117,117,117,117,117,117,198,239,49,90,104,104],"floor_reached":31,"playtime":1549,"items_purged":[],"score":487,"play_id":"a8c74b39-ff09-495b-9b3d-145749b0f5cb","local_time":"20190114224055","is_ascension_mode":true,"campfire_choices":[{"floor":10,"key":"REST"},{"floor":15,"key":"REST"},{"floor":23,"key":"REST"},{"data":"Hologram","floor":25,"key":"SMITH"}],"neow_cost":"NO_GOLD","seed_source_timestamp":1236650879281735,"circlet_count":0,"master_deck":["AscendersBane","Strike_B","Strike_B","Strike_B","Defend_B","Defend_B","Defend_B","Defend_B","Zap","Dualcast","Barrage","Redo","Tempest","Cold Snap+1","Coolheaded","Doom and Gloom","Flash of Steel+1","Sunder","Injury","Conserve Battery","Echo Form","Skim","Hologram+1","Apotheosis"],"relics":["Cracked Core","Art of War","Unceasing Top","Darkstone Periapt","Golden Idol","Snecko Eye","PreservedInsect","Enchiridion","Turnip","Bottled Flame","Whetstone","Bottled Tornado"],"potions_floor_usage":[11,18,31],"damage_taken":[{"damage":8,"enemies":"Jaw Worm","floor":1,"turns":4},{"damage":6,"enemies":"Cultist","floor":2,"turns":3},{"damage":8,"enemies":"Small Slimes","floor":3,"turns":3},{"damage":8,"enemies":"Blue Slaver","floor":5,"turns":3},{"damage":23,"enemies":"3 Sentries","floor":6,"turns":8},{"damage":7,"enemies":"Looter","floor":7,"turns":3},{"damage":25,"enemies":"Lagavulin","floor":11,"turns":5},{"damage":0,"enemies":"Large Slime","floor":13,"turns":4},{"damage":26,"enemies":"The Guardian","floor":16,"turns":12},{"damage":34,"enemies":"3 Byrds","floor":18,"turns":3},{"damage":14,"enemies":"Shell Parasite","floor":20,"turns":4},{"damage":0,"enemies":"Gremlin Leader","floor":27,"turns":5},{"damage":36,"enemies":"Book of Stabbing","floor":29,"turns":5},{"damage":24,"enemies":"Snake Plant","floor":30,"turns":3},{"damage":17,"enemies":"Gremlin Leader","floor":31,"turns":1}],"seed_played":"8462160690972058708","potions_obtained":[{"floor":1,"key":"SteroidPotion"},{"floor":5,"key":"Regen Potion"},{"floor":13,"key":"Ancient Potion"},{"floor":16,"key":"PowerPotion"},{"floor":29,"key":"Dexterity Potion"}],"is_trial":false,"path_per_floor":["M","M","M","?","M","E","M","$","T","R","E","?","M","?","R","B",null,"M","$","M","?","?","R","?","R","T","E","$","E","M","E"],"character_chosen":"DEFECT","items_purchased":["Flash of Steel","Hologram","PreservedInsect","Apotheosis"],"campfire_rested":3,"item_purchase_floors":[8,19,19,28],"current_hp_per_floor":[74,68,60,60,52,29,22,22,22,48,32,38,38,27,55,29,79,45,45,31,15,15,43,74,74,74,74,74,38,14,0],"gold":104,"neow_bonus":"TWENTY_PERCENT_HP_BONUS","is_prod":false,"is_daily":false,"chose_seed":false,"campfire_upgraded":1,"win_rate":0,"timestamp":1547523655,"path_taken":["M","M","M","?","?","E","M","$","T","R","E","?","M","?","R","BOSS","M","$","M","?","?","R","?","R","T","E","$","E","?","E"],"build_version":"2019-01-10","purchased_purges":0,"victory":false,"max_hp_per_floor":[89,89,89,89,89,89,89,89,89,89,89,95,95,95,95,95,95,95,95,95,95,95,95,95,95,95,95,95,95,95,95],"card_choices":[{"not_picked":["Skim","Stack"],"picked":"Barrage","floor":1},{"not_picked":["Turbo","Beam Cell"],"picked":"Redo","floor":2},{"not_picked":["Turbo","Lockon"],"picked":"Tempest","floor":3},{"not_picked":["Stack","Rip and Tear"],"picked":"Cold Snap","floor":5},{"not_picked":["Tempest","Loop"],"picked":"Coolheaded","floor":6},{"not_picked":["Core Surge","Streamline"],"picked":"Doom and Gloom","floor":7},{"not_picked":["Sweeping Beam","Scrape"],"picked":"Sunder","floor":11},{"not_picked":["Go for the Eyes","Stack"],"picked":"Conserve Battery","floor":13},{"not_picked":["Seek","Rainbow"],"picked":"Echo Form","floor":16},{"not_picked":["Skim","Ball Lightning","Compile Driver"],"picked":"SKIP","floor":18},{"not_picked":["Ball Lightning","Compile Driver"],"picked":"Skim","floor":18},{"not_picked":["Cold Snap","Coolheaded","Reprogram+1"],"picked":"SKIP","floor":20},{"not_picked":["Storm","Melter+1","Rebound"],"picked":"SKIP","floor":27},{"not_picked":["Rip and Tear","Hello World+1","Compile Driver"],"picked":"SKIP","floor":29},{"not_picked":["Gash+1","Redo","Force Field"],"picked":"SKIP","floor":30}],"player_experience":710782,"relics_obtained":[{"floor":6,"key":"Art of War"},{"floor":9,"key":"Unceasing Top"},{"floor":11,"key":"Darkstone Periapt"},{"floor":21,"key":"Enchiridion"},{"floor":26,"key":"Bottled Flame"},{"floor":27,"key":"Whetstone"},{"floor":29,"key":"Bottled Tornado"}],"event_choices":[{"cards_removed":["Strike_B"],"damage_healed":0,"gold_gain":0,"player_choice":"Purged","damage_taken":0,"max_hp_gain":0,"max_hp_loss":0,"event_name":"Purifier","floor":4,"gold_loss":0},{"damage_healed":0,"gold_gain":0,"player_choice":"Take Wound","damage_taken":0,"relics_obtained":["Golden Idol"],"max_hp_gain":0,"max_hp_loss":0,"event_name":"Golden Idol","floor":12,"gold_loss":0,"cards_obtained":["Injury"]},{"damage_healed":0,"gold_gain":75,"player_choice":"Gather Gold","damage_taken":11,"max_hp_gain":0,"max_hp_loss":0,"event_name":"World of Goop","floor":14,"gold_loss":0},{"damage_healed":0,"gold_gain":0,"player_choice":"Obtained Book","damage_taken":16,"max_hp_gain":0,"max_hp_loss":0,"event_name":"Cursed Tome","floor":21,"gold_loss":0},{"damage_healed":0,"gold_gain":0,"player_choice":"Opened","damage_taken":0,"relics_obtained":["Turnip"],"max_hp_gain":0,"max_hp_loss":0,"event_name":"The Mausoleum","floor":22,"gold_loss":0},{"damage_healed":31,"gold_gain":0,"player_choice":"Heal","damage_taken":0,"max_hp_gain":0,"max_hp_loss":0,"event_name":"The Library","floor":24,"gold_loss":0}],"is_beta":false,"boss_relics":[{"not_picked":["Pandora\u0027s Box","White Beast Statue"],"picked":"Snecko Eye"}],"items_purged_floors":[],"is_endless":false,"potions_floor_spawned":[1,5,13,16,29],"killed_by":"Gremlin Leader","ascension_level":10}