{"gold_per_floor":[110,120,132,132,8,36,47,47,73,93,111,136,149,181,181,181],"floor_reached":16,"playtime":634,"items_purged":["Strike_B"],"score":186,"play_id":"3ff3d33a-7e16-4c1a-b164-c7dacef82463","local_time":"20190115225425","is_ascension_mode":true,"campfire_choices":[{"floor":8,"key":"REST"},{"floor":15,"key":"REST"}],"neow_cost":"NONE","seed_source_timestamp":1324777752320229,"circlet_count":0,"master_deck":["AscendersBane","Strike_B","Strike_B","Strike_B","Defend_B","Defend_B","Defend_B","Defend_B","Zap","Dualcast","Gash","Leap","Rebound","Hologram","FTL","Go for the Eyes","Rebound","Sweeping Beam","Scrape"],"relics":["Cracked Core","NeowsBlessing","Potion Belt","Oddly Smooth Stone","Strawberry","The Courier"],"potions_floor_usage":[10,11,14,14],"damage_taken":[{"damage":0,"enemies":"2 Louse","floor":1,"turns":1},{"damage":0,"enemies":"Cultist","floor":2,"turns":1},{"damage":0,"enemies":"Jaw Worm","floor":3,"turns":1},{"damage":16,"enemies":"Gremlin Nob","floor":6,"turns":4},{"damage":16,"enemies":"Large Slime","floor":7,"turns":7},{"damage":2,"enemies":"Lots of Slimes","floor":10,"turns":4},{"damage":8,"enemies":"Exordium Wildlife","floor":11,"turns":4},{"damage":15,"enemies":"Lagavulin","floor":12,"turns":5},{"damage":3,"enemies":"Blue Slaver","floor":13,"turns":3},{"damage":33,"enemies":"Gremlin Nob","floor":14,"turns":5},{"damage":32,"enemies":"Slime Boss","floor":16,"turns":3}],"seed_played":"4384201393889345940","potions_obtained":[{"floor":1,"key":"Block Potion"},{"floor":6,"key":"Swift Potion"},{"floor":10,"key":"Poison Potion"},{"floor":13,"key":"Regen Potion"}],"is_trial":false,"path_per_floor":["M","M","M","?","$","E","M","R","T","M","M","E","M","E","R","B"],"character_chosen":"DEFECT","items_purchased":["Hologram"],"campfire_rested":2,"item_purchase_floors":[5],"current_hp_per_floor":[68,68,68,61,61,45,29,51,51,49,41,33,30,2,26,0],"gold":181,"neow_bonus":"THREE_ENEMY_KILL","is_prod":false,"is_daily":false,"chose_seed":false,"campfire_upgraded":0,"win_rate":0,"timestamp":1547610865,"path_taken":["M","M","M","?","$","E","M","R","T","?","M","E","M","E","R","BOSS"],"build_version":"2019-01-10","purchased_purges":1,"victory":false,"max_hp_per_floor":[75,75,75,75,75,75,75,75,75,75,75,82,82,82,82,82],"card_choices":[{"not_picked":["Self Repair","Hologram"],"picked":"Gash","floor":1},{"not_picked":["Coolheaded","Ball Lightning"],"picked":"Leap","floor":2},{"not_picked":["Aggregate","Undo"],"picked":"Rebound","floor":3},{"not_picked":["Steam","Compile Driver","Biased Cognition"],"picked":"SKIP","floor":6},{"not_picked":["Blizzard","Hello World"],"picked":"FTL","floor":7},{"not_picked":["Leap","Turbo"],"picked":"Go for the Eyes","floor":10},{"not_picked":["Storm","Beam Cell"],"picked":"Rebound","floor":11},{"not_picked":["Glacier","Steam"],"picked":"Sweeping Beam","floor":12},{"not_picked":["Barrage","Defragment","Ball Lightning"],"picked":"SKIP","floor":13},{"not_picked":["Melter","Seek"],"picked":"Scrape","floor":14}],"player_experience":713394,"relics_obtained":[{"floor":6,"key":"Potion Belt"},{"floor":9,"key":"Oddly Smooth Stone"},{"floor":12,"key":"Strawberry"},{"floor":14,"key":"The Courier"}],"event_choices":[{"damage_healed":0,"gold_gain":0,"player_choice":"Damaged","damage_taken":7,"max_hp_gain":0,"max_hp_loss":0,"event_name":"Wheel of Change","floor":4,"gold_loss":0}],"is_beta":false,"boss_relics":[],"items_purged_floors":[5],"is_endless":false,"potions_floor_spawned":[1,6,10,13],"killed_by":"Slime Boss","ascension_level":10}