{"gold_per_floor":[114,127,127,127,141,168,168,200,200,167,167,167,18,18,18,147,147,171,189,212,233,249,249,287,287],"floor_reached":25,"playtime":1312,"items_purged":["Injury"],"score":347,"play_id":"01dd51a4-cb19-4dcc-aa3c-124dea40b00d","local_time":"20190118182604","is_ascension_mode":true,"campfire_choices":[{"floor":7,"key":"REST"},{"floor":12,"key":"REST"},{"floor":15,"key":"REST"},{"floor":23,"key":"REST"}],"neow_cost":"PERCENT_DAMAGE","seed_source_timestamp":78836198589496,"circlet_count":0,"master_deck":["AscendersBane","Strike_B","Strike_B","Defend_B","Defend_B","Defend_B","Zap","Dualcast","Darkness+1","Lockon","Leap","Coolheaded","Core Surge","Redo","Hologram","Cold Snap","Coolheaded","Electrodynamics","Defragment","FTL","Consume","Tempest","Multi-Cast"],"relics":["Cracked Core","Oddly Smooth Stone","Girya","Shuriken","Golden Idol","Unceasing Top","Sozu","Peace Pipe"],"potions_floor_usage":[16,21,22],"damage_taken":[{"damage":7,"enemies":"Jaw Worm","floor":1,"turns":3},{"damage":2,"enemies":"2 Louse","floor":2,"turns":3},{"damage":0,"enemies":"Cultist","floor":5,"turns":3},{"damage":32,"enemies":"Gremlin Nob","floor":6,"turns":5},{"damage":16,"enemies":"Lagavulin","floor":8,"turns":7},{"damage":14,"enemies":"Hexaghost","floor":16,"turns":8},{"damage":7,"enemies":"Shell Parasite","floor":18,"turns":8},{"damage":8,"enemies":"Spheric Guardian","floor":19,"turns":5},{"damage":0,"enemies":"Snecko","floor":20,"turns":4},{"damage":15,"enemies":"Snake Plant","floor":21,"turns":4},{"damage":23,"enemies":"Centurion and Healer","floor":22,"turns":6},{"damage":32,"enemies":"Gremlin Leader","floor":24,"turns":9},{"damage":33,"enemies":"Shelled Parasite and Fungi","floor":25,"turns":3}],"seed_played":"-7521792530839114512","potions_obtained":[{"floor":5,"key":"LiquidBronze"},{"floor":6,"key":"PowerPotion"},{"floor":16,"key":"Regen Potion"}],"is_trial":false,"path_per_floor":["M","M","?","?","M","E","R","E","T","?","?","R","$","?","R","B",null,"M","M","M","M","M","R","E","M"],"character_chosen":"DEFECT","items_purchased":["Cold Snap","Coolheaded"],"campfire_rested":4,"item_purchase_floors":[13,13],"current_hp_per_floor":[43,41,41,41,41,9,31,15,15,15,15,37,37,4,26,12,59,52,44,44,29,21,43,11,0],"gold":287,"neow_bonus":"TRANSFORM_TWO_CARDS","is_prod":false,"is_daily":false,"chose_seed":false,"campfire_upgraded":0,"win_rate":0,"timestamp":1547853964,"path_taken":["M","M","?","?","?","E","R","E","T","?","?","R","?","?","R","BOSS","M","M","M","M","M","R","E","M"],"build_version":"2019-01-17","purchased_purges":1,"victory":false,"max_hp_per_floor":[75,75,75,75,75,75,75,75,75,75,75,75,75,75,75,75,75,75,75,75,75,75,75,75,75],"card_choices":[{"not_picked":["Barrage","Cold Snap"],"picked":"Leap","floor":1},{"not_picked":["Darkness","Cold Snap"],"picked":"Coolheaded","floor":2},{"not_picked":["Compile Driver","Turbo"],"picked":"Redo","floor":5},{"not_picked":["All For One","Ball Lightning","Hello World"],"picked":"SKIP","floor":6},{"not_picked":["Recycle","Lockon"],"picked":"Hologram","floor":8},{"not_picked":["Meteor Strike","All For One"],"picked":"Electrodynamics","floor":16},{"not_picked":["Streamline","Turbo","Force Field"],"picked":"SKIP","floor":18},{"not_picked":["Storm+1","Conserve Battery+1"],"picked":"Defragment","floor":19},{"not_picked":["Cold Snap+1","Leap"],"picked":"FTL","floor":20},{"not_picked":["Sunder","Cold Snap+1"],"picked":"Consume","floor":21},{"not_picked":["Leap","Cold Snap"],"picked":"Tempest","floor":22},{"not_picked":["Leap","Gash"],"picked":"Multi-Cast","floor":24}],"player_experience":716943,"relics_obtained":[{"floor":6,"key":"Oddly Smooth Stone"},{"floor":8,"key":"Girya"},{"floor":9,"key":"Shuriken"},{"floor":24,"key":"Peace Pipe"}],"event_choices":[{"damage_healed":0,"gold_gain":0,"cards_transformed":["Strike_B"],"player_choice":"Change","damage_taken":0,"max_hp_gain":0,"max_hp_loss":0,"event_name":"Living Wall","floor":3,"gold_loss":0,"cards_obtained":["Core Surge"]},{"damage_healed":0,"gold_gain":0,"player_choice":"Upgraded","damage_taken":0,"max_hp_gain":0,"max_hp_loss":0,"event_name":"Upgrade Shrine","floor":4,"gold_loss":0,"cards_upgraded":["Darkness"]},{"damage_healed":0,"gold_gain":0,"player_choice":"Left Gold","damage_taken":0,"max_hp_gain":0,"max_hp_loss":0,"event_name":"World of Goop","floor":10,"gold_loss":33},{"damage_healed":0,"gold_gain":0,"player_choice":"Take Wound","damage_taken":0,"relics_obtained":["Golden Idol"],"max_hp_gain":0,"max_hp_loss":0,"event_name":"Golden Idol","floor":11,"gold_loss":0,"cards_obtained":["Injury"]},{"damage_healed":0,"gold_gain":0,"player_choice":"Success","damage_taken":33,"relics_obtained":["Unceasing Top"],"max_hp_gain":0,"max_hp_loss":0,"event_name":"Scrap Ooze","floor":14,"gold_loss":0}],"is_beta":false,"boss_relics":[{"not_picked":["Fusion Hammer","Eternal Feather"],"picked":"Sozu"}],"items_purged_floors":[13],"is_endless":false,"potions_floor_spawned":[5,6,16,18,24],"killed_by":"Shelled Parasite and Fungi","ascension_level":10}