{"gold_per_floor":[116,41,61,61,27,52,66,66,66,94,94,123,23,36,36,132,132,152,166,166],"floor_reached":20,"playtime":1042,"items_purged":["Strike_B","Strike_B"],"score":273,"play_id":"c07e308c-8519-4a4a-bb34-5a81efe21c54","local_time":"20190110160222","is_ascension_mode":true,"campfire_choices":[{"floor":8.0,"key":"REST"},{"floor":11.0,"key":"REST"},{"floor":15.0,"key":"REST"}],"neow_cost":"NONE","seed_source_timestamp":0,"circlet_count":0,"master_deck":["AscendersBane","Strike_B","Strike_B","Defend_B","Defend_B","Defend_B","Defend_B","Zap","Dualcast","Gash","Scrape","Defragment","Hologram","Hologram","Beam Cell","Reprogram","Hologram","Seek","Go for the Eyes","Self Repair"],"special_seed":0,"relics":["Cracked Core","Matryoshka","Dream Catcher","Du-Vu Doll","Oddly Smooth Stone","Odd Mushroom","Black Star"],"potions_floor_usage":[20],"damage_taken":[{"damage":1.0,"enemies":"Cultist","floor":1.0,"turns":4.0},{"damage":0.0,"enemies":"Small Slimes","floor":3.0,"turns":3.0},{"damage":40.0,"enemies":"Gremlin Nob","floor":6.0,"turns":4.0},{"damage":7.0,"enemies":"Jaw Worm","floor":7.0,"turns":3.0},{"damage":27.0,"enemies":"3 Sentries","floor":10.0,"turns":7.0},{"damage":12.0,"enemies":"The Mushroom Lair","floor":12.0,"turns":4.0},{"damage":12.0,"enemies":"Exordium Thugs","floor":14.0,"turns":4.0},{"damage":34.0,"enemies":"Slime Boss","floor":16.0,"turns":10.0},{"damage":10,"enemies":"Chosen","floor":18,"turns":5},{"damage":32,"enemies":"Shell Parasite","floor":19,"turns":6},{"damage":18,"enemies":"Snake Plant","floor":20,"turns":2}],"seed_played":"-7957949302901933080","potions_obtained":[{"floor":0.0,"key":"Explosive Potion"},{"floor":0.0,"key":"SteroidPotion"},{"floor":0.0,"key":"GamblersBrew"},{"floor":7.0,"key":"FocusPotion"},{"floor":10.0,"key":"Weak Potion"}],"is_trial":false,"path_per_floor":["M","$","M","?","$","E","M","R","T","E","R","?","$","M","R","B",null,"M","M","M"],"character_chosen":"DEFECT","items_purchased":["Defragment"],"campfire_rested":3,"item_purchase_floors":[5],"current_hp_per_floor":[67,67,67,67,67,27,20,42,42,15,37,25,25,13,35,1,57,47,15,0],"gold":166,"neow_bonus":"THREE_SMALL_POTIONS","is_prod":false,"is_daily":false,"chose_seed":false,"campfire_upgraded":0,"win_rate":0,"timestamp":1547154142,"path_taken":["M","$","M","?","?","E","M","R","T","E","R","?","?","M","R","BOSS","M","M","M"],"build_version":"2019-01-03v4","purchased_purges":2,"victory":false,"max_hp_per_floor":[75,75,75,75,75,75,75,75,75,75,75,75,75,75,75,75,75,75,75,75],"card_choices":[{"not_picked":["Turbo","Rebound"],"picked":"Gash","floor":1.0},{"not_picked":["Rebound","Turbo"],"picked":"Scrape","floor":3.0},{"not_picked":["Double Energy","Ball Lightning"],"picked":"Hologram","floor":6.0},{"not_picked":["Amplify","Redo"],"picked":"Hologram","floor":7.0},{"not_picked":["Turbo","Cold Snap","Static Discharge"],"picked":"SKIP","floor":10.0},{"not_picked":["Hello World","Turbo"],"picked":"Beam Cell","floor":11.0},{"not_picked":["Streamline","Auto Shields"],"picked":"Reprogram","floor":12.0},{"not_picked":["Force Field","Recycle"],"picked":"Hologram","floor":14.0},{"not_picked":["Buffer","Electrodynamics"],"picked":"Seek","floor":16.0},{"not_picked":["Rebound","Leap+1"],"picked":"Go for the Eyes","floor":18},{"not_picked":["Genetic Algorithm+1","Hello World"],"picked":"Self Repair","floor":19}],"player_experience":707391,"relics_obtained":[{"floor":6.0,"key":"Matryoshka"},{"floor":9.0,"key":"Dream Catcher"},{"floor":9.0,"key":"Du-Vu Doll"},{"floor":10.0,"key":"Oddly Smooth Stone"},{"floor":12.0,"key":"Odd Mushroom"}],"event_choices":[{"damage_healed":0.0,"max_hp_gain":0.0,"max_hp_loss":0.0,"gold_gain":0.0,"event_name":"The Woman in Blue","player_choice":"Bought 0 Potions","floor":4.0,"gold_loss":0.0,"damage_taken":0.0},{"damage_healed":0.0,"max_hp_gain":0.0,"max_hp_loss":0.0,"gold_gain":0.0,"event_name":"Mushrooms","player_choice":"Fought Mushrooms","floor":12.0,"gold_loss":0.0,"damage_taken":0.0}],"is_beta":false,"boss_relics":[{"not_picked":["Coffee Dripper","Philosopher\u0027s Stone"],"picked":"Black Star"}],"items_purged_floors":[2,13],"is_endless":false,"potions_floor_spawned":[3,7,10],"killed_by":"Snake Plant","ascension_level":10}