{"gold_per_floor":[15,32,46,46,46,46,60,80,107,107,134,134,153,165,165,269,269,288,228],"floor_reached":19,"playtime":632,"items_purged":[],"score":257,"play_id":"bc41dabd-9e57-44ff-9b31-351f67f12c0b","local_time":"20190114225138","is_ascension_mode":true,"campfire_choices":[{"data":"Loop","floor":6,"key":"SMITH"},{"data":"Sunder","floor":12,"key":"SMITH"},{"floor":15,"key":"REST"}],"neow_cost":"NO_GOLD","seed_source_timestamp":1238211515196739,"circlet_count":0,"master_deck":["AscendersBane","Strike_B","Strike_B","Defend_B","Defend_B","Defend_B","Zap","Dualcast","Loop+1","Force Field","Sunder+1","Cold Snap","Coolheaded","Coolheaded","Redo","Static Discharge","Echo Form","Pain","Parasite","Injury"],"relics":["Cracked Core","Ancient Tea Set","Bronze Scales","Calling Bell","Potion Belt","Dodecahedron","Gambling Chip"],"potions_floor_usage":[11,13],"damage_taken":[{"damage":12,"enemies":"2 Louse","floor":1,"turns":3},{"damage":8,"enemies":"Jaw Worm","floor":2,"turns":4},{"damage":0,"enemies":"Cultist","floor":3,"turns":3},{"damage":14,"enemies":"3 Louse","floor":7,"turns":2},{"damage":2,"enemies":"2 Fungi Beasts","floor":8,"turns":3},{"damage":12,"enemies":"3 Sentries","floor":11,"turns":6},{"damage":1,"enemies":"Large Slime","floor":13,"turns":6},{"damage":6,"enemies":"Looter","floor":14,"turns":4},{"damage":33,"enemies":"The Guardian","floor":16,"turns":12},{"damage":30,"enemies":"Spheric Guardian","floor":18,"turns":5},{"damage":33,"enemies":"2 Thieves","floor":19,"turns":2}],"seed_played":"-7186260166917543447","potions_obtained":[{"floor":3,"key":"Fire Potion"},{"floor":7,"key":"SkillPotion"},{"floor":14,"key":"GamblersBrew"},{"floor":16,"key":"Fire Potion"},{"floor":18,"key":"FocusPotion"}],"is_trial":false,"path_per_floor":["M","M","M","?","?","R","M","M","T","?","E","R","M","M","R","B",null,"M","M"],"character_chosen":"DEFECT","items_purchased":[],"campfire_rested":1,"item_purchase_floors":[],"current_hp_per_floor":[56,48,48,73,73,73,59,57,57,57,45,45,44,38,60,27,63,33,0],"gold":228,"neow_bonus":"TRANSFORM_TWO_CARDS","is_prod":false,"is_daily":false,"chose_seed":false,"campfire_upgraded":2,"win_rate":0,"timestamp":1547524298,"path_taken":["M","M","M","?","?","R","M","M","T","?","E","R","M","M","R","BOSS","M","M"],"build_version":"2019-01-10","purchased_purges":0,"victory":false,"max_hp_per_floor":[75,75,75,75,75,75,75,75,75,75,75,75,75,75,75,75,75,75,75],"card_choices":[{"not_picked":["Steam","Redo"],"picked":"Sunder","floor":1},{"not_picked":["Rebound","Compile Driver"],"picked":"Cold Snap","floor":2},{"not_picked":["Redo","Undo"],"picked":"Coolheaded","floor":3},{"not_picked":["Ball Lightning","Rebound","Stack"],"picked":"SKIP","floor":7},{"not_picked":["Reprogram","Scrape"],"picked":"Coolheaded","floor":8},{"not_picked":["Steam","Rebound"],"picked":"Static Discharge","floor":11},{"not_picked":["Steam","Coolheaded","Gash"],"picked":"SKIP","floor":13},{"not_picked":["Scrape","Reprogram","Melter"],"picked":"SKIP","floor":14},{"not_picked":["Reboot","Buffer"],"picked":"Echo Form","floor":16},{"not_picked":["Ball Lightning","Redo","Stack"],"picked":"SKIP","floor":18}],"player_experience":712331,"relics_obtained":[{"floor":9,"key":"Ancient Tea Set"},{"floor":11,"key":"Bronze Scales"},{"floor":17,"key":"Potion Belt"},{"floor":17,"key":"Dodecahedron"},{"floor":17,"key":"Gambling Chip"}],"event_choices":[{"damage_healed":25,"gold_gain":0,"player_choice":"Banana","damage_taken":0,"max_hp_gain":0,"max_hp_loss":0,"event_name":"Big Fish","floor":4,"gold_loss":0},{"damage_healed":0,"gold_gain":0,"player_choice":"Leave","damage_taken":0,"max_hp_gain":0,"max_hp_loss":0,"event_name":"The Cleric","floor":5,"gold_loss":0},{"damage_healed":0,"gold_gain":0,"cards_transformed":["Strike_B"],"player_choice":"Change","damage_taken":0,"max_hp_gain":0,"max_hp_loss":0,"event_name":"Living Wall","floor":10,"gold_loss":0,"cards_obtained":["Redo"]}],"is_beta":false,"boss_relics":[{"not_picked":["Busted Crown","Cursed Key"],"picked":"Calling Bell"}],"items_purged_floors":[],"is_endless":false,"potions_floor_spawned":[3,7,14,16,18],"killed_by":"2 Thieves","ascension_level":10}