{"gold_per_floor":[115,133,133,133,133,133,152,152,152,175,175,195,235,265],"floor_reached":14,"playtime":431,"items_purged":[],"score":135,"play_id":"7491f7a1-9efa-461a-9a6e-a77023f982e8","local_time":"20190115224338","is_ascension_mode":true,"campfire_choices":[{"data":"Zap","floor":6,"key":"SMITH"},{"data":"Go for the Eyes","floor":8,"key":"SMITH"},{"data":"Dualcast","floor":11,"key":"SMITH"}],"neow_cost":"NONE","seed_source_timestamp":1324332811945449,"circlet_count":0,"master_deck":["AscendersBane","Strike_B","Strike_B","Strike_B","Strike_B","Defend_B","Defend_B","Defend_B","Defend_B","Zap+1","Dualcast+1","Gash","Chaos+1","Go for the Eyes+1","White Noise","Streamline","Capacitor"],"relics":["Cracked Core","Bag of Marbles","Meat on the Bone","Golden Idol","Kunai","Juzu Bracelet"],"potions_floor_usage":[14,14],"damage_taken":[{"damage":0,"enemies":"2 Louse","floor":1,"turns":2},{"damage":0,"enemies":"Small Slimes","floor":2,"turns":3},{"damage":0,"enemies":"Cultist","floor":7,"turns":3},{"damage":3,"enemies":"Looter","floor":10,"turns":3},{"damage":11,"enemies":"Exordium Thugs","floor":12,"turns":4},{"damage":29,"enemies":"3 Sentries","floor":13,"turns":6},{"damage":34,"enemies":"Lagavulin Event","floor":14,"turns":5}],"seed_played":"-4565583324632751593","potions_obtained":[{"floor":7,"key":"GamblersBrew"},{"floor":12,"key":"LiquidBronze"},{"floor":13,"key":"SteroidPotion"}],"is_trial":false,"path_per_floor":["M","M","?","?","?","R","M","R","T","M","R","M","E","?"],"character_chosen":"DEFECT","items_purchased":[],"campfire_rested":0,"item_purchase_floors":[],"current_hp_per_floor":[68,68,56,38,38,38,38,38,38,47,47,48,31,0],"gold":265,"neow_bonus":"RANDOM_COMMON_RELIC","is_prod":false,"is_daily":false,"chose_seed":false,"campfire_upgraded":3,"win_rate":0,"timestamp":1547610218,"path_taken":["M","M","?","?","?","R","M","R","T","M","R","?","E","?"],"build_version":"2019-01-10","purchased_purges":0,"victory":false,"max_hp_per_floor":[75,75,75,75,75,75,75,75,75,75,75,75,75,75],"card_choices":[{"not_picked":["Chill","Ball Lightning"],"picked":"Gash","floor":1},{"not_picked":["Compile Driver","Rebound"],"picked":"Chaos","floor":2},{"not_picked":["Tempest","Conserve Battery"],"picked":"Go for the Eyes","floor":7},{"not_picked":["Rebound","Reinforced Body"],"picked":"White Noise","floor":10},{"not_picked":["Rip and Tear","Chaos"],"picked":"Streamline","floor":12},{"not_picked":["Beam Cell","Core Surge"],"picked":"Capacitor","floor":13}],"player_experience":712963,"relics_obtained":[{"floor":9,"key":"Kunai"},{"floor":13,"key":"Juzu Bracelet"}],"event_choices":[{"damage_healed":0,"gold_gain":0,"player_choice":"Success","damage_taken":12,"relics_obtained":["Meat on the Bone"],"max_hp_gain":0,"max_hp_loss":0,"event_name":"Scrap Ooze","floor":3,"gold_loss":0},{"damage_healed":0,"gold_gain":0,"player_choice":"Take Damage","damage_taken":18,"relics_obtained":["Golden Idol"],"max_hp_gain":0,"max_hp_loss":0,"event_name":"Golden Idol","floor":4,"gold_loss":0},{"damage_healed":0,"gold_gain":0,"player_choice":"Upgraded","damage_taken":0,"max_hp_gain":0,"max_hp_loss":0,"event_name":"Upgrade Shrine","floor":5,"gold_loss":0,"cards_upgraded":["Chaos"]},{"damage_healed":0,"gold_gain":30,"player_choice":"Searched \u00272\u0027 times","damage_taken":0,"max_hp_gain":0,"max_hp_loss":0,"event_name":"Dead Adventurer","floor":14,"gold_loss":0}],"is_beta":false,"boss_relics":[],"items_purged_floors":[],"is_endless":false,"potions_floor_spawned":[7,12,13],"killed_by":"Lagavulin Event","ascension_level":10}