{"gold_per_floor":[113,113,63,81,4,32,32,61,85,105,105,134,134,195,195,296,296,314,413,431,356,19,44,64,64,90,109,109,109,144,164,164,263,263,282,282,293,40,54,54,81,81,81,81,96,114,132,149,149,149],"floor_reached":51,"playtime":2345,"items_purged":[],"score":1290,"play_id":"a8c7bf5f-adbf-40da-825b-60e09520d1da","local_time":"20190125172743","is_ascension_mode":true,"campfire_choices":[{"data":"Zap","floor":7,"key":"SMITH"},{"data":"Capacitor","floor":11,"key":"SMITH"},{"floor":13,"key":"REST"},{"data":"Redo","floor":15,"key":"SMITH"},{"floor":25,"key":"REST"},{"data":"Consume","floor":28,"key":"SMITH"},{"floor":32,"key":"REST"},{"floor":40,"key":"REST"},{"data":"Defragment","floor":42,"key":"SMITH"},{"data":"Rainbow","floor":44,"key":"SMITH"},{"floor":49,"key":"REST"}],"neow_cost":"NONE","seed_source_timestamp":679135480872829,"circlet_count":0,"master_deck":["AscendersBane","Strike_B+1","Strike_B+1","Defend_B","Defend_B","Defend_B","Zap+1","Dualcast","Redo+1","Multi-Cast","Rip and Tear","Capacitor+1","Coolheaded","Ball Lightning","Conserve Battery","Glacier","Rainbow+1","Compile Driver","Capacitor","Defragment+1","Cold Snap","Consume+1","White Noise+1","Creative AI","Capacitor+1","Darkness"],"relics":["FrozenCore","NeowsBlessing","Bag of Marbles","Odd Mushroom","Whetstone","Bronze Scales","Lizard Tail","Cables","Regal Pillow","Lantern","Bag of Preparation","Mummified Hand","Letter Opener","Ornamental Fan"],"potions_floor_usage":[8,12,16,20,23,33,50],"damage_taken":[{"damage":0,"enemies":"Small Slimes","floor":1,"turns":1},{"damage":0,"enemies":"Jaw Worm","floor":4,"turns":1},{"damage":0,"enemies":"3 Sentries","floor":6,"turns":1},{"damage":19,"enemies":"The Mushroom Lair","floor":8,"turns":4},{"damage":5,"enemies":"2 Louse","floor":10,"turns":2},{"damage":29,"enemies":"Lagavulin","floor":12,"turns":6},{"damage":3,"enemies":"Gremlin Nob","floor":14,"turns":3},{"damage":19,"enemies":"Hexaghost","floor":16,"turns":9},{"damage":12,"enemies":"Chosen","floor":18,"turns":4},{"damage":11,"enemies":"Spheric Guardian","floor":20,"turns":4},{"damage":62,"enemies":"Slavers","floor":23,"turns":6},{"damage":17,"enemies":"Chosen and Byrds","floor":24,"turns":4},{"damage":18,"enemies":"3 Cultists","floor":27,"turns":5},{"damage":23,"enemies":"Book of Stabbing","floor":30,"turns":5},{"damage":7,"enemies":"Sentry and Sphere","floor":31,"turns":4},{"damage":0,"enemies":"Champ","floor":33,"turns":9},{"damage":33,"enemies":"3 Shapes","floor":35,"turns":5},{"damage":5,"enemies":"Orb Walker","floor":37,"turns":5},{"damage":13,"enemies":"Transient","floor":39,"turns":5},{"damage":0,"enemies":"Giant Head","floor":41,"turns":7},{"damage":1,"enemies":"Sphere and 2 Shapes","floor":45,"turns":9},{"damage":2,"enemies":"Spire Growth","floor":46,"turns":6},{"damage":2,"enemies":"Transient","floor":47,"turns":5},{"damage":26,"enemies":"Jaw Worm Horde","floor":48,"turns":4},{"damage":54,"enemies":"Awakened One","floor":50,"turns":14}],"seed_played":"8553548578051198324","potions_obtained":[{"floor":6,"key":"FearPotion"},{"floor":8,"key":"Fruit Juice"},{"floor":12,"key":"SpeedPotion"},{"floor":14,"key":"FocusPotion"},{"floor":16,"key":"Swift Potion"},{"floor":20,"key":"Energy Potion"},{"floor":24,"key":"Strength Potion"},{"floor":30,"key":"Dexterity Potion"},{"floor":31,"key":"FocusPotion"},{"floor":35,"key":"PowerPotion"},{"floor":46,"key":"Energy Potion"}],"is_trial":false,"path_per_floor":["M","?","?","M","$","E","R","?","T","M","R","E","R","?","R","B",null,"M","?","M","?","$","E","M","R","T","M","R","?","E","M","R","B",null,"M","?","M","$","M","R","E","R","T","R","M","M","M","M","R","B",null],"character_chosen":"DEFECT","items_purchased":["Capacitor","Cables","Capacitor","Mummified Hand"],"campfire_rested":5,"item_purchase_floors":[5,22,22,38],"current_hp_per_floor":[68,68,68,68,68,68,68,54,54,49,49,20,44,41,41,22,66,54,54,43,43,43,32,15,54,54,36,36,36,13,6,45,45,71,38,38,33,33,20,59,59,59,59,59,58,56,54,28,67,13],"gold":149,"neow_bonus":"THREE_ENEMY_KILL","is_prod":false,"is_daily":false,"chose_seed":false,"campfire_upgraded":6,"win_rate":0,"timestamp":1548455263,"path_taken":["M","?","?","M","$","E","R","?","T","?","R","E","R","?","R","BOSS","M","?","M","?","?","E","M","R","T","?","R","?","E","M","R","BOSS","M","?","M","$","M","R","E","R","T","R","M","M","M","M","R","BOSS"],"build_version":"2019-01-23","purchased_purges":0,"victory":true,"max_hp_per_floor":[75,75,75,75,75,75,75,80,80,80,80,80,80,80,80,80,80,80,80,80,80,80,80,80,80,80,80,80,80,80,80,80,80,80,80,80,80,80,80,80,80,80,80,80,80,80,80,80,80,80],"card_choices":[{"not_picked":["Barrage","Static Discharge"],"picked":"Redo","floor":1},{"not_picked":["Auto Shields","Consume"],"picked":"Rip and Tear","floor":4},{"not_picked":["FTL","Lockon"],"picked":"Coolheaded","floor":6},{"not_picked":["Stack","Hyperbeam"],"picked":"Ball Lightning","floor":10},{"not_picked":["Reprogram","Auto Shields"],"picked":"Conserve Battery","floor":12},{"not_picked":["Fusion","Tempest"],"picked":"Glacier","floor":14},{"not_picked":["Meteor Strike","Core Surge"],"picked":"Rainbow","floor":16},{"not_picked":["Redo","Leap+1","Conserve Battery+1"],"picked":"SKIP","floor":18},{"not_picked":["Streamline","Sweeping Beam"],"picked":"Compile Driver","floor":20},{"not_picked":["Beam Cell","Turbo"],"picked":"Defragment","floor":23},{"not_picked":["Genetic Algorithm","Sunder"],"picked":"Cold Snap","floor":24},{"not_picked":["Redo","Reprogram"],"picked":"Consume","floor":27},{"not_picked":["Rip and Tear+1","Coolheaded","Ball Lightning"],"picked":"SKIP","floor":30},{"not_picked":["Sweeping Beam","Lockon"],"picked":"White Noise+1","floor":31},{"not_picked":["Machine Learning","Amplify"],"picked":"Creative AI","floor":33},{"not_picked":["Sweeping Beam","Gash","Turbo"],"picked":"SKIP","floor":35},{"not_picked":["Tempest","Conserve Battery","Beam Cell"],"picked":"SKIP","floor":37},{"not_picked":["Leap","Beam Cell","Streamline"],"picked":"SKIP","floor":39},{"not_picked":["Sweeping Beam+1","Hologram","Genetic Algorithm+1"],"picked":"SKIP","floor":41},{"not_picked":["Sweeping Beam","Cold Snap","Steam"],"picked":"SKIP","floor":45},{"not_picked":["Leap","FTL+1","Redo+1"],"picked":"SKIP","floor":46},{"not_picked":["Rainbow","Leap","Barrage"],"picked":"SKIP","floor":47},{"not_picked":["Redo","Stack"],"picked":"Darkness","floor":48}],"player_experience":754337,"relics_obtained":[{"floor":6,"key":"Bag of Marbles"},{"floor":8,"key":"Odd Mushroom"},{"floor":9,"key":"Whetstone"},{"floor":14,"key":"Bronze Scales"},{"floor":23,"key":"Regal Pillow"},{"floor":26,"key":"Lantern"},{"floor":30,"key":"Bag of Preparation"},{"floor":41,"key":"Letter Opener"},{"floor":43,"key":"Ornamental Fan"}],"event_choices":[{"damage_healed":0,"gold_gain":0,"cards_transformed":["Strike_B"],"player_choice":"Change","damage_taken":0,"max_hp_gain":0,"max_hp_loss":0,"event_name":"Living Wall","floor":2,"gold_loss":0,"cards_obtained":["Multi-Cast"]},{"cards_removed":["Defend_B"],"damage_healed":0,"gold_gain":0,"player_choice":"Card Removal","damage_taken":0,"max_hp_gain":0,"max_hp_loss":0,"event_name":"The Cleric","floor":3,"gold_loss":50},{"damage_healed":0,"gold_gain":0,"player_choice":"Fought Mushrooms","damage_taken":0,"max_hp_gain":0,"max_hp_loss":0,"event_name":"Mushrooms","floor":8,"gold_loss":0},{"damage_healed":0,"gold_gain":0,"player_choice":"Searched \u00271\u0027 times","damage_taken":0,"max_hp_gain":0,"max_hp_loss":0,"event_name":"Dead Adventurer","floor":14,"gold_loss":0},{"damage_healed":0,"gold_gain":99,"player_choice":"Stole From Cult","damage_taken":0,"max_hp_gain":0,"max_hp_loss":0,"event_name":"Nest","floor":19,"gold_loss":0},{"cards_removed":["Strike_B"],"damage_healed":0,"gold_gain":0,"player_choice":"Gave Gold","damage_taken":0,"max_hp_gain":0,"max_hp_loss":0,"event_name":"Beggar","floor":21,"gold_loss":75},{"damage_healed":0,"gold_gain":0,"player_choice":"Ignored","damage_taken":0,"max_hp_gain":0,"max_hp_loss":0,"event_name":"Vampires","floor":29,"gold_loss":0},{"damage_healed":0,"gold_gain":0,"player_choice":"Copied","damage_taken":0,"max_hp_gain":0,"max_hp_loss":0,"event_name":"Duplicator","floor":36,"gold_loss":0,"cards_obtained":["Capacitor"]}],"is_beta":false,"boss_relics":[{"not_picked":["Velvet Choker","Runic Pyramid"],"picked":"Lizard Tail"},{"not_picked":["Calling Bell","Coffee Dripper"],"picked":"FrozenCore"}],"items_purged_floors":[],"is_endless":false,"potions_floor_spawned":[6,8,12,14,16,20,24,30,31,35,39,46,48],"ascension_level":12}