{"gold_per_floor":[116,126,142,156,175,209,209,219,245,245,261,280,280,455,455,455],"floor_reached":16,"playtime":6373,"items_purged":[],"score":159,"play_id":"ec7c0a5e-59f5-40d8-b5a4-0bb746605548","local_time":"20190120190221","is_ascension_mode":true,"campfire_choices":[{"data":"Capacitor","floor":7,"key":"SMITH"},{"data":"Redo","floor":10,"key":"SMITH"},{"floor":13,"key":"REST"},{"data":"Doom and Gloom","floor":15,"key":"SMITH"}],"neow_cost":"TEN_PERCENT_HP_LOSS","seed_source_timestamp":248595987967547,"circlet_count":0,"master_deck":["AscendersBane","Strike_B","Strike_B","Strike_B","Defend_B","Defend_B","Defend_B","Zap","Dualcast","Capacitor+1","Steam","Coolheaded","Leap","Go for the Eyes","Coolheaded","Redo+1","Capacitor","Doom and Gloom+1","Doubt"],"relics":["Cracked Core","Ornamental Fan","Ancient Tea Set"],"potions_floor_usage":[6,6,16],"damage_taken":[{"damage":4,"enemies":"2 Louse","floor":1,"turns":3},{"damage":13,"enemies":"Small Slimes","floor":2,"turns":4},{"damage":3,"enemies":"Jaw Worm","floor":3,"turns":3},{"damage":6,"enemies":"Looter","floor":4,"turns":4},{"damage":2,"enemies":"2 Fungi Beasts","floor":5,"turns":5},{"damage":3,"enemies":"Lagavulin","floor":6,"turns":7},{"damage":5,"enemies":"3 Louse","floor":8,"turns":5},{"damage":4,"enemies":"Looter","floor":11,"turns":3},{"damage":0,"enemies":"Large Slime","floor":12,"turns":10},{"damage":54,"enemies":"Hexaghost","floor":16,"turns":15}],"seed_played":"-6216169189436877673","potions_obtained":[{"floor":1,"key":"LiquidBronze"},{"floor":3,"key":"Dexterity Potion"},{"floor":4,"key":"Poison Potion"},{"floor":5,"key":"Strength Potion"},{"floor":12,"key":"SkillPotion"}],"is_trial":false,"path_per_floor":["M","M","M","M","M","E","R","M","T","R","M","M","R","?","R","B"],"character_chosen":"DEFECT","items_purchased":[],"campfire_rested":1,"item_purchase_floors":[],"current_hp_per_floor":[64,51,48,42,40,37,37,32,32,32,28,28,48,48,48,0],"gold":455,"neow_bonus":"REMOVE_TWO","is_prod":false,"is_daily":false,"chose_seed":false,"campfire_upgraded":3,"win_rate":0,"timestamp":1548028941,"path_taken":["M","M","M","M","M","E","R","M","T","R","M","M","R","?","R","BOSS"],"build_version":"2019-01-17v2","purchased_purges":0,"victory":false,"max_hp_per_floor":[68,68,68,68,68,68,68,68,68,68,68,68,68,68,68,68],"card_choices":[{"not_picked":["Go for the Eyes","Skim"],"picked":"Capacitor","floor":1},{"not_picked":["Turbo","Stack"],"picked":"Steam","floor":2},{"not_picked":["Compile Driver","Auto Shields"],"picked":"Coolheaded","floor":3},{"not_picked":["Streamline","Turbo"],"picked":"Leap","floor":4},{"not_picked":["Reprogram","Hello World"],"picked":"Go for the Eyes","floor":5},{"not_picked":["Skim","Melter"],"picked":"Coolheaded","floor":6},{"not_picked":["Compile Driver","Hologram"],"picked":"Redo","floor":8},{"not_picked":["Core Surge","Scrape"],"picked":"Capacitor","floor":11},{"not_picked":["Cold Snap","Go for the Eyes"],"picked":"Doom and Gloom","floor":12}],"player_experience":723325,"relics_obtained":[{"floor":6,"key":"Ornamental Fan"},{"floor":9,"key":"Ancient Tea Set"}],"event_choices":[{"damage_healed":0,"gold_gain":175,"player_choice":"AGREE","damage_taken":0,"max_hp_gain":0,"max_hp_loss":0,"event_name":"Liars Game","floor":14,"gold_loss":0,"cards_obtained":["Doubt"]}],"is_beta":false,"boss_relics":[],"items_purged_floors":[],"is_endless":false,"potions_floor_spawned":[1,3,4,5,12],"killed_by":"Hexaghost","ascension_level":10}