{"gold_per_floor":[111,130,144,157,157,182,182,198,277,277,294,310,343,43,43,143,143,159,169,180,180,180,180,180],"floor_reached":24,"playtime":1038,"items_purged":[],"score":336,"play_id":"0afa885a-ebf2-4a81-88f6-b0a676391d9a","local_time":"20190125135302","is_ascension_mode":true,"campfire_choices":[{"data":"Darkness","floor":7,"key":"SMITH"},{"data":"Zap","floor":10,"key":"SMITH"},{"floor":15,"key":"REST"},{"floor":23,"key":"DIG"}],"neow_cost":"NONE","seed_source_timestamp":667569766238825,"circlet_count":0,"master_deck":["AscendersBane","Strike_B","Defend_B","Defend_B","Zap+1","Dualcast","Buffer","Conserve Battery","Ball Lightning","Leap","Sweeping Beam","Darkness+1","Compile Driver","Loop","Echo Form","Lockon","Coolheaded","Machine Learning","Sunder"],"relics":["Cracked Core","Orichalcum","Symbiotic Virus","Calipers","Shovel","Empty Cage","Boot"],"potions_floor_usage":[16,24],"damage_taken":[{"damage":0,"enemies":"Small Slimes","floor":1,"turns":3},{"damage":0,"enemies":"Cultist","floor":2,"turns":3},{"damage":2,"enemies":"2 Louse","floor":3,"turns":2},{"damage":8,"enemies":"Blue Slaver","floor":4,"turns":4},{"damage":20,"enemies":"3 Sentries","floor":6,"turns":8},{"damage":8,"enemies":"3 Louse","floor":8,"turns":3},{"damage":1,"enemies":"2 Fungi Beasts","floor":11,"turns":3},{"damage":0,"enemies":"Large Slime","floor":12,"turns":3},{"damage":10,"enemies":"Lagavulin","floor":13,"turns":5},{"damage":20,"enemies":"Hexaghost","floor":16,"turns":7},{"damage":2,"enemies":"Chosen","floor":18,"turns":4},{"damage":13,"enemies":"Shell Parasite","floor":19,"turns":5},{"damage":2,"enemies":"Snecko","floor":20,"turns":5},{"damage":15,"enemies":"Colosseum Slavers","floor":22,"turns":4},{"damage":37,"enemies":"Gremlin Leader","floor":24,"turns":7}],"seed_played":"-8626721398216221294","potions_obtained":[{"floor":3,"key":"FocusPotion"},{"floor":6,"key":"Ancient Potion"},{"floor":8,"key":"Energy Potion"},{"floor":16,"key":"FocusPotion"}],"is_trial":false,"path_per_floor":["M","M","M","M","?","E","R","M","T","R","M","M","E","$","R","B",null,"M","M","M","?","?","R","E"],"character_chosen":"DEFECT","items_purchased":["Shovel"],"campfire_rested":1,"item_purchase_floors":[14],"current_hp_per_floor":[68,68,66,58,58,38,38,30,30,30,29,29,19,19,41,21,62,60,47,45,45,30,30,0],"gold":180,"neow_bonus":"ONE_RANDOM_RARE_CARD","is_prod":false,"is_daily":false,"chose_seed":false,"campfire_upgraded":2,"win_rate":0,"timestamp":1548442382,"path_taken":["M","M","M","M","?","E","R","M","T","R","M","M","E","$","R","BOSS","M","M","M","?","?","R","E"],"build_version":"2019-01-23","purchased_purges":0,"victory":false,"max_hp_per_floor":[75,75,75,75,75,75,75,75,75,75,75,75,75,75,75,75,75,75,75,75,75,75,75,75],"card_choices":[{"not_picked":["Turbo","Streamline"],"picked":"Conserve Battery","floor":1},{"not_picked":["Cold Snap","Scrape"],"picked":"Ball Lightning","floor":2},{"not_picked":["Compile Driver","Fusion"],"picked":"Leap","floor":3},{"not_picked":["Heatsinks","Undo"],"picked":"Sweeping Beam","floor":4},{"not_picked":["Buffer","Sweeping Beam"],"picked":"Darkness","floor":6},{"not_picked":["Force Field","Beam Cell","Heatsinks"],"picked":"SKIP","floor":8},{"not_picked":["Skim","Gash"],"picked":"Compile Driver","floor":11},{"not_picked":["Rip and Tear","Double Energy","Beam Cell"],"picked":"SKIP","floor":12},{"not_picked":["Go for the Eyes","Auto Shields"],"picked":"Loop","floor":13},{"not_picked":["Biased Cognition","Thunder Strike"],"picked":"Echo Form","floor":16},{"not_picked":["Steam","Static Discharge+1"],"picked":"Lockon","floor":18},{"not_picked":["Leap+1","Hologram+1"],"picked":"Coolheaded","floor":19},{"not_picked":["Skim","Stack","Reprogram"],"picked":"SKIP","floor":20}],"player_experience":748328,"relics_obtained":[{"floor":6,"key":"Orichalcum"},{"floor":9,"key":"Symbiotic Virus"},{"floor":13,"key":"Calipers"},{"floor":23,"key":"Boot"}],"event_choices":[{"cards_removed":["Strike_B"],"damage_healed":0,"gold_gain":0,"player_choice":"Purged","damage_taken":0,"max_hp_gain":0,"max_hp_loss":0,"event_name":"Purifier","floor":5,"gold_loss":0},{"damage_healed":0,"gold_gain":0,"cards_transformed":["Defend_B","Strike_B"],"player_choice":"Became Test Subject","damage_taken":0,"max_hp_gain":0,"max_hp_loss":0,"event_name":"Drug Dealer","floor":21,"gold_loss":0,"cards_obtained":["Machine Learning","Sunder"]},{"damage_healed":0,"gold_gain":0,"player_choice":"Fight","damage_taken":0,"max_hp_gain":0,"max_hp_loss":0,"event_name":"Colosseum","floor":22,"gold_loss":0},{"damage_healed":0,"gold_gain":0,"player_choice":"Fled From Nobs","damage_taken":0,"max_hp_gain":0,"max_hp_loss":0,"event_name":"Colosseum","floor":22,"gold_loss":0}],"is_beta":false,"boss_relics":[{"not_picked":["Inserter","Snecko Eye"],"picked":"Empty Cage"}],"items_purged_floors":[],"is_endless":false,"potions_floor_spawned":[3,6,8,13,16,19],"killed_by":"Gremlin Leader","ascension_level":12}