{"gold_per_floor":[116,116,39,39,39,39,78,92,172,142,175,198,213,288,288,288],"floor_reached":16,"playtime":339,"items_purged":[],"score":200,"play_id":"51a32000-8f96-4e4a-9b5e-e30fffa072f8","local_time":"20190120191302","is_ascension_mode":true,"campfire_choices":[{"data":"Consume","floor":6,"key":"SMITH"},{"data":"Capacitor","floor":15,"key":"SMITH"}],"neow_cost":"NONE","seed_source_timestamp":255430133354542,"circlet_count":0,"master_deck":["AscendersBane","Strike_B","Strike_B","Strike_B","Strike_B","Defend_B","Defend_B","Defend_B","Defend_B","Zap","Dualcast","Capacitor+1","Injury","Consume+1","Auto Shields","Blizzard","Sunder","Sweeping Beam"],"relics":["Cracked Core","NeowsBlessing","Golden Idol","The Courier","Meat on the Bone","Vajra"],"potions_floor_usage":[11,12,13,16,16],"damage_taken":[{"damage":0,"enemies":"Jaw Worm","floor":1,"turns":1},{"damage":0,"enemies":"3 Sentries","floor":7,"turns":2},{"damage":0,"enemies":"2 Louse","floor":8,"turns":1},{"damage":25,"enemies":"Gremlin Nob","floor":11,"turns":4},{"damage":6,"enemies":"Cultist","floor":12,"turns":3},{"damage":4,"enemies":"3 Louse","floor":13,"turns":2},{"damage":54,"enemies":"The Guardian","floor":16,"turns":6}],"seed_played":"1177096401038869157","potions_obtained":[{"floor":7,"key":"LiquidBronze"},{"floor":10,"key":"SteroidPotion"},{"floor":10,"key":"Explosive Potion"},{"floor":11,"key":"Poison Potion"},{"floor":12,"key":"Regen Potion"}],"is_trial":false,"path_per_floor":["M","?","$","?","$","R","E","M","T","?","E","M","M","?","R","B"],"character_chosen":"DEFECT","items_purchased":["Consume"],"campfire_rested":0,"item_purchase_floors":[3],"current_hp_per_floor":[68,68,68,73,73,73,73,73,73,73,48,42,50,39,39,0],"gold":288,"neow_bonus":"THREE_ENEMY_KILL","is_prod":false,"is_daily":false,"chose_seed":false,"campfire_upgraded":2,"win_rate":0,"timestamp":1548029582,"path_taken":["M","?","$","?","?","R","E","M","T","?","E","?","M","?","R","BOSS"],"build_version":"2019-01-17v2","purchased_purges":0,"victory":false,"max_hp_per_floor":[75,75,75,80,80,80,80,80,80,80,80,80,80,80,80,80],"card_choices":[{"not_picked":["Hologram","Static Discharge"],"picked":"Capacitor","floor":1},{"not_picked":["Streamline","Leap"],"picked":"Auto Shields","floor":7},{"not_picked":["Coolheaded","Chill"],"picked":"Blizzard","floor":8},{"not_picked":["Self Repair","Hologram"],"picked":"Sunder","floor":11},{"not_picked":["Force Field","Genetic Algorithm"],"picked":"Sweeping Beam","floor":12},{"not_picked":["Hologram","Self Repair","Stack"],"picked":"SKIP","floor":13}],"player_experience":729948,"relics_obtained":[{"floor":7,"key":"The Courier"},{"floor":9,"key":"Meat on the Bone"},{"floor":11,"key":"Vajra"}],"event_choices":[{"damage_healed":0,"gold_gain":0,"player_choice":"Take Wound","damage_taken":0,"relics_obtained":["Golden Idol"],"max_hp_gain":0,"max_hp_loss":0,"event_name":"Golden Idol","floor":2,"gold_loss":0,"cards_obtained":["Injury"]},{"damage_healed":0,"gold_gain":0,"player_choice":"Donut","damage_taken":0,"max_hp_gain":5,"max_hp_loss":0,"event_name":"Big Fish","floor":4,"gold_loss":0},{"damage_healed":0,"gold_gain":0,"player_choice":"Bought 2 Potions","damage_taken":0,"max_hp_gain":0,"max_hp_loss":0,"event_name":"The Woman in Blue","floor":10,"gold_loss":0},{"damage_healed":0,"gold_gain":75,"player_choice":"Gather Gold","damage_taken":11,"max_hp_gain":0,"max_hp_loss":0,"event_name":"World of Goop","floor":14,"gold_loss":0}],"is_beta":false,"boss_relics":[],"items_purged_floors":[],"is_endless":false,"potions_floor_spawned":[7,11,12],"killed_by":"The Guardian","ascension_level":10}