{"gold_per_floor":[109,128,140,215,215,215,215,99,99,99,99,130,201,216,216,316,366,385,405,405,405],"floor_reached":21,"playtime":949,"items_purged":[],"score":266,"play_id":"88587416-c1aa-425a-9812-ebf9a923686b","local_time":"20190120192909","is_ascension_mode":true,"campfire_choices":[{"data":"Capacitor","floor":6,"key":"SMITH"},{"data":"Loop","floor":11,"key":"SMITH"},{"floor":15,"key":"REST"}],"neow_cost":"NONE","seed_source_timestamp":255787088490584,"circlet_count":0,"master_deck":["AscendersBane","Strike_B+1","Strike_B+1","Defend_B+1","Defend_B+1","Defend_B+1","Defend_B+1","Zap","Dualcast","Core Surge","Coolheaded","Capacitor+1","Tempest","Tempest","Loop+1","Genetic Algorithm+1","Coolheaded","Chill","Rainbow","Steam","Amplify"],"relics":["Cracked Core","Sundial","Oddly Smooth Stone","Mercury Hourglass","Tiny House"],"potions_floor_usage":[16],"damage_taken":[{"damage":7,"enemies":"Small Slimes","floor":1,"turns":3},{"damage":0,"enemies":"Jaw Worm","floor":2,"turns":4},{"damage":3,"enemies":"2 Louse","floor":3,"turns":2},{"damage":34,"enemies":"Gremlin Nob","floor":12,"turns":4},{"damage":2,"enemies":"Blue Slaver","floor":14,"turns":5},{"damage":24,"enemies":"Hexaghost","floor":16,"turns":11},{"damage":16,"enemies":"Shell Parasite","floor":18,"turns":7},{"damage":3,"enemies":"3 Byrds","floor":19,"turns":5},{"damage":48,"enemies":"3 Cultists","floor":21,"turns":6}],"seed_played":"-2908090076469548860","potions_obtained":[{"floor":3,"key":"Ancient Potion"},{"floor":12,"key":"Energy Potion"},{"floor":14,"key":"Swift Potion"},{"floor":17,"key":"SpeedPotion"}],"is_trial":false,"path_per_floor":["M","M","M","?","?","R","?","$","T","?","R","E","T","M","R","B",null,"M","M","?","M"],"character_chosen":"DEFECT","items_purchased":["Loop","Genetic Algorithm"],"campfire_rested":1,"item_purchase_floors":[8,8],"current_hp_per_floor":[61,61,58,47,40,40,40,40,40,45,45,11,11,9,33,9,67,51,48,48,0],"gold":405,"neow_bonus":"ONE_RANDOM_RARE_CARD","is_prod":false,"is_daily":false,"chose_seed":false,"campfire_upgraded":2,"win_rate":0,"timestamp":1548030549,"path_taken":["M","M","M","?","?","R","?","?","T","?","R","E","?","M","R","BOSS","M","M","?","M"],"build_version":"2019-01-17v2","purchased_purges":0,"victory":false,"max_hp_per_floor":[75,75,75,75,75,75,75,75,75,80,80,80,80,80,80,80,85,85,85,85,85],"card_choices":[{"not_picked":["Beam Cell","Conserve Battery"],"picked":"Coolheaded","floor":1},{"not_picked":["Chill","Barrage"],"picked":"Capacitor","floor":2},{"not_picked":["Rebound","Streamline"],"picked":"Tempest","floor":3},{"not_picked":["Redo","Sweeping Beam"],"picked":"Coolheaded","floor":12},{"not_picked":["Doom and Gloom","Rebound"],"picked":"Chill","floor":14},{"not_picked":["Buffer","Core Surge"],"picked":"Rainbow","floor":16},{"not_picked":["Sweeping Beam","Streamline+1"],"picked":"Steam","floor":18},{"not_picked":["Coolheaded","Beam Cell"],"picked":"Amplify","floor":19}],"player_experience":730287,"relics_obtained":[{"floor":9,"key":"Sundial"},{"floor":12,"key":"Oddly Smooth Stone"},{"floor":13,"key":"Mercury Hourglass"}],"event_choices":[{"damage_healed":0,"gold_gain":75,"player_choice":"Gather Gold","damage_taken":11,"max_hp_gain":0,"max_hp_loss":0,"event_name":"World of Goop","floor":4,"gold_loss":0},{"cards_removed":["Strike_B"],"damage_healed":0,"gold_gain":0,"player_choice":"Card Removal","damage_taken":7,"max_hp_gain":0,"max_hp_loss":0,"event_name":"Golden Wing","floor":5,"gold_loss":0},{"damage_healed":0,"gold_gain":0,"cards_transformed":["Strike_B"],"player_choice":"Change","damage_taken":0,"max_hp_gain":0,"max_hp_loss":0,"event_name":"Living Wall","floor":7,"gold_loss":0,"cards_obtained":["Tempest"]},{"damage_healed":0,"gold_gain":0,"player_choice":"Donut","damage_taken":0,"max_hp_gain":5,"max_hp_loss":0,"event_name":"Big Fish","floor":10,"gold_loss":0},{"damage_healed":0,"gold_gain":0,"player_choice":"Simplicity","damage_taken":0,"max_hp_gain":0,"max_hp_loss":0,"event_name":"Back to Basics","floor":20,"gold_loss":0,"cards_upgraded":["Strike_B","Strike_B","Defend_B","Defend_B","Defend_B","Defend_B"]}],"is_beta":false,"boss_relics":[{"not_picked":["Philosopher\u0027s Stone","FrozenCore"],"picked":"Tiny House"}],"items_purged_floors":[],"is_endless":false,"potions_floor_spawned":[3,12,14,18],"killed_by":"3 Cultists","ascension_level":10}