{"gold_per_floor":[112,412,428,16,30,61,81,81,130,162,174,216,3,3,3,106,106,124,124,124,139,219,219,247,247,247,247,346,346],"floor_reached":29,"playtime":1054,"items_purged":["Strike_B"],"score":398,"play_id":"cf3d4b09-9542-4861-9260-ab7de6b0efed","local_time":"20190123230659","is_ascension_mode":true,"campfire_choices":[{"data":"Zap","floor":8,"key":"SMITH"},{"floor":15,"key":"REST"},{"floor":23,"key":"REST"},{"data":"Creative AI","floor":25,"key":"SMITH"},{"data":"Amplify","floor":27,"key":"SMITH"}],"neow_cost":"NONE","seed_source_timestamp":527971792343381,"circlet_count":0,"master_deck":["AscendersBane","Strike_B","Strike_B+1","Defend_B","Defend_B","Defend_B","Defend_B","Zap+1","Dualcast","Cold Snap+1","Conserve Battery","Dramatic Entrance","Ball Lightning","BootSequence","Steam","Amplify+1","Chill","Loop","Blizzard","Coolheaded","Pain","Creative AI+1","Redo+1","Compile Driver","Storm+1"],"relics":["FrozenCore","NeowsBlessing","Old Coin","Tiny Chest","Medical Kit","Smiling Mask","Whetstone","MawBank","Sundial","WarpedTongs","Bronze Scales","StoneCalendar","Frozen Egg 2","Omamori","Matryoshka"],"potions_floor_usage":[10,12,16,24],"damage_taken":[{"damage":0,"enemies":"Cultist","floor":1,"turns":1},{"damage":0,"enemies":"2 Louse","floor":3,"turns":1},{"damage":0,"enemies":"Small Slimes","floor":5,"turns":1},{"damage":18,"enemies":"3 Sentries","floor":6,"turns":7},{"damage":4,"enemies":"Red Slaver","floor":7,"turns":3},{"damage":14,"enemies":"Lagavulin","floor":10,"turns":6},{"damage":9,"enemies":"3 Sentries","floor":12,"turns":6},{"damage":39,"enemies":"The Guardian","floor":16,"turns":17},{"damage":28,"enemies":"3 Byrds","floor":18,"turns":6},{"damage":5,"enemies":"Shell Parasite","floor":21,"turns":6},{"damage":17,"enemies":"Slavers","floor":24,"turns":6},{"damage":41,"enemies":"Gremlin Leader","floor":29,"turns":6}],"seed_played":"6652036575879327166","potions_obtained":[{"floor":6,"key":"Dexterity Potion"},{"floor":10,"key":"Regen Potion"},{"floor":12,"key":"Weak Potion"},{"floor":18,"key":"AttackPotion"}],"is_trial":false,"path_per_floor":["M","T","M","$","M","E","M","R","T","E","?","E","$","?","R","B",null,"M","T","T","M","T","R","E","R","T","R","?","E"],"character_chosen":"DEFECT","items_purchased":["Tiny Chest","Medical Kit","Dramatic Entrance","Loop","Blizzard","Coolheaded"],"campfire_rested":2,"item_purchase_floors":[4,4,4,13,13,13],"current_hp_per_floor":[68,68,68,68,68,50,46,46,46,32,25,31,31,31,53,14,60,32,32,32,27,27,49,32,32,32,32,32,0],"gold":346,"neow_bonus":"THREE_ENEMY_KILL","is_prod":false,"is_daily":false,"chose_seed":false,"campfire_upgraded":3,"win_rate":0,"timestamp":1548302819,"path_taken":["M","?","?","$","M","E","M","R","T","E","?","E","$","?","R","BOSS","M","?","?","?","?","R","E","R","T","R","?","E"],"build_version":"2019-01-23","purchased_purges":1,"victory":false,"max_hp_per_floor":[75,75,75,75,75,75,75,75,75,75,75,75,75,75,75,75,75,75,75,75,75,75,75,75,75,75,75,75,75],"card_choices":[{"not_picked":["Rebound","Coolheaded"],"picked":"Cold Snap","floor":1},{"not_picked":["Lockon","Tempest"],"picked":"Conserve Battery","floor":3},{"not_picked":["Force Field","Gash"],"picked":"Ball Lightning","floor":5},{"not_picked":["Cold Snap","Barrage"],"picked":"BootSequence","floor":6},{"not_picked":["Cold Snap","Self Repair"],"picked":"Steam","floor":7},{"not_picked":["Rip and Tear","Steam"],"picked":"Amplify","floor":10},{"not_picked":["Gash","Static Discharge"],"picked":"Chill","floor":12},{"not_picked":["Buffer","Core Surge"],"picked":"Creative AI","floor":16},{"not_picked":["BootSequence+1","Self Repair+1"],"picked":"Redo+1","floor":18},{"not_picked":["Gash","Steam"],"picked":"Compile Driver","floor":21},{"not_picked":["Ball Lightning","Go for the Eyes+1"],"picked":"Storm+1","floor":24}],"player_experience":741399,"relics_obtained":[{"floor":2,"key":"Old Coin"},{"floor":6,"key":"Smiling Mask"},{"floor":9,"key":"Whetstone"},{"floor":10,"key":"MawBank"},{"floor":12,"key":"Sundial"},{"floor":19,"key":"Bronze Scales"},{"floor":20,"key":"StoneCalendar"},{"floor":22,"key":"Frozen Egg 2"},{"floor":24,"key":"Omamori"},{"floor":26,"key":"Matryoshka"}],"event_choices":[{"cards_removed":["Strike_B"],"damage_healed":0,"gold_gain":0,"player_choice":"Card Removal","damage_taken":7,"max_hp_gain":0,"max_hp_loss":0,"event_name":"Golden Wing","floor":11,"gold_loss":0},{"damage_healed":0,"gold_gain":0,"player_choice":"Rummage","damage_taken":0,"relics_obtained":["WarpedTongs"],"max_hp_gain":0,"max_hp_loss":0,"event_name":"Accursed Blacksmith","floor":14,"gold_loss":0,"cards_obtained":["Pain"]},{"damage_healed":0,"gold_gain":99,"player_choice":"Stole From Cult","damage_taken":0,"max_hp_gain":0,"max_hp_loss":0,"event_name":"Nest","floor":28,"gold_loss":0}],"is_beta":false,"boss_relics":[{"not_picked":["White Beast Statue","Busted Crown"],"picked":"FrozenCore"}],"items_purged_floors":[13],"is_endless":false,"potions_floor_spawned":[6,10,12,18],"killed_by":"Gremlin Leader","ascension_level":11}