{"gold_per_floor":[109,125,140,154,154,483,483,495,495,529,592,592,607,623,623,623],"floor_reached":16,"playtime":737,"items_purged":[],"score":177,"play_id":"dc9c5ad6-0990-4dc1-a7d1-bf226b394fe0","local_time":"20190124113221","is_ascension_mode":true,"campfire_choices":[{"data":"Fission","floor":7,"key":"SMITH"},{"floor":12,"key":"REST"},{"data":"Chaos","floor":15,"key":"SMITH"}],"neow_cost":"NONE","seed_source_timestamp":573016367090674,"circlet_count":0,"master_deck":["AscendersBane","Strike_B","Strike_B","Strike_B","Strike_B","Defend_B","Defend_B","Defend_B","Defend_B","Zap","Dualcast","Self Repair","Gash","Coolheaded","Conserve Battery","Fission+1","Streamline","Chaos+1","Hologram","Chaos"],"relics":["Cracked Core","NeowsBlessing","Bottled Lightning","Old Coin","Unceasing Top","Juzu Bracelet"],"potions_floor_usage":[10,10,16,16,16,16],"damage_taken":[{"damage":0,"enemies":"Cultist","floor":1,"turns":1},{"damage":0,"enemies":"Small Slimes","floor":2,"turns":1},{"damage":0,"enemies":"Jaw Worm","floor":3,"turns":1},{"damage":7,"enemies":"2 Fungi Beasts","floor":4,"turns":4},{"damage":32,"enemies":"Lagavulin","floor":6,"turns":9},{"damage":19,"enemies":"Exordium Thugs","floor":8,"turns":5},{"damage":19,"enemies":"3 Sentries","floor":10,"turns":9},{"damage":0,"enemies":"Lots of Slimes","floor":13,"turns":4},{"damage":0,"enemies":"Red Slaver","floor":14,"turns":4},{"damage":59,"enemies":"Hexaghost","floor":16,"turns":12}],"seed_played":"5013822619128409062","potions_obtained":[{"floor":1,"key":"Block Potion"},{"floor":3,"key":"LiquidBronze"},{"floor":10,"key":"Poison Potion"},{"floor":14,"key":"EntropicBrew"}],"is_trial":false,"path_per_floor":["M","M","M","M","T","E","R","M","T","E","?","R","M","M","R","B"],"character_chosen":"DEFECT","items_purchased":[],"campfire_rested":1,"item_purchase_floors":[],"current_hp_per_floor":[68,68,68,68,68,43,43,31,31,19,19,41,48,55,55,0],"gold":623,"neow_bonus":"THREE_ENEMY_KILL","is_prod":false,"is_daily":false,"chose_seed":false,"campfire_upgraded":2,"win_rate":0,"timestamp":1548347541,"path_taken":["M","M","M","M","?","E","R","M","T","E","?","R","M","M","R","BOSS"],"build_version":"2019-01-23","purchased_purges":0,"victory":false,"max_hp_per_floor":[75,75,75,75,75,75,75,75,75,75,75,75,75,75,75,75],"card_choices":[{"not_picked":["Skim","Doom and Gloom"],"picked":"Self Repair","floor":1},{"not_picked":["Sweeping Beam","Consume"],"picked":"Gash","floor":2},{"not_picked":["Reprogram","Conserve Battery"],"picked":"Coolheaded","floor":3},{"not_picked":["Beam Cell","Turbo"],"picked":"Conserve Battery","floor":4},{"not_picked":["Conserve Battery","Aggregate"],"picked":"Fission","floor":6},{"not_picked":["Conserve Battery","Recycle"],"picked":"Streamline","floor":8},{"not_picked":["Beam Cell","Heatsinks"],"picked":"Chaos","floor":10},{"not_picked":["Fusion","Stack"],"picked":"Hologram","floor":13},{"not_picked":["Ball Lightning","Go for the Eyes"],"picked":"Chaos","floor":14}],"player_experience":742856,"relics_obtained":[{"floor":5,"key":"Bottled Lightning"},{"floor":6,"key":"Old Coin"},{"floor":9,"key":"Unceasing Top"},{"floor":10,"key":"Juzu Bracelet"}],"event_choices":[{"damage_healed":0,"gold_gain":63,"player_choice":"Gained Gold","damage_taken":0,"max_hp_gain":0,"max_hp_loss":0,"event_name":"Golden Wing","floor":11,"gold_loss":0}],"is_beta":false,"boss_relics":[],"items_purged_floors":[],"is_endless":false,"potions_floor_spawned":[1,3,6,10,14],"killed_by":"Hexaghost","ascension_level":11}