{"gold_per_floor":[10,185,185,260,276,311,321,321,348,49,77,77,90,90,90,192,192,202,188,203,203,203,203,233,233,233,248,248,274,274,284,284,379,379,397,87,103,103,0,0,0,0,0,0,0,15,46,94,94,94],"floor_reached":51,"playtime":2315,"items_purged":["Doubt"],"score":1079,"play_id":"f2c82419-de3b-4da6-a938-ef1c3da1e5b7","local_time":"20190121194959","is_ascension_mode":true,"campfire_choices":[{"floor":8,"key":"REST"},{"floor":12,"key":"REST"},{"data":"Blizzard","floor":15,"key":"SMITH"},{"floor":23,"key":"REST"},{"floor":25,"key":"REST"},{"floor":28,"key":"REST"},{"data":"Jack Of All Trades","floor":30,"key":"SMITH"},{"floor":32,"key":"REST"},{"floor":40,"key":"REST"},{"floor":42,"key":"REST"},{"floor":45,"key":"REST"},{"floor":49,"key":"REST"}],"neow_cost":"NO_GOLD","seed_source_timestamp":342069917450279,"circlet_count":0,"master_deck":["AscendersBane","Strike_B","Strike_B","Strike_B+1","Strike_B","Defend_B","Defend_B","Defend_B","Defend_B+1","Zap","Dualcast","Jack Of All Trades+1","Impatience","Ball Lightning","Blizzard+1","White Noise","Redo+1","Glacier","Fusion","Cold Snap","Meteor Strike","Turbo","Conserve Battery","Conserve Battery+1","Defragment+1","Defragment+1","Coolheaded","Creative AI+1","Steam+1","Writhe","Apotheosis","Bandage Up+1","Panacea","Coolheaded+1","Reboot"],"relics":["Cracked Core","Blood Vial","Potion Belt","Lantern","Thread and Needle","Cables","Inserter","Kunai","Anchor","Frozen Egg 2","Pen Nib","Fusion Hammer","Ice Cream","Red Mask","War Paint","Centennial Puzzle","Vajra"],"potions_floor_usage":[11,20,20,24,24,27,29,33,50],"damage_taken":[{"damage":2,"enemies":"Jaw Worm","floor":1,"turns":3},{"damage":0,"enemies":"Small Slimes","floor":5,"turns":3},{"damage":34,"enemies":"3 Sentries","floor":6,"turns":8},{"damage":0,"enemies":"2 Louse","floor":7,"turns":2},{"damage":10,"enemies":"Gremlin Nob","floor":11,"turns":4},{"damage":0,"enemies":"2 Fungi Beasts","floor":13,"turns":4},{"damage":10,"enemies":"The Guardian","floor":16,"turns":11},{"damage":8,"enemies":"Shell Parasite","floor":18,"turns":7},{"damage":38,"enemies":"2 Thieves","floor":19,"turns":4},{"damage":8,"enemies":"Snake Plant","floor":20,"turns":4},{"damage":20,"enemies":"Book of Stabbing","floor":24,"turns":6},{"damage":16,"enemies":"Chosen and Byrds","floor":27,"turns":5},{"damage":14,"enemies":"Gremlin Leader","floor":29,"turns":6},{"damage":15,"enemies":"Shelled Parasite and Fungi","floor":31,"turns":7},{"damage":15,"enemies":"Automaton","floor":33,"turns":16},{"damage":28,"enemies":"3 Darklings","floor":35,"turns":4},{"damage":4,"enemies":"3 Shapes","floor":37,"turns":4},{"damage":17,"enemies":"Maw","floor":46,"turns":8},{"damage":1,"enemies":"Giant Head","floor":47,"turns":9},{"damage":76,"enemies":"Awakened One","floor":50,"turns":14}],"seed_played":"-8259004438760807480","potions_obtained":[{"floor":6,"key":"Ancient Potion"},{"floor":11,"key":"PowerPotion"},{"floor":13,"key":"PowerPotion"},{"floor":18,"key":"EssenceOfSteel"},{"floor":19,"key":"Fire Potion"},{"floor":22,"key":"PowerPotion"},{"floor":22,"key":"Block Potion"},{"floor":22,"key":"EssenceOfSteel"},{"floor":31,"key":"Fire Potion"},{"floor":47,"key":"Strength Potion"}],"is_trial":false,"path_per_floor":["M","?","?","?","M","E","M","R","T","$","E","R","M","?","R","B",null,"M","M","M","?","?","R","E","R","T","M","R","E","R","M","R","B",null,"M","$","M","?","?","R","?","R","T","$","R","M","E","T","R","B",null],"character_chosen":"DEFECT","items_purchased":["Glacier","Lantern","Ice Cream"],"campfire_rested":10,"item_purchase_floors":[10,10,36],"current_hp_per_floor":[66,66,51,40,40,6,8,30,30,30,22,44,46,34,34,26,63,57,21,15,15,15,37,19,41,41,27,49,37,37,24,46,33,65,39,39,37,56,56,75,65,75,75,75,75,64,71,71,75,5],"gold":94,"neow_bonus":"RANDOM_COLORLESS_2","is_prod":false,"is_daily":false,"chose_seed":false,"campfire_upgraded":2,"win_rate":0,"timestamp":1548118199,"path_taken":["M","?","?","?","M","E","?","R","T","$","E","R","M","?","R","BOSS","M","M","M","?","?","R","E","R","T","M","R","E","R","M","R","BOSS","M","$","?","?","?","R","?","R","T","?","R","M","E","?","R","BOSS"],"build_version":"2019-01-17v2","purchased_purges":1,"victory":true,"max_hp_per_floor":[75,75,75,75,75,75,75,75,75,75,75,75,75,75,75,75,75,75,75,75,75,75,75,75,75,75,75,75,75,75,75,75,75,75,75,75,75,75,75,75,75,75,75,75,75,75,75,75,75,75],"card_choices":[{"not_picked":["Hologram","Steam Power"],"picked":"Ball Lightning","floor":1},{"not_picked":["Turbo","Hello World"],"picked":"Blizzard","floor":5},{"not_picked":["Hello World","Stack"],"picked":"White Noise","floor":6},{"not_picked":["Turbo","Hologram"],"picked":"Redo","floor":7},{"not_picked":["Gash","Aggregate"],"picked":"Fusion","floor":11},{"not_picked":["Fission","Steam"],"picked":"Cold Snap","floor":13},{"not_picked":["Amplify","Reboot"],"picked":"Meteor Strike","floor":16},{"not_picked":["Reinforced Body","Aggregate"],"picked":"Turbo","floor":18},{"not_picked":["Go for the Eyes","Loop"],"picked":"Conserve Battery","floor":19},{"not_picked":["Ball Lightning","Gash+1","Recycle"],"picked":"SKIP","floor":20},{"not_picked":["Melter+1","Thunder Strike"],"picked":"Conserve Battery+1","floor":24},{"not_picked":["Ball Lightning","Auto Shields"],"picked":"Defragment+1","floor":27},{"not_picked":["Double Energy","Coolheaded"],"picked":"Defragment+1","floor":29},{"not_picked":["Capacitor+1","Leap"],"picked":"Coolheaded","floor":31},{"not_picked":["Amplify","Echo Form+1"],"picked":"Creative AI+1","floor":33},{"not_picked":["Turbo","Redo"],"picked":"Steam+1","floor":35},{"not_picked":["Ball Lightning","Steam+1","Hologram+1"],"picked":"SKIP","floor":37},{"not_picked":["PanicButton","Finesse"],"picked":"Apotheosis","floor":41},{"not_picked":["Apotheosis","Deep Breath"],"picked":"Bandage Up","floor":41},{"not_picked":["Purity","Deep Breath"],"picked":"Panacea","floor":41},{"not_picked":["Turbo","Ball Lightning"],"picked":"Coolheaded+1","floor":46},{"not_picked":["Streamline+1","Skim"],"picked":"Reboot","floor":47}],"player_experience":732274,"relics_obtained":[{"floor":6,"key":"Blood Vial"},{"floor":9,"key":"Potion Belt"},{"floor":11,"key":"Thread and Needle"},{"floor":24,"key":"Anchor"},{"floor":26,"key":"Frozen Egg 2"},{"floor":29,"key":"Pen Nib"},{"floor":43,"key":"War Paint"},{"floor":47,"key":"Centennial Puzzle"},{"floor":48,"key":"Vajra"}],"event_choices":[{"damage_healed":0,"gold_gain":175,"player_choice":"AGREE","damage_taken":0,"max_hp_gain":0,"max_hp_loss":0,"event_name":"Liars Game","floor":2,"gold_loss":0,"cards_obtained":["Doubt"]},{"damage_healed":0,"gold_gain":0,"player_choice":"Entered Light","damage_taken":15,"max_hp_gain":0,"max_hp_loss":0,"event_name":"Shining Light","floor":3,"gold_loss":0,"cards_upgraded":["Strike_B","Defend_B"]},{"damage_healed":0,"gold_gain":75,"player_choice":"Gather Gold","damage_taken":11,"max_hp_gain":0,"max_hp_loss":0,"event_name":"World of Goop","floor":4,"gold_loss":0},{"damage_healed":0,"gold_gain":0,"player_choice":"Success","damage_taken":12,"relics_obtained":["Cables"],"max_hp_gain":0,"max_hp_loss":0,"event_name":"Scrap Ooze","floor":14,"gold_loss":0},{"damage_healed":0,"gold_gain":0,"player_choice":"Opened","damage_taken":0,"relics_obtained":["Kunai"],"max_hp_gain":0,"max_hp_loss":0,"event_name":"The Mausoleum","floor":21,"gold_loss":0},{"damage_healed":0,"gold_gain":0,"player_choice":"Got Potions","damage_taken":0,"max_hp_gain":0,"max_hp_loss":0,"event_name":"Lab","floor":22,"gold_loss":0},{"damage_healed":19,"gold_gain":0,"player_choice":"Writhe","damage_taken":0,"max_hp_gain":0,"max_hp_loss":0,"event_name":"Winding Halls","floor":38,"gold_loss":0,"cards_obtained":["Writhe"]},{"damage_healed":0,"gold_gain":0,"player_choice":"Paid","damage_taken":0,"relics_obtained":["Red Mask"],"max_hp_gain":0,"max_hp_loss":0,"event_name":"Tomb of Lord Red Mask","floor":39,"gold_loss":103},{"damage_healed":0,"gold_gain":0,"player_choice":"Memory 3","damage_taken":10,"max_hp_gain":0,"max_hp_loss":0,"event_name":"SensoryStone","floor":41,"gold_loss":0}],"is_beta":false,"boss_relics":[{"not_picked":["Orrery","Busted Crown"],"picked":"Inserter"},{"not_picked":["Coffee Dripper","Lizard Tail"],"picked":"Fusion Hammer"}],"items_purged_floors":[10],"is_endless":false,"potions_floor_spawned":[6,11,13,18,19,31,47],"ascension_level":10}