{"gold_per_floor":[118,118,137,312,312,312,312,381,427,427,122,158,171,202,202,202],"floor_reached":16,"playtime":444,"items_purged":["Doubt"],"score":233,"play_id":"ac89ef13-82b6-43cf-b5e6-085a8daad902","local_time":"20190209161117","is_ascension_mode":true,"campfire_choices":[{"data":"Zap","floor":6,"key":"SMITH"},{"data":"Defragment","floor":10,"key":"SMITH"},{"data":"Apotheosis","floor":15,"key":"SMITH"}],"neow_cost":"NONE","seed_source_timestamp":331209390353521,"circlet_count":0,"master_deck":["AscendersBane","Strike_B","Strike_B","Strike_B","Strike_B","Defend_B+1","Defend_B","Defend_B","Defend_B","Zap+1","Dualcast+1","Gash","Lockon","Injury","Defragment+1","Apotheosis+1","Coolheaded","Leap","Fusion","Glacier"],"relics":["Cracked Core","NeowsBlessing","War Paint","Golden Idol","Tiny Chest","Anchor","Blood Vial","FossilizedHelix"],"potions_floor_usage":[12,12,14],"damage_taken":[{"damage":0,"enemies":"Small Slimes","floor":1,"turns":1},{"damage":0,"enemies":"2 Louse","floor":3,"turns":1},{"damage":0,"enemies":"Lagavulin","floor":8,"turns":3},{"damage":14,"enemies":"3 Sentries","floor":12,"turns":7},{"damage":0,"enemies":"Cultist","floor":13,"turns":4},{"damage":22,"enemies":"Gremlin Nob","floor":14,"turns":4},{"damage":31,"enemies":"Hexaghost","floor":16,"turns":14}],"seed_played":"-2992141783421859604","potions_obtained":[{"floor":3,"key":"Block Potion"},{"floor":8,"key":"Explosive Potion"},{"floor":12,"key":"Poison Potion"}],"is_trial":false,"path_per_floor":["M","?","M","?","?","R","?","E","T","R","$","E","M","E","R","B"],"character_chosen":"DEFECT","items_purchased":["Apotheosis","Coolheaded"],"campfire_rested":0,"item_purchase_floors":[11,11],"current_hp_per_floor":[68,35,35,35,35,35,60,60,60,60,60,46,48,28,28,0],"gold":202,"neow_bonus":"THREE_ENEMY_KILL","is_prod":false,"is_daily":false,"chose_seed":false,"campfire_upgraded":3,"win_rate":0,"timestamp":1549746677,"path_taken":["M","?","M","?","?","R","?","E","T","R","?","E","?","E","R","BOSS"],"build_version":"2019-01-23","purchased_purges":1,"victory":false,"max_hp_per_floor":[75,75,75,75,75,75,75,75,75,75,75,75,75,75,75,75],"card_choices":[{"not_picked":["FTL","Storm"],"picked":"Gash","floor":1},{"not_picked":["Heatsinks","Beam Cell"],"picked":"Lockon","floor":3},{"not_picked":["Beam Cell","Hologram"],"picked":"Defragment","floor":8},{"not_picked":["Sunder","Turbo"],"picked":"Leap","floor":12},{"not_picked":["Hologram","Rainbow"],"picked":"Fusion","floor":13},{"not_picked":["Auto Shields","Heatsinks"],"picked":"Glacier","floor":14}],"player_experience":793609,"relics_obtained":[{"floor":8,"key":"Tiny Chest"},{"floor":9,"key":"Anchor"},{"floor":12,"key":"Blood Vial"},{"floor":14,"key":"FossilizedHelix"}],"event_choices":[{"damage_healed":0,"gold_gain":0,"player_choice":"Success","damage_taken":33,"relics_obtained":["War Paint"],"max_hp_gain":0,"max_hp_loss":0,"event_name":"Scrap Ooze","floor":2,"gold_loss":0},{"damage_healed":0,"gold_gain":175,"player_choice":"AGREE","damage_taken":0,"max_hp_gain":0,"max_hp_loss":0,"event_name":"Liars Game","floor":4,"gold_loss":0,"cards_obtained":["Doubt"]},{"damage_healed":0,"gold_gain":0,"player_choice":"Take Wound","damage_taken":0,"relics_obtained":["Golden Idol"],"max_hp_gain":0,"max_hp_loss":0,"event_name":"Golden Idol","floor":5,"gold_loss":0,"cards_obtained":["Injury"]},{"damage_healed":25,"gold_gain":0,"player_choice":"Banana","damage_taken":0,"max_hp_gain":0,"max_hp_loss":0,"event_name":"Big Fish","floor":7,"gold_loss":0}],"is_beta":false,"boss_relics":[],"items_purged_floors":[11],"is_endless":false,"potions_floor_spawned":[3,8,12],"killed_by":"Hexaghost","ascension_level":13}