{"gold_per_floor":[365,4,4,4,24,24,35,52,52,52,81,81,101,176,176,247,247,261,277,277,296,296,296],"floor_reached":23,"playtime":635,"items_purged":["Decay"],"score":315,"play_id":"795299c7-3d0b-4e51-ac18-3d27a102d91e","local_time":"20190222223600","is_ascension_mode":true,"campfire_choices":[{"data":"Scrape","floor":6,"key":"SMITH"},{"floor":10,"key":"REST"},{"floor":15,"key":"REST"}],"neow_cost":"CURSE","seed_source_timestamp":20943236787832,"circlet_count":0,"master_deck":["AscendersBane","Strike_B","Strike_B+1","Defend_B","Defend_B","Defend_B","Defend_B","Zap+1","Dualcast","Gash","Scrape+1","Hello World","Sunder","Beam Cell","Rebound","Heatsinks","Chill","Creative AI","Gash","Skim","FTL"],"relics":["Cracked Core","Question Card","Regal Pillow","Bottled Flame","Sozu"],"potions_floor_usage":[19,23],"damage_taken":[{"damage":5,"enemies":"Small Slimes","floor":1,"turns":4},{"damage":0,"enemies":"2 Louse","floor":5,"turns":3},{"damage":0,"enemies":"Cultist","floor":7,"turns":3},{"damage":8,"enemies":"Blue Slaver","floor":8,"turns":3},{"damage":18,"enemies":"3 Sentries","floor":11,"turns":6},{"damage":12,"enemies":"Exordium Wildlife","floor":13,"turns":3},{"damage":46,"enemies":"The Guardian","floor":16,"turns":11},{"damage":10,"enemies":"Chosen","floor":18,"turns":3},{"damage":3,"enemies":"Spheric Guardian","floor":19,"turns":3},{"damage":20,"enemies":"Snecko","floor":21,"turns":5},{"damage":32,"enemies":"Book of Stabbing","floor":23,"turns":3}],"seed_played":"1362490882440752403","potions_obtained":[{"floor":5,"key":"FocusPotion"},{"floor":11,"key":"Fire Potion"}],"is_trial":false,"path_per_floor":["M","$","?","?","M","R","M","M","T","R","E","?","M","?","R","B",null,"M","M","?","M","?","E"],"character_chosen":"DEFECT","items_purchased":["Question Card","Scrape"],"campfire_rested":2,"item_purchase_floors":[2,2],"current_hp_per_floor":[63,63,48,41,41,41,41,33,33,70,52,52,40,29,66,20,61,51,48,48,28,28,0],"gold":296,"neow_bonus":"TWO_FIFTY_GOLD","is_prod":false,"is_daily":false,"chose_seed":false,"campfire_upgraded":1,"win_rate":0,"timestamp":1550892960,"path_taken":["M","$","?","?","M","R","M","M","T","R","E","?","?","?","R","BOSS","M","M","?","M","?","E"],"build_version":"2019-01-23","purchased_purges":1,"victory":false,"max_hp_per_floor":[75,75,75,75,75,75,75,75,75,75,75,75,75,75,75,75,75,75,75,75,75,75,75],"card_choices":[{"not_picked":["Beam Cell","Hologram"],"picked":"Gash","floor":1},{"not_picked":["Consume","Cold Snap","Barrage"],"picked":"Hello World","floor":5},{"not_picked":["Recycle","Loop","Coolheaded"],"picked":"Sunder","floor":7},{"not_picked":["Compile Driver","Steam Power","Steam"],"picked":"Beam Cell","floor":8},{"not_picked":["Doom and Gloom","Turbo","Compile Driver"],"picked":"Rebound","floor":11},{"not_picked":["Tempest","Amplify","Capacitor"],"picked":"Chill","floor":13},{"not_picked":["Buffer","Reboot","Seek"],"picked":"Creative AI","floor":16},{"not_picked":["Reinforced Body","Barrage","Chill"],"picked":"Gash","floor":18},{"not_picked":["Glacier","Melter","Defragment"],"picked":"Skim","floor":19},{"not_picked":["Hologram","Genetic Algorithm","Doom and Gloom"],"picked":"FTL","floor":21}],"player_experience":811799,"relics_obtained":[{"floor":9,"key":"Regal Pillow"},{"floor":11,"key":"Bottled Flame"}],"event_choices":[{"damage_healed":0,"gold_gain":0,"player_choice":"Entered Light","damage_taken":15,"max_hp_gain":0,"max_hp_loss":0,"event_name":"Shining Light","floor":3,"gold_loss":0,"cards_upgraded":["Zap","Strike_B"]},{"cards_removed":["Strike_B"],"damage_healed":0,"gold_gain":0,"player_choice":"Card Removal","damage_taken":7,"max_hp_gain":0,"max_hp_loss":0,"event_name":"Golden Wing","floor":4,"gold_loss":0},{"damage_healed":0,"gold_gain":0,"cards_transformed":["Strike_B"],"player_choice":"Transformed","damage_taken":0,"max_hp_gain":0,"max_hp_loss":0,"event_name":"Transmorgrifier","floor":12,"gold_loss":0,"cards_obtained":["Heatsinks"]},{"damage_healed":0,"gold_gain":75,"player_choice":"Gather Gold","damage_taken":11,"max_hp_gain":0,"max_hp_loss":0,"event_name":"World of Goop","floor":14,"gold_loss":0},{"damage_healed":0,"gold_gain":0,"player_choice":"Ignored","damage_taken":0,"max_hp_gain":0,"max_hp_loss":0,"event_name":"Vampires","floor":20,"gold_loss":0},{"damage_healed":0,"gold_gain":0,"player_choice":"Ignored","damage_taken":0,"max_hp_gain":0,"max_hp_loss":0,"event_name":"Ghosts","floor":22,"gold_loss":0}],"is_beta":false,"boss_relics":[{"not_picked":["Tiny House","Calling Bell"],"picked":"Sozu"}],"items_purged_floors":[2],"is_endless":false,"potions_floor_spawned":[5,11],"killed_by":"Book of Stabbing","ascension_level":13}