{"gold_per_floor":[110,110,110,130,145,178,22,36,36,36,0,0],"floor_reached":12,"playtime":208,"items_purged":[],"score":129,"play_id":"2b0a228e-8970-4370-ade9-65c135426996","local_time":"20190222221420","is_ascension_mode":true,"campfire_choices":[{"floor":10,"key":"REST"}],"neow_cost":"NONE","seed_source_timestamp":20070725812069,"circlet_count":0,"master_deck":["AscendersBane","Strike_B","Strike_B","Strike_B","Defend_B","Defend_B","Defend_B","Defend_B","Zap","Dualcast","Go for the Eyes","Tempest","Leap","Conserve Battery","All For One","Defragment","Loop"],"relics":["Cracked Core","NeowsBlessing","Smiling Mask","Ginger","Singing Bowl"],"potions_floor_usage":[],"damage_taken":[{"damage":0,"enemies":"Jaw Worm","floor":1,"turns":1},{"damage":0,"enemies":"2 Louse","floor":4,"turns":1},{"damage":0,"enemies":"Small Slimes","floor":5,"turns":1},{"damage":35,"enemies":"Lagavulin","floor":6,"turns":7},{"damage":15,"enemies":"3 Louse","floor":8,"turns":3},{"damage":38,"enemies":"Gremlin Nob","floor":12,"turns":3}],"seed_played":"6744540688747644971","potions_obtained":[{"floor":4,"key":"Ancient Potion"},{"floor":5,"key":"Ancient Potion"}],"is_trial":false,"path_per_floor":["M","?","?","M","M","E","$","M","T","R","?","E"],"character_chosen":"DEFECT","items_purchased":["All For One","Defragment"],"campfire_rested":1,"item_purchase_floors":[7,7],"current_hp_per_floor":[68,61,54,54,54,19,19,4,4,26,26,0],"gold":0,"neow_bonus":"THREE_ENEMY_KILL","is_prod":false,"is_daily":false,"chose_seed":false,"campfire_upgraded":0,"win_rate":0,"timestamp":1550891660,"path_taken":["M","?","?","M","M","E","$","M","T","R","?","E"],"build_version":"2019-01-23","purchased_purges":0,"victory":false,"max_hp_per_floor":[75,75,75,75,75,75,75,75,75,75,75,75],"card_choices":[{"not_picked":["Conserve Battery","Cold Snap"],"picked":"Go for the Eyes","floor":1},{"not_picked":["Self Repair","Turbo"],"picked":"Tempest","floor":4},{"not_picked":["Heatsinks","Beam Cell"],"picked":"Leap","floor":5},{"not_picked":["Leap","Sweeping Beam"],"picked":"Conserve Battery","floor":6},{"not_picked":["Blizzard","Turbo"],"picked":"Loop","floor":8}],"player_experience":810946,"relics_obtained":[{"floor":6,"key":"Ginger"},{"floor":9,"key":"Singing Bowl"}],"event_choices":[{"cards_removed":["Strike_B"],"damage_healed":0,"gold_gain":0,"player_choice":"Card Removal","damage_taken":7,"max_hp_gain":0,"max_hp_loss":0,"event_name":"Golden Wing","floor":2,"gold_loss":0},{"damage_healed":0,"gold_gain":0,"player_choice":"Success","damage_taken":7,"relics_obtained":["Smiling Mask"],"max_hp_gain":0,"max_hp_loss":0,"event_name":"Scrap Ooze","floor":3,"gold_loss":0},{"damage_healed":0,"gold_gain":0,"player_choice":"Left Gold","damage_taken":0,"max_hp_gain":0,"max_hp_loss":0,"event_name":"World of Goop","floor":11,"gold_loss":36}],"is_beta":false,"boss_relics":[],"items_purged_floors":[],"is_endless":false,"potions_floor_spawned":[4,5,6],"killed_by":"Gremlin Nob","ascension_level":13}