{"gold_per_floor":[19,19,19,29,42,42,74,74,101,133,61,77,92,92],"floor_reached":14,"playtime":557,"items_purged":[],"score":165,"play_id":"93974ade-24dc-45c3-be5a-8162a68b99ab","local_time":"20190222135239","is_ascension_mode":true,"campfire_choices":[{"data":"Reinforced Body","floor":6,"key":"SMITH"},{"data":"Zap","floor":8,"key":"SMITH"}],"neow_cost":"NO_GOLD","seed_source_timestamp":0,"circlet_count":0,"master_deck":["AscendersBane","Strike_B+1","Strike_B+1","Strike_B","Defend_B","Defend_B","Defend_B","Zap+1","Dualcast","Reinforced Body+1","Regret","Reboot","Trip","Consume","Coolheaded","Tempest","Chill","Heatsinks","Go for the Eyes"],"special_seed":0,"relics":["Cracked Core","Blood Vial","Dodecahedron","Whetstone","Mummified Hand"],"potions_floor_usage":[10,12],"damage_taken":[{"damage":4,"enemies":"Small Slimes","floor":1,"turns":3},{"damage":1,"enemies":"2 Louse","floor":4,"turns":2},{"damage":2,"enemies":"Cultist","floor":5,"turns":4},{"damage":22,"enemies":"Lagavulin","floor":7,"turns":7},{"damage":41,"enemies":"3 Sentries","floor":10,"turns":9},{"damage":2,"enemies":"Looter","floor":12,"turns":2},{"damage":2,"enemies":"Exordium Wildlife","floor":13,"turns":4},{"damage":2,"enemies":"Large Slime","floor":14,"turns":2}],"seed_played":"-5910531672066911634","potions_obtained":[{"floor":7,"key":"Block Potion"},{"floor":10,"key":"FocusPotion"},{"floor":13,"key":"LiquidBronze"}],"is_trial":false,"path_per_floor":["M","?","?","M","M","R","E","R","T","E","$","M","M","M"],"character_chosen":"DEFECT","items_purchased":["Heatsinks"],"campfire_rested":0,"item_purchase_floors":[11],"current_hp_per_floor":[64,64,64,65,65,65,45,45,45,6,6,6,6,6],"gold":92,"neow_bonus":"REMOVE_TWO","is_prod":false,"is_daily":false,"chose_seed":false,"campfire_upgraded":2,"win_rate":0,"timestamp":1550861559,"path_taken":["M","?","?","M","M","R","E","R","T","E","$","M","?","M"],"build_version":"2019-01-23","purchased_purges":0,"victory":false,"max_hp_per_floor":[75,75,75,75,75,75,75,75,75,75,75,75,75,75],"card_choices":[{"not_picked":["Rebound","Go for the Eyes"],"picked":"Reinforced Body","floor":1},{"not_picked":["Steam","Double Energy"],"picked":"Consume","floor":4},{"not_picked":["Self Repair","Gash"],"picked":"Coolheaded","floor":5},{"not_picked":["Hologram","Multi-Cast"],"picked":"Tempest","floor":7},{"not_picked":["Hologram","Aggregate"],"picked":"Chill","floor":10},{"not_picked":["Steam Power","Double Energy","Recycle"],"picked":"SKIP","floor":12},{"not_picked":["Recycle","Rebound"],"picked":"Go for the Eyes","floor":13}],"player_experience":810389,"relics_obtained":[{"floor":7,"key":"Dodecahedron"},{"floor":9,"key":"Whetstone"},{"floor":10,"key":"Mummified Hand"}],"event_choices":[{"damage_healed":0,"gold_gain":0,"player_choice":"Box","damage_taken":0,"relics_obtained":["Blood Vial"],"max_hp_gain":0,"max_hp_loss":0,"event_name":"Big Fish","floor":2,"gold_loss":0,"cards_obtained":["Regret"]},{"damage_healed":0,"gold_gain":0,"player_choice":"2 cards matched","damage_taken":0,"max_hp_gain":0,"max_hp_loss":0,"event_name":"Match and Keep!","floor":3,"gold_loss":0,"cards_obtained":["Reboot","Trip"]}],"is_beta":false,"boss_relics":[],"items_purged_floors":[],"is_endless":false,"potions_floor_spawned":[7,10,13],"killed_by":"Large Slime","ascension_level":13}