{"gold_per_floor":[109,109,119,45,45,45,81,81,81,97,97,128,143,68,68,162,162,178,178,6,26,26,26,26,26,108,108,108,108],"floor_reached":29,"playtime":661,"items_purged":["Injury","Normality"],"score":416,"play_id":"d5443719-cd7c-455f-b523-9f786041d384","local_time":"20190212224947","is_ascension_mode":true,"campfire_choices":[{"data":"Zap","floor":6,"key":"SMITH"},{"data":"Dualcast","floor":8,"key":"SMITH"},{"data":"Chaos","floor":11,"key":"SMITH"},{"data":"Conserve Battery","floor":15,"key":"SMITH"},{"data":"Defragment","floor":23,"key":"SMITH"},{"data":"Consume","floor":25,"key":"SMITH"},{"data":"Coolheaded","floor":27,"key":"SMITH"}],"neow_cost":"NONE","seed_source_timestamp":10294481739834,"circlet_count":0,"master_deck":["AscendersBane","Strike_B+1","Strike_B+1","Defend_B","Defend_B","Defend_B","Defend_B","Zap+1","Dualcast+1","Cold Snap","Biased Cognition","Chaos+1","Conserve Battery+1","Ball Lightning","Sweeping Beam","BootSequence","Beam Cell","Electrodynamics","Decay","Injury","Compile Driver","Glacier","Defragment+1","Consume+1","Coolheaded+1"],"relics":["Cracked Core","NeowsBlessing","Golden Idol","Blue Candle","Ornamental Fan","Calling Bell","Art of War","Dodecahedron","Prayer Wheel","Whetstone","Tiny Chest","Nloth\u0027s Gift"],"potions_floor_usage":[21],"damage_taken":[{"damage":0,"enemies":"Jaw Worm","floor":1,"turns":1},{"damage":0,"enemies":"2 Louse","floor":3,"turns":1},{"damage":0,"enemies":"3 Sentries","floor":7,"turns":1},{"damage":0,"enemies":"Cultist","floor":10,"turns":3},{"damage":18,"enemies":"Lagavulin","floor":12,"turns":6},{"damage":2,"enemies":"Exordium Thugs","floor":13,"turns":4},{"damage":56,"enemies":"Hexaghost","floor":16,"turns":12},{"damage":25,"enemies":"Shell Parasite","floor":18,"turns":5},{"damage":8,"enemies":"3 Byrds","floor":21,"turns":3},{"damage":32,"enemies":"Gremlin Leader","floor":29,"turns":4}],"seed_played":"6476045096842886676","potions_obtained":[{"floor":10,"key":"Energy Potion"},{"floor":12,"key":"LiquidBronze"},{"floor":16,"key":"FocusPotion"},{"floor":21,"key":"FearPotion"}],"is_trial":false,"path_per_floor":["M","?","M","$","?","R","E","R","T","M","R","E","M","$","R","B",null,"M","?","$","M","T","R","$","R","T","R","?","E"],"character_chosen":"DEFECT","items_purchased":["Conserve Battery","Ball Lightning","Defragment"],"campfire_rested":0,"item_purchase_floors":[4,4,20],"current_hp_per_floor":[68,68,68,68,68,68,68,68,78,78,78,60,58,58,58,2,64,39,39,39,31,31,31,31,31,31,31,31,0],"gold":108,"neow_bonus":"THREE_ENEMY_KILL","is_prod":false,"is_daily":false,"chose_seed":false,"campfire_upgraded":7,"win_rate":0,"timestamp":1550029787,"path_taken":["M","?","M","$","?","R","E","R","T","M","R","E","M","?","R","BOSS","M","?","$","?","?","R","$","R","T","R","?","E"],"build_version":"2019-01-23","purchased_purges":2,"victory":false,"max_hp_per_floor":[75,75,75,75,75,75,75,75,85,85,85,85,85,85,85,85,85,85,85,85,85,85,85,85,85,85,85,85,85],"card_choices":[{"not_picked":["Go for the Eyes","Compile Driver"],"picked":"Cold Snap","floor":1},{"not_picked":["Conserve Battery","Cold Snap"],"picked":"Chaos","floor":3},{"not_picked":["Turbo","Rebound","Scrape"],"picked":"SKIP","floor":7},{"not_picked":["Stack","Beam Cell"],"picked":"Sweeping Beam","floor":10},{"not_picked":["Ball Lightning","Amplify"],"picked":"BootSequence","floor":12},{"not_picked":["Reprogram","Static Discharge"],"picked":"Beam Cell","floor":13},{"not_picked":["Biased Cognition","Creative AI"],"picked":"Electrodynamics","floor":16},{"not_picked":["Sweeping Beam","Machine Learning"],"picked":"Compile Driver","floor":18},{"not_picked":["Rebound","Barrage","Sweeping Beam"],"picked":"SKIP","floor":18},{"not_picked":["Steam","Turbo"],"picked":"Consume","floor":21},{"not_picked":["Double Energy","Leap"],"picked":"Coolheaded","floor":21}],"player_experience":797166,"relics_obtained":[{"floor":7,"key":"Blue Candle"},{"floor":9,"key":"Pear"},{"floor":12,"key":"Ornamental Fan"},{"floor":17,"key":"Art of War"},{"floor":17,"key":"Dodecahedron"},{"floor":17,"key":"Prayer Wheel"},{"floor":22,"key":"Whetstone"},{"floor":26,"key":"Tiny Chest"}],"event_choices":[{"damage_healed":0,"gold_gain":0,"cards_transformed":["Strike_B"],"player_choice":"Change","damage_taken":0,"max_hp_gain":0,"max_hp_loss":0,"event_name":"Living Wall","floor":2,"gold_loss":0,"cards_obtained":["Biased Cognition"]},{"damage_healed":0,"gold_gain":0,"player_choice":"Take Wound","damage_taken":0,"relics_obtained":["Golden Idol"],"max_hp_gain":0,"max_hp_loss":0,"event_name":"Golden Idol","floor":5,"gold_loss":0,"cards_obtained":["Injury"]},{"damage_healed":0,"gold_gain":0,"cards_transformed":["Strike_B"],"player_choice":"Transformed","damage_taken":0,"max_hp_gain":0,"max_hp_loss":0,"event_name":"Transmorgrifier","floor":19,"gold_loss":0,"cards_obtained":["Glacier"]},{"damage_healed":0,"gold_gain":0,"player_choice":"Traded Relic","damage_taken":0,"relics_obtained":["Nloth\u0027s Gift"],"max_hp_gain":0,"max_hp_loss":0,"event_name":"N\u0027loth","floor":28,"relics_lost":["Pear"],"gold_loss":0}],"is_beta":false,"boss_relics":[{"not_picked":["Nuclear Battery","Orrery"],"picked":"Calling Bell"}],"items_purged_floors":[14,20],"is_endless":false,"potions_floor_spawned":[10,12,13,16,18,21],"killed_by":"Gremlin Leader","ascension_level":13}