{"gold_per_floor":[111,111,111,61,136,150,173,173,249,57,232,232,270,288,288,379,442,462,457,457,457],"floor_reached":21,"playtime":833,"items_purged":[],"score":292,"play_id":"46c6db21-54cd-481d-acbe-22d204d43c7b","local_time":"20190218230206","is_ascension_mode":true,"campfire_choices":[{"data":"Zap","floor":8,"key":"SMITH"},{"data":"Dualcast","floor":12,"key":"SMITH"},{"data":"Metallicize","floor":15,"key":"SMITH"}],"neow_cost":"NONE","seed_source_timestamp":133537379259362,"circlet_count":0,"master_deck":["AscendersBane","Strike_B","Strike_B","Strike_B","Strike_B+1","Defend_B","Defend_B","Defend_B","Defend_B","Zap+1","Dualcast+1","Ball Lightning","Chill","Capacitor","Doubt","Metallicize+1","Beam Cell","Echo Form","Coolheaded","Discovery","Discovery"],"relics":["Cracked Core","Bag of Marbles","Golden Idol","Shuriken","PrismaticShard","Blood Vial","Tiny House"],"potions_floor_usage":[13,16,19,19],"damage_taken":[{"damage":7,"enemies":"Jaw Worm","floor":1,"turns":5},{"damage":2,"enemies":"2 Louse","floor":6,"turns":2},{"damage":7,"enemies":"Small Slimes","floor":7,"turns":2},{"damage":21,"enemies":"Lagavulin","floor":13,"turns":6},{"damage":3,"enemies":"Looter","floor":14,"turns":3},{"damage":33,"enemies":"The Guardian","floor":16,"turns":10},{"damage":9,"enemies":"Chosen","floor":18,"turns":6},{"damage":35,"enemies":"2 Thieves","floor":19,"turns":4},{"damage":14,"enemies":"Colosseum Slavers","floor":20,"turns":2},{"damage":14,"enemies":"Shelled Parasite and Fungi","floor":21,"turns":1}],"seed_played":"-8516965720143433852","potions_obtained":[{"floor":6,"key":"Energy Potion"},{"floor":7,"key":"Energy Potion"},{"floor":14,"key":"LiquidBronze"},{"floor":17,"key":"Swift Potion"}],"is_trial":false,"path_per_floor":["M","?","?","?","?","M","M","R","T","$","?","R","E","M","R","B",null,"M","M","?","M"],"character_chosen":"DEFECT","items_purchased":["PrismaticShard"],"campfire_rested":0,"item_purchase_floors":[10],"current_hp_per_floor":[61,61,75,75,64,62,55,55,55,55,55,55,34,33,33,2,62,55,22,10,0],"gold":457,"neow_bonus":"RANDOM_COMMON_RELIC","is_prod":false,"is_daily":false,"chose_seed":false,"campfire_upgraded":3,"win_rate":0,"timestamp":1550548926,"path_taken":["M","?","?","?","?","M","M","R","T","$","?","R","E","M","R","BOSS","M","M","?","M"],"build_version":"2019-01-23","purchased_purges":0,"victory":false,"max_hp_per_floor":[75,75,75,75,75,75,75,75,75,75,75,75,75,75,75,75,80,80,80,80,80],"card_choices":[{"not_picked":["Storm","Undo"],"picked":"Ball Lightning","floor":1},{"not_picked":["Recycle","Barrage"],"picked":"Chill","floor":6},{"not_picked":["Lockon","FTL"],"picked":"Capacitor","floor":7},{"not_picked":["Warcry","Cleave"],"picked":"Metallicize","floor":13},{"not_picked":["Bullet Time","Feel No Pain"],"picked":"Beam Cell","floor":14},{"not_picked":["Fission","Demon Form"],"picked":"Echo Form","floor":16},{"not_picked":["Iron Wave","Cold Snap"],"picked":"Coolheaded","floor":17},{"not_picked":["Twin Strike","Infinite Blades"],"picked":"Discovery","floor":18},{"not_picked":["Outmaneuver","Turbo"],"picked":"Discovery","floor":19}],"player_experience":806851,"relics_obtained":[{"floor":9,"key":"Shuriken"},{"floor":13,"key":"Blood Vial"}],"event_choices":[{"damage_healed":0,"gold_gain":0,"player_choice":"Take Wound","damage_taken":0,"relics_obtained":["Golden Idol"],"max_hp_gain":0,"max_hp_loss":0,"event_name":"Golden Idol","floor":2,"gold_loss":0,"cards_obtained":["Injury"]},{"damage_healed":25,"gold_gain":0,"player_choice":"Banana","damage_taken":0,"max_hp_gain":0,"max_hp_loss":0,"event_name":"Big Fish","floor":3,"gold_loss":0},{"cards_removed":["Injury"],"damage_healed":0,"gold_gain":0,"player_choice":"Card Removal","damage_taken":0,"max_hp_gain":0,"max_hp_loss":0,"event_name":"The Cleric","floor":4,"gold_loss":50},{"damage_healed":0,"gold_gain":75,"player_choice":"Gather Gold","damage_taken":11,"max_hp_gain":0,"max_hp_loss":0,"event_name":"World of Goop","floor":5,"gold_loss":0},{"damage_healed":0,"gold_gain":175,"player_choice":"AGREE","damage_taken":0,"max_hp_gain":0,"max_hp_loss":0,"event_name":"Liars Game","floor":11,"gold_loss":0,"cards_obtained":["Doubt"]},{"damage_healed":0,"gold_gain":0,"player_choice":"Fight","damage_taken":0,"max_hp_gain":0,"max_hp_loss":0,"event_name":"Colosseum","floor":20,"gold_loss":0},{"damage_healed":0,"gold_gain":0,"player_choice":"Fled From Nobs","damage_taken":0,"max_hp_gain":0,"max_hp_loss":0,"event_name":"Colosseum","floor":20,"gold_loss":0}],"is_beta":false,"boss_relics":[{"not_picked":["Lizard Tail","White Beast Statue"],"picked":"Tiny House"}],"items_purged_floors":[],"is_endless":false,"potions_floor_spawned":[6,7,14,18,20],"killed_by":"Shelled Parasite and Fungi","ascension_level":13}