{"gold_per_floor":[110,110,110,125,12,12,41,71,71,104,124,124,144,144,144,238,238,262,287,212,412,428,428,461,461],"floor_reached":25,"playtime":645,"items_purged":["Regret"],"score":419,"play_id":"13754df9-c701-45d0-b1c0-5d66c0b77836","local_time":"20190222222514","is_ascension_mode":true,"campfire_choices":[{"data":"Sunder","floor":6,"key":"SMITH"},{"floor":12,"key":"REST"},{"floor":15,"key":"REST"},{"floor":23,"key":"REST"}],"neow_cost":"NONE","seed_source_timestamp":20286928482815,"circlet_count":0,"master_deck":["AscendersBane","Strike_B","Strike_B+1","Strike_B","Defend_B","Defend_B","Defend_B","Defend_B","Zap+1","Dualcast","Gash","Sunder+1","Scrape","Rip and Tear","Glacier","Conserve Battery","Loop","Seek","Leap","Hologram","Beam Cell","Loop"],"relics":["Cracked Core","NeowsBlessing","Strawberry","Kunai","Calipers","Bronze Scales","Golden Idol","Lizard Tail","Molten Egg 2"],"potions_floor_usage":[16,19,22,22,25],"damage_taken":[{"damage":0,"enemies":"2 Louse","floor":1,"turns":1},{"damage":0,"enemies":"Small Slimes","floor":4,"turns":1},{"damage":0,"enemies":"Lagavulin","floor":7,"turns":1},{"damage":32,"enemies":"3 Sentries","floor":10,"turns":6},{"damage":1,"enemies":"Jaw Worm","floor":11,"turns":2},{"damage":0,"enemies":"Red Slaver","floor":13,"turns":2},{"damage":26,"enemies":"Hexaghost","floor":16,"turns":11},{"damage":23,"enemies":"Spheric Guardian","floor":18,"turns":4},{"damage":27,"enemies":"2 Thieves","floor":19,"turns":4},{"damage":9,"enemies":"Sentry and Sphere","floor":22,"turns":8},{"damage":64,"enemies":"Book of Stabbing","floor":24,"turns":7},{"damage":23,"enemies":"Chosen and Byrds","floor":25,"turns":4}],"seed_played":"1028743791571839267","potions_obtained":[{"floor":4,"key":"SpeedPotion"},{"floor":10,"key":"Weak Potion"},{"floor":16,"key":"Explosive Potion"},{"floor":19,"key":"PowerPotion"},{"floor":24,"key":"Explosive Potion"}],"is_trial":false,"path_per_floor":["M","?","?","M","$","R","E","?","T","E","M","R","M","?","R","B",null,"M","M","?","?","M","R","E","M"],"character_chosen":"DEFECT","items_purchased":["Scrape"],"campfire_rested":3,"item_purchase_floors":[5],"current_hp_per_floor":[68,75,59,59,59,59,59,59,59,27,26,50,50,30,54,28,69,46,19,19,19,10,34,11,0],"gold":461,"neow_bonus":"THREE_ENEMY_KILL","is_prod":false,"is_daily":false,"chose_seed":false,"campfire_upgraded":1,"win_rate":0,"timestamp":1550892314,"path_taken":["M","?","?","M","$","R","E","?","T","E","M","R","M","?","R","BOSS","M","M","?","?","?","R","E","M"],"build_version":"2019-01-23","purchased_purges":1,"victory":false,"max_hp_per_floor":[75,82,82,82,82,82,82,82,82,82,82,82,82,82,82,82,82,82,82,82,82,82,82,82,82],"card_choices":[{"not_picked":["Darkness","Ball Lightning"],"picked":"Gash","floor":1},{"not_picked":["Fusion","Static Discharge"],"picked":"Sunder","floor":4},{"not_picked":["Loop","Turbo"],"picked":"Rip and Tear","floor":7},{"not_picked":["Rebound","Aggregate"],"picked":"Glacier","floor":10},{"not_picked":["Barrage","Melter"],"picked":"Conserve Battery","floor":11},{"not_picked":["Undo","Steam"],"picked":"Loop","floor":13},{"not_picked":["Fission","Multi-Cast"],"picked":"Seek","floor":16},{"not_picked":["Conserve Battery","Steam"],"picked":"Leap","floor":18},{"not_picked":["Rebound","Sweeping Beam"],"picked":"Hologram","floor":19},{"not_picked":["Aggregate","Recycle"],"picked":"Beam Cell","floor":22},{"not_picked":["Storm","Meteor Strike"],"picked":"Loop","floor":24}],"player_experience":811154,"relics_obtained":[{"floor":7,"key":"Kunai"},{"floor":9,"key":"Calipers"},{"floor":10,"key":"Bronze Scales"},{"floor":24,"key":"Molten Egg 2"}],"event_choices":[{"damage_healed":0,"gold_gain":0,"player_choice":"Box","damage_taken":0,"relics_obtained":["Strawberry"],"max_hp_gain":0,"max_hp_loss":0,"event_name":"Big Fish","floor":2,"gold_loss":0,"cards_obtained":["Regret"]},{"damage_healed":0,"gold_gain":0,"player_choice":"Entered Light","damage_taken":16,"max_hp_gain":0,"max_hp_loss":0,"event_name":"Shining Light","floor":3,"gold_loss":0,"cards_upgraded":["Zap","Strike_B"]},{"damage_healed":0,"gold_gain":30,"player_choice":"Searched \u00272\u0027 times","damage_taken":0,"max_hp_gain":0,"max_hp_loss":0,"event_name":"Dead Adventurer","floor":8,"gold_loss":0},{"damage_healed":0,"gold_gain":0,"player_choice":"Take Damage","damage_taken":20,"relics_obtained":["Golden Idol"],"max_hp_gain":0,"max_hp_loss":0,"event_name":"Golden Idol","floor":14,"gold_loss":0},{"cards_removed":["Strike_B"],"damage_healed":0,"gold_gain":0,"player_choice":"Gave Gold","damage_taken":0,"max_hp_gain":0,"max_hp_loss":0,"event_name":"Beggar","floor":20,"gold_loss":75},{"damage_healed":0,"gold_gain":200,"player_choice":"Gold","damage_taken":0,"max_hp_gain":0,"max_hp_loss":0,"event_name":"Wheel of Change","floor":21,"gold_loss":0}],"is_beta":false,"boss_relics":[{"not_picked":["White Beast Statue","Busted Crown"],"picked":"Lizard Tail"}],"items_purged_floors":[5],"is_endless":false,"potions_floor_spawned":[4,10,11,16,19,24],"killed_by":"Chosen and Byrds","ascension_level":13}