{"gold_per_floor":[114,29,29,29,29,29,58,58,136,136,216,259,259,103,103,103],"floor_reached":16,"playtime":431,"items_purged":["Injury"],"score":168,"play_id":"21f598ac-7cb7-4c30-83dc-de68855ba5e0","local_time":"20190219222716","is_ascension_mode":true,"campfire_choices":[{"data":"Redo","floor":6,"key":"SMITH"},{"floor":15,"key":"REST"}],"neow_cost":"NONE","seed_source_timestamp":218251972644637,"circlet_count":0,"master_deck":["AscendersBane","Strike_B","Strike_B","Defend_B","Defend_B+1","Defend_B","Defend_B+1","Zap","Dualcast","Cold Snap","Redo+1","Lockon","Stack","Defragment","Fusion","Coolheaded","Parasite","Storm"],"relics":["Cracked Core","Centennial Puzzle","Juzu Bracelet","Ancient Tea Set","Blue Candle","Golden Idol","Potion Belt","War Paint"],"potions_floor_usage":[7,7,11,11],"damage_taken":[{"damage":1,"enemies":"Jaw Worm","floor":1,"turns":5},{"damage":5,"enemies":"3 Sentries","floor":7,"turns":2},{"damage":2,"enemies":"Gremlin Nob","floor":11,"turns":3},{"damage":38,"enemies":"Gremlin Nob","floor":12,"turns":5},{"damage":58,"enemies":"Hexaghost","floor":16,"turns":16}],"seed_played":"2061292951783627694","potions_obtained":[{"floor":1,"key":"EntropicBrew"},{"floor":7,"key":"AttackPotion"}],"is_trial":false,"path_per_floor":["M","$","?","?","?","R","E","?","T","?","?","E","?","$","R","B"],"character_chosen":"DEFECT","items_purchased":["Redo","Lockon","Storm"],"campfire_rested":1,"item_purchase_floors":[2,2,14],"current_hp_per_floor":[67,67,67,60,60,60,55,52,52,52,50,12,30,30,52,0],"gold":103,"neow_bonus":"RANDOM_COMMON_RELIC","is_prod":false,"is_daily":false,"chose_seed":false,"campfire_upgraded":1,"win_rate":0,"timestamp":1550633236,"path_taken":["M","$","?","?","?","R","E","?","T","?","?","E","?","$","R","BOSS"],"build_version":"2019-01-23","purchased_purges":1,"victory":false,"max_hp_per_floor":[75,75,75,75,75,75,75,75,75,75,75,75,75,75,75,75],"card_choices":[{"not_picked":["Double Energy","Stack"],"picked":"Cold Snap","floor":1},{"not_picked":["Sweeping Beam","Go for the Eyes"],"picked":"Defragment","floor":7},{"not_picked":["Steam","Streamline"],"picked":"Fusion","floor":11},{"not_picked":["Gash","Beam Cell"],"picked":"Coolheaded","floor":12}],"player_experience":807684,"relics_obtained":[{"floor":7,"key":"Juzu Bracelet"},{"floor":9,"key":"Blue Candle"},{"floor":12,"key":"War Paint"}],"event_choices":[{"damage_healed":0,"gold_gain":0,"player_choice":"Leave","damage_taken":0,"max_hp_gain":0,"max_hp_loss":0,"event_name":"The Cleric","floor":3,"gold_loss":0},{"cards_removed":["Strike_B"],"damage_healed":0,"gold_gain":0,"player_choice":"Card Removal","damage_taken":7,"max_hp_gain":0,"max_hp_loss":0,"event_name":"Golden Wing","floor":4,"gold_loss":0},{"damage_healed":0,"gold_gain":0,"cards_transformed":["Strike_B"],"player_choice":"Change","damage_taken":0,"max_hp_gain":0,"max_hp_loss":0,"event_name":"Living Wall","floor":5,"gold_loss":0,"cards_obtained":["Stack"]},{"damage_healed":0,"gold_gain":0,"player_choice":"Success","damage_taken":3,"relics_obtained":["Ancient Tea Set"],"max_hp_gain":0,"max_hp_loss":0,"event_name":"Scrap Ooze","floor":8,"gold_loss":0},{"damage_healed":0,"gold_gain":0,"player_choice":"Take Wound","damage_taken":0,"relics_obtained":["Golden Idol"],"max_hp_gain":0,"max_hp_loss":0,"event_name":"Golden Idol","floor":10,"gold_loss":0,"cards_obtained":["Injury"]},{"damage_healed":0,"gold_gain":0,"player_choice":"Searched \u00272\u0027 times","damage_taken":0,"relics_obtained":["Potion Belt"],"max_hp_gain":0,"max_hp_loss":0,"event_name":"Dead Adventurer","floor":11,"gold_loss":0},{"damage_healed":18,"gold_gain":0,"player_choice":"Healed and dodged fight","damage_taken":0,"max_hp_gain":0,"max_hp_loss":0,"event_name":"Mushrooms","floor":13,"gold_loss":0,"cards_obtained":["Parasite"]}],"is_beta":false,"boss_relics":[],"items_purged_floors":[14],"is_endless":false,"potions_floor_spawned":[1,7],"killed_by":"Hexaghost","ascension_level":13}