{"gold_per_floor":[110,110,124,135,64,64,83,116,171,201,221,221,239,67,67,67],"floor_reached":16,"playtime":443,"items_purged":[],"score":185,"play_id":"968c77cf-bd73-4567-b588-73afee847e53","local_time":"20190218214529","is_ascension_mode":true,"campfire_choices":[{"data":"Capacitor","floor":6,"key":"SMITH"},{"floor":12,"key":"REST"},{"data":"Zap","floor":15,"key":"SMITH"}],"neow_cost":"NONE","seed_source_timestamp":129330965954782,"circlet_count":0,"master_deck":["AscendersBane","Strike_B","Strike_B","Strike_B","Defend_B","Defend_B","Defend_B","Defend_B","Zap+1","Dualcast","Cold Snap","Hyperbeam","Gash","Capacitor+1","Gash","Blizzard","Stack","Streamline","Capacitor","Cold Snap","Finesse"],"relics":["Philosopher\u0027s Stone","Dodecahedron","Potion Belt","Regal Pillow"],"potions_floor_usage":[11,16,16],"damage_taken":[{"damage":0,"enemies":"2 Louse","floor":1,"turns":3},{"damage":0,"enemies":"Cultist","floor":3,"turns":3},{"damage":0,"enemies":"Small Slimes","floor":4,"turns":1},{"damage":4,"enemies":"2 Fungi Beasts","floor":7,"turns":3},{"damage":13,"enemies":"3 Sentries","floor":8,"turns":4},{"damage":46,"enemies":"Gremlin Nob","floor":10,"turns":5},{"damage":4,"enemies":"Blue Slaver","floor":11,"turns":4},{"damage":4,"enemies":"Exordium Wildlife","floor":13,"turns":2},{"damage":37,"enemies":"The Guardian","floor":16,"turns":6}],"seed_played":"2085879728026297425","potions_obtained":[{"floor":8,"key":"Strength Potion"},{"floor":10,"key":"FocusPotion"},{"floor":13,"key":"FocusPotion"}],"is_trial":false,"path_per_floor":["M","?","M","M","$","R","M","E","T","E","M","R","M","$","R","B"],"character_chosen":"DEFECT","items_purchased":["Capacitor","Capacitor","Cold Snap","Finesse"],"campfire_rested":1,"item_purchase_floors":[5,14,14,14],"current_hp_per_floor":[68,68,68,68,68,68,64,51,51,5,1,38,34,34,34,0],"gold":67,"neow_bonus":"BOSS_RELIC","is_prod":false,"is_daily":false,"chose_seed":false,"campfire_upgraded":2,"win_rate":0,"timestamp":1550544329,"path_taken":["M","?","?","M","?","R","M","E","T","E","?","R","M","$","R","BOSS"],"build_version":"2019-01-23","purchased_purges":0,"victory":false,"max_hp_per_floor":[75,75,75,75,75,75,75,75,75,75,75,75,75,75,75,75],"card_choices":[{"not_picked":["Stack","Leap"],"picked":"Cold Snap","floor":1},{"not_picked":["Force Field","Leap"],"picked":"Hyperbeam","floor":3},{"not_picked":["Reprogram","Coolheaded"],"picked":"Gash","floor":4},{"not_picked":["Stack","Go for the Eyes"],"picked":"Gash","floor":7},{"not_picked":["Streamline","Ball Lightning"],"picked":"Blizzard","floor":8},{"not_picked":["Go for the Eyes","Multi-Cast","Fission"],"picked":"SKIP","floor":10},{"not_picked":["Compile Driver","Skim"],"picked":"Stack","floor":11},{"not_picked":["Leap","Cold Snap"],"picked":"Streamline","floor":13}],"player_experience":805202,"relics_obtained":[{"floor":8,"key":"Dodecahedron"},{"floor":9,"key":"Potion Belt"},{"floor":10,"key":"Regal Pillow"}],"event_choices":[{"cards_removed":["Strike_B"],"damage_healed":0,"gold_gain":0,"player_choice":"Purged","damage_taken":0,"max_hp_gain":0,"max_hp_loss":0,"event_name":"Purifier","floor":2,"gold_loss":0}],"is_beta":false,"boss_relics":[],"items_purged_floors":[],"is_endless":false,"potions_floor_spawned":[8,10,13],"killed_by":"The Guardian","ascension_level":13}