{"gold_per_floor":[111,125,16,16,28,28,15,15,15,15,29,42,42,42,42,119,119,139,64,64,77,95,95],"floor_reached":23,"playtime":893,"items_purged":[],"score":302,"play_id":"94561b0c-f8d1-49d5-bb20-310a0ad6f51a","local_time":"20190217233230","is_ascension_mode":true,"campfire_choices":[{"data":"Zap","floor":6,"key":"SMITH"},{"data":"Dualcast","floor":8,"key":"SMITH"},{"floor":15,"key":"REST"}],"neow_cost":"PERCENT_DAMAGE","seed_source_timestamp":48893299281159,"circlet_count":0,"master_deck":["AscendersBane","Strike_B","Strike_B","Defend_B","Defend_B","Defend_B","Zap+1","Dualcast+1","Consume","Gash","Cold Snap","Finesse","Chill","Glacier","Barrage","Scrape","Amplify","Redo","Gash"],"relics":["Cracked Core","Emotion Chip","Vajra","Ornamental Fan","Nuclear Battery"],"potions_floor_usage":[16,16,21,21,22],"damage_taken":[{"damage":0,"enemies":"Small Slimes","floor":1,"turns":2},{"damage":6,"enemies":"Cultist","floor":2,"turns":3},{"damage":0,"enemies":"Jaw Worm","floor":5,"turns":3},{"damage":19,"enemies":"Exordium Thugs","floor":7,"turns":4},{"damage":8,"enemies":"Exordium Wildlife","floor":11,"turns":6},{"damage":4,"enemies":"Looter","floor":12,"turns":4},{"damage":22,"enemies":"Slime Boss","floor":16,"turns":15},{"damage":4,"enemies":"Shell Parasite","floor":18,"turns":8},{"damage":18,"enemies":"Colosseum Slavers","floor":20,"turns":6},{"damage":0,"enemies":"3 Byrds","floor":21,"turns":4},{"damage":22,"enemies":"Snecko","floor":22,"turns":7},{"damage":30,"enemies":"Gremlin Leader","floor":23,"turns":5}],"seed_played":"9156430655644371710","potions_obtained":[{"floor":5,"key":"FearPotion"},{"floor":12,"key":"Explosive Potion"},{"floor":16,"key":"Fire Potion"},{"floor":18,"key":"Fire Potion"},{"floor":21,"key":"Regen Potion"}],"is_trial":false,"path_per_floor":["M","M","$","?","M","R","M","R","T","?","M","M","$","T","R","B",null,"M","?","?","M","M","E"],"character_chosen":"DEFECT","items_purchased":["Cold Snap","Finesse"],"campfire_rested":1,"item_purchase_floors":[3,3],"current_hp_per_floor":[50,44,44,44,44,44,25,25,25,18,10,6,6,6,28,6,58,54,54,36,36,29,0],"gold":95,"neow_bonus":"ONE_RARE_RELIC","is_prod":false,"is_daily":false,"chose_seed":false,"campfire_upgraded":2,"win_rate":0,"timestamp":1550464350,"path_taken":["M","M","$","?","M","R","?","R","T","?","M","M","?","?","R","BOSS","M","?","?","M","M","E"],"build_version":"2019-01-23","purchased_purges":0,"victory":false,"max_hp_per_floor":[75,75,75,75,75,75,75,75,75,75,75,75,75,75,75,75,75,75,75,75,75,75,75],"card_choices":[{"not_picked":["Compile Driver","Rebound"],"picked":"Consume","floor":1},{"not_picked":["Rip and Tear","Barrage"],"picked":"Gash","floor":2},{"not_picked":["Skim","Force Field"],"picked":"Glacier","floor":5},{"not_picked":["Beam Cell","Auto Shields"],"picked":"Barrage","floor":7},{"not_picked":["Hologram","Aggregate","Barrage"],"picked":"SKIP","floor":11},{"not_picked":["Go for the Eyes","Ball Lightning"],"picked":"Scrape","floor":12},{"not_picked":["Fission","Meteor Strike"],"picked":"Amplify","floor":16},{"not_picked":["Go for the Eyes","Conserve Battery"],"picked":"Redo","floor":18},{"not_picked":["Genetic Algorithm","Auto Shields+1"],"picked":"Gash","floor":21},{"not_picked":["Go for the Eyes","Hologram","Compile Driver"],"picked":"SKIP","floor":22}],"player_experience":804309,"relics_obtained":[{"floor":9,"key":"Vajra"},{"floor":14,"key":"Ornamental Fan"}],"event_choices":[{"damage_healed":0,"gold_gain":0,"cards_transformed":["Strike_B"],"player_choice":"Transformed","damage_taken":0,"max_hp_gain":0,"max_hp_loss":0,"event_name":"Transmorgrifier","floor":4,"gold_loss":0,"cards_obtained":["Chill"]},{"cards_removed":["Strike_B"],"damage_healed":0,"gold_gain":0,"player_choice":"Card Removal","damage_taken":7,"max_hp_gain":0,"max_hp_loss":0,"event_name":"Golden Wing","floor":10,"gold_loss":0},{"cards_removed":["Defend_B"],"damage_healed":0,"gold_gain":0,"player_choice":"Gave Gold","damage_taken":0,"max_hp_gain":0,"max_hp_loss":0,"event_name":"Beggar","floor":19,"gold_loss":75},{"damage_healed":0,"gold_gain":0,"player_choice":"Fight","damage_taken":0,"max_hp_gain":0,"max_hp_loss":0,"event_name":"Colosseum","floor":20,"gold_loss":0},{"damage_healed":0,"gold_gain":0,"player_choice":"Fled From Nobs","damage_taken":0,"max_hp_gain":0,"max_hp_loss":0,"event_name":"Colosseum","floor":20,"gold_loss":0}],"is_beta":false,"boss_relics":[{"not_picked":["Eternal Feather","Philosopher\u0027s Stone"],"picked":"Nuclear Battery"}],"items_purged_floors":[],"is_endless":false,"potions_floor_spawned":[5,12,16,18,21],"killed_by":"Gremlin Leader","ascension_level":13}