{"gold_per_floor":[113,63,82,82,102,102,114,141,190,190,205,280,51,51,51,124,124,143,123,133,133,62,62,88,101,127,127],"floor_reached":27,"playtime":859,"items_purged":[],"score":381,"play_id":"a3aca694-26f5-4d3f-805f-65dfc9b211b1","local_time":"20190221231841","is_ascension_mode":true,"campfire_choices":[{"data":"Zap","floor":6,"key":"SMITH"},{"data":"Chaos","floor":10,"key":"SMITH"},{"floor":15,"key":"REST"},{"data":"Tempest","floor":23,"key":"SMITH"}],"neow_cost":"NONE","seed_source_timestamp":5593779817581,"circlet_count":0,"master_deck":["AscendersBane","Strike_B","Strike_B","Strike_B+1","Defend_B+1","Defend_B","Defend_B","Zap+1","Dualcast+1","Glacier+1","FTL","Redo","Chaos+1","Sweeping Beam","Thunder Strike+1","Tempest+1","Machine Learning","Skim","Fusion+1","Static Discharge","Tempest","Conserve Battery+1","Parasite"],"relics":["Cracked Core","NeowsBlessing","Gremlin Horn","Potion Belt","Whetstone","Cursed Key","War Paint","Vajra"],"potions_floor_usage":[8,24,25,25,25,27],"damage_taken":[{"damage":0,"enemies":"Cultist","floor":1,"turns":1},{"damage":0,"enemies":"Jaw Worm","floor":3,"turns":1},{"damage":0,"enemies":"2 Louse","floor":5,"turns":1},{"damage":2,"enemies":"Looter","floor":7,"turns":4},{"damage":16,"enemies":"3 Sentries","floor":8,"turns":10},{"damage":0,"enemies":"Large Slime","floor":11,"turns":4},{"damage":21,"enemies":"The Guardian","floor":16,"turns":10},{"damage":0,"enemies":"Spheric Guardian","floor":18,"turns":3},{"damage":9,"enemies":"Shell Parasite","floor":20,"turns":5},{"damage":16,"enemies":"Gremlin Leader","floor":24,"turns":5},{"damage":22,"enemies":"Shelled Parasite and Fungi","floor":25,"turns":5},{"damage":20,"enemies":"Slavers","floor":27,"turns":1}],"seed_played":"2651690660478668417","potions_obtained":[{"floor":1,"key":"Poison Potion"},{"floor":3,"key":"Block Potion"},{"floor":8,"key":"PowerPotion"},{"floor":11,"key":"FocusPotion"},{"floor":19,"key":"SpeedPotion"},{"floor":24,"key":"FocusPotion"}],"is_trial":false,"path_per_floor":["M","?","M","?","M","R","M","E","T","R","M","?","$","?","R","B",null,"M","?","M","?","$","R","E","M","T","E"],"character_chosen":"DEFECT","items_purchased":["Tempest","Whetstone","Static Discharge"],"campfire_rested":1,"item_purchase_floors":[13,13,22],"current_hp_per_floor":[68,68,68,53,53,53,51,35,35,35,35,24,24,24,46,25,63,63,63,54,54,54,54,38,16,16,0],"gold":127,"neow_bonus":"THREE_ENEMY_KILL","is_prod":false,"is_daily":false,"chose_seed":false,"campfire_upgraded":3,"win_rate":0,"timestamp":1550809121,"path_taken":["M","?","M","?","M","R","M","E","T","R","M","?","?","?","R","BOSS","M","?","?","?","$","R","E","M","T","E"],"build_version":"2019-01-23","purchased_purges":0,"victory":false,"max_hp_per_floor":[75,75,75,75,75,75,75,75,75,75,75,75,75,75,75,75,75,75,75,75,75,75,75,75,75,75,75],"card_choices":[{"not_picked":["Doom and Gloom","BootSequence"],"picked":"Glacier","floor":1},{"not_picked":["Turbo","Chill"],"picked":"FTL","floor":3},{"not_picked":["Beam Cell","Streamline"],"picked":"Redo","floor":5},{"not_picked":["Compile Driver","Stack"],"picked":"Chaos","floor":7},{"not_picked":["Hologram","Coolheaded"],"picked":"Sweeping Beam","floor":8},{"not_picked":["Stack","Consume"],"picked":"Thunder Strike","floor":11},{"not_picked":["Fission","Reboot"],"picked":"Machine Learning","floor":16},{"not_picked":["Coolheaded","Redo"],"picked":"Skim","floor":18},{"not_picked":["Coolheaded","Conserve Battery"],"picked":"Fusion","floor":20},{"not_picked":["Streamline","Rip and Tear"],"picked":"Tempest","floor":24},{"not_picked":["Ball Lightning","Streamline"],"picked":"Conserve Battery+1","floor":25}],"player_experience":809530,"relics_obtained":[{"floor":8,"key":"Gremlin Horn"},{"floor":9,"key":"Potion Belt"},{"floor":24,"key":"War Paint"},{"floor":26,"key":"Vajra"}],"event_choices":[{"cards_removed":["Strike_B"],"damage_healed":0,"gold_gain":0,"player_choice":"Card Removal","damage_taken":0,"max_hp_gain":0,"max_hp_loss":0,"event_name":"The Cleric","floor":2,"gold_loss":50},{"damage_healed":0,"gold_gain":0,"player_choice":"Entered Light","damage_taken":15,"max_hp_gain":0,"max_hp_loss":0,"event_name":"Shining Light","floor":4,"gold_loss":0,"cards_upgraded":["Defend_B","Glacier"]},{"damage_healed":0,"gold_gain":75,"player_choice":"Gather Gold","damage_taken":11,"max_hp_gain":0,"max_hp_loss":0,"event_name":"World of Goop","floor":12,"gold_loss":0},{"cards_removed":["Defend_B"],"damage_healed":0,"gold_gain":0,"player_choice":"Offered Basic","damage_taken":0,"max_hp_gain":0,"max_hp_loss":0,"event_name":"Bonfire Elementals","floor":14,"gold_loss":0},{"damage_healed":0,"gold_gain":0,"player_choice":"Bought 1 Potion","damage_taken":0,"max_hp_gain":0,"max_hp_loss":0,"event_name":"The Woman in Blue","floor":19,"gold_loss":0},{"damage_healed":0,"gold_gain":0,"player_choice":"Ignored","damage_taken":0,"max_hp_gain":0,"max_hp_loss":0,"event_name":"Ghosts","floor":21,"gold_loss":0}],"is_beta":false,"boss_relics":[{"not_picked":["Runic Pyramid","Empty Cage"],"picked":"Cursed Key"}],"items_purged_floors":[],"is_endless":false,"potions_floor_spawned":[1,3,8,11,24],"killed_by":"Slavers","ascension_level":13}