{"gold_per_floor":[362,380,149,149,149,189,205,249,249,48,48,99,118,142,142,237,237,253,22,41,41,61,61,95,95,144,144,157,170,170],"floor_reached":30,"playtime":921,"items_purged":["Injury"],"score":429,"play_id":"d94453b9-2d10-4b52-ac0b-045ed226fb74","local_time":"20190224224819","is_ascension_mode":true,"campfire_choices":[{"floor":11,"key":"REST"},{"data":"Echo Form","floor":15,"key":"SMITH"},{"floor":23,"key":"REST"},{"floor":25,"key":"REST"}],"neow_cost":"TEN_PERCENT_HP_LOSS","seed_source_timestamp":194199696238053,"circlet_count":0,"master_deck":["AscendersBane","Strike_B","Strike_B","Strike_B+1","Strike_B","Defend_B","Defend_B+1","Defend_B","Defend_B","Zap","Dualcast","Defragment","Cold Snap","FTL","Redo","White Noise","Biased Cognition","Echo Form+1","Defragment","Dark Shackles","Leap","Cold Snap","Force Field","Sunder","Thunder Strike","Ball Lightning+1","Ball Lightning","Capacitor+1","Compile Driver","Darkness"],"relics":["Cracked Core","Dream Catcher","Golden Idol","The Courier","Pocketwatch","Ice Cream","DataDisk","Fusion Hammer","StoneCalendar","Dodecahedron","Strawberry","Lantern"],"potions_floor_usage":[6,8,20,24,28],"damage_taken":[{"damage":7,"enemies":"Jaw Worm","floor":1,"turns":3},{"damage":2,"enemies":"Small Slimes","floor":2,"turns":3},{"damage":17,"enemies":"Lagavulin","floor":6,"turns":5},{"damage":0,"enemies":"2 Louse","floor":7,"turns":2},{"damage":8,"enemies":"3 Sentries","floor":8,"turns":7},{"damage":0,"enemies":"Exordium Wildlife","floor":13,"turns":3},{"damage":0,"enemies":"3 Louse","floor":14,"turns":5},{"damage":11,"enemies":"Slime Boss","floor":16,"turns":6},{"damage":13,"enemies":"2 Thieves","floor":18,"turns":4},{"damage":10,"enemies":"Shell Parasite","floor":20,"turns":6},{"damage":8,"enemies":"Cultist and Chosen","floor":22,"turns":5},{"damage":34,"enemies":"Gremlin Leader","floor":24,"turns":6},{"damage":25,"enemies":"3 Cultists","floor":28,"turns":4},{"damage":0,"enemies":"Snecko","floor":29,"turns":4},{"damage":17,"enemies":"Slavers","floor":30,"turns":1}],"seed_played":"571491144535246715","potions_obtained":[{"floor":1,"key":"Explosive Potion"},{"floor":2,"key":"FocusPotion"},{"floor":14,"key":"SteroidPotion"},{"floor":16,"key":"Weak Potion"},{"floor":18,"key":"Explosive Potion"},{"floor":22,"key":"Swift Potion"}],"is_trial":false,"path_per_floor":["M","M","$","?","?","E","M","E","T","$","R","T","M","M","R","B",null,"M","$","M","?","M","R","E","R","T","?","M","M","E"],"character_chosen":"DEFECT","items_purchased":["Dream Catcher","FTL","Redo","Defragment","Dark Shackles","Leap","StoneCalendar"],"campfire_rested":3,"item_purchase_floors":[3,3,3,10,10,10,19],"current_hp_per_floor":[61,59,59,45,45,28,28,20,20,20,40,40,40,40,40,29,58,45,45,35,35,27,47,20,42,42,42,17,17,0],"gold":170,"neow_bonus":"TWO_FIFTY_GOLD","is_prod":false,"is_daily":false,"chose_seed":false,"campfire_upgraded":1,"win_rate":0,"timestamp":1551066499,"path_taken":["M","M","$","?","?","E","M","E","T","$","R","?","M","M","R","BOSS","M","$","M","?","M","R","E","R","T","?","M","?","E"],"build_version":"2019-01-23","purchased_purges":1,"victory":false,"max_hp_per_floor":[68,68,68,68,68,68,68,68,68,68,68,68,68,68,68,68,68,68,68,68,68,68,68,75,75,75,75,75,75,75],"card_choices":[{"not_picked":["Chill","Conserve Battery"],"picked":"Defragment","floor":1},{"not_picked":["Barrage","Compile Driver"],"picked":"Cold Snap","floor":2},{"not_picked":["Scrape","Heatsinks"],"picked":"White Noise","floor":6},{"not_picked":["Compile Driver","Beam Cell"],"picked":"Biased Cognition","floor":7},{"not_picked":["Leap","Cold Snap"],"picked":"Echo Form","floor":8},{"not_picked":["Hello World","Redo"],"picked":"Cold Snap","floor":11},{"not_picked":["Rebound","Genetic Algorithm"],"picked":"Force Field","floor":13},{"not_picked":["Barrage","Double Energy"],"picked":"Sunder","floor":14},{"not_picked":["Seek","Meteor Strike"],"picked":"Thunder Strike","floor":16},{"not_picked":["Turbo","Lockon"],"picked":"Ball Lightning+1","floor":18},{"not_picked":["Reinforced Body","Beam Cell+1"],"picked":"Ball Lightning","floor":20},{"not_picked":["Rebound","Turbo","Genetic Algorithm"],"picked":"SKIP","floor":22},{"not_picked":["Sweeping Beam","Gash"],"picked":"Capacitor+1","floor":24},{"not_picked":["Cold Snap","Steam+1"],"picked":"Compile Driver","floor":25},{"not_picked":["Hologram","Scrape","Seek"],"picked":"SKIP","floor":28},{"not_picked":["Recycle","Turbo+1"],"picked":"Darkness","floor":29}],"player_experience":815172,"relics_obtained":[{"floor":6,"key":"The Courier"},{"floor":8,"key":"Pocketwatch"},{"floor":9,"key":"Ice Cream"},{"floor":12,"key":"DataDisk"},{"floor":24,"key":"Strawberry"},{"floor":26,"key":"Lantern"}],"event_choices":[{"damage_healed":0,"gold_gain":0,"player_choice":"Entered Light","damage_taken":14,"max_hp_gain":0,"max_hp_loss":0,"event_name":"Shining Light","floor":4,"gold_loss":0,"cards_upgraded":["Defend_B","Strike_B"]},{"damage_healed":0,"gold_gain":0,"player_choice":"Take Wound","damage_taken":0,"relics_obtained":["Golden Idol"],"max_hp_gain":0,"max_hp_loss":0,"event_name":"Golden Idol","floor":5,"gold_loss":0,"cards_obtained":["Injury"]},{"damage_healed":0,"gold_gain":0,"player_choice":"Stole Relic","damage_taken":0,"relics_obtained":["Dodecahedron"],"max_hp_gain":0,"max_hp_loss":0,"event_name":"Addict","floor":21,"gold_loss":0,"cards_obtained":["Shame"]},{"cards_removed":["Shame"],"damage_healed":0,"gold_gain":0,"player_choice":"Elegance","damage_taken":0,"max_hp_gain":0,"max_hp_loss":0,"event_name":"Back to Basics","floor":27,"gold_loss":0}],"is_beta":false,"boss_relics":[{"not_picked":["Velvet Choker","Philosopher\u0027s Stone"],"picked":"Fusion Hammer"}],"items_purged_floors":[10],"is_endless":false,"potions_floor_spawned":[1,2,14,16,18,22],"killed_by":"Slavers","ascension_level":13}