{"gold_per_floor":[115,128,17,34,34,59,79,114,114,126,126,140,140,174,174,174],"floor_reached":16,"playtime":508,"items_purged":["Regret"],"score":201,"play_id":"8cbd79e1-1b20-4b2c-8e4d-a6359121ec68","local_time":"20190225222054","is_ascension_mode":true,"campfire_choices":[{"floor":13,"key":"REST"},{"floor":15,"key":"REST"}],"neow_cost":"CURSE","seed_source_timestamp":279372411728504,"circlet_count":0,"master_deck":["AscendersBane","Strike_B","Strike_B","Strike_B","Strike_B","Defend_B","Defend_B","Defend_B","Defend_B","Zap","Dualcast","Hyperbeam","Barrage","BootSequence","Loop","Chaos","Scrape","Gash","Hologram","Go for the Eyes","Loop","Buffer","Gash"],"relics":["Cracked Core","Vajra","Bag of Marbles","Question Card","Pocketwatch"],"potions_floor_usage":[8,14,16,16],"damage_taken":[{"damage":8,"enemies":"Cultist","floor":1,"turns":3},{"damage":0,"enemies":"Small Slimes","floor":2,"turns":1},{"damage":0,"enemies":"2 Louse","floor":4,"turns":1},{"damage":5,"enemies":"3 Sentries","floor":6,"turns":4},{"damage":16,"enemies":"Blue Slaver","floor":7,"turns":4},{"damage":32,"enemies":"Lagavulin","floor":8,"turns":5},{"damage":0,"enemies":"2 Fungi Beasts","floor":10,"turns":2},{"damage":0,"enemies":"3 Louse","floor":12,"turns":2},{"damage":16,"enemies":"Gremlin Nob","floor":14,"turns":5},{"damage":36,"enemies":"The Guardian","floor":16,"turns":8}],"seed_played":"7782247963025437944","potions_obtained":[{"floor":1,"key":"AttackPotion"},{"floor":8,"key":"Weak Potion"},{"floor":12,"key":"LiquidBronze"},{"floor":14,"key":"LiquidBronze"}],"is_trial":false,"path_per_floor":["M","M","$","M","?","E","M","E","T","M","?","M","R","E","R","B"],"character_chosen":"DEFECT","items_purchased":["Loop"],"campfire_rested":2,"item_purchase_floors":[3],"current_hp_per_floor":[60,60,60,60,60,55,39,7,7,7,7,7,29,13,35,0],"gold":174,"neow_bonus":"THREE_RARE_CARDS","is_prod":false,"is_daily":false,"chose_seed":false,"campfire_upgraded":0,"win_rate":0,"timestamp":1551151254,"path_taken":["M","M","?","M","?","E","M","E","T","?","?","M","R","E","R","BOSS"],"build_version":"2019-01-23","purchased_purges":1,"victory":false,"max_hp_per_floor":[75,75,75,75,75,75,75,75,75,75,75,75,75,75,75,75],"card_choices":[{"not_picked":["Rainbow","Multi-Cast"],"picked":"Hyperbeam","floor":0},{"not_picked":["Turbo","Force Field"],"picked":"Barrage","floor":1},{"not_picked":["Undo","Turbo"],"picked":"BootSequence","floor":2},{"not_picked":["Conserve Battery","Rebound"],"picked":"Chaos","floor":4},{"not_picked":["Double Energy","Steam"],"picked":"Gash","floor":6},{"not_picked":["Redo","Recycle"],"picked":"Hologram","floor":7},{"not_picked":["Streamline","Cold Snap"],"picked":"Go for the Eyes","floor":8},{"not_picked":["Stack","Compile Driver","Sweeping Beam"],"picked":"Loop","floor":10},{"not_picked":["Rebound","Capacitor","Double Energy"],"picked":"Buffer","floor":12},{"not_picked":["Hello World","BootSequence","Beam Cell"],"picked":"Gash","floor":14}],"player_experience":817954,"relics_obtained":[{"floor":6,"key":"Vajra"},{"floor":8,"key":"Bag of Marbles"},{"floor":9,"key":"Question Card"},{"floor":14,"key":"Pocketwatch"}],"event_choices":[{"damage_healed":0,"gold_gain":0,"player_choice":"1 cards matched","damage_taken":0,"max_hp_gain":0,"max_hp_loss":0,"event_name":"Match and Keep!","floor":5,"gold_loss":0,"cards_obtained":["Scrape"]},{"damage_healed":0,"gold_gain":0,"player_choice":"Ignored","damage_taken":0,"max_hp_gain":0,"max_hp_loss":0,"event_name":"Shining Light","floor":11,"gold_loss":0}],"is_beta":false,"boss_relics":[],"items_purged_floors":[3],"is_endless":false,"potions_floor_spawned":[1,8,12,14],"killed_by":"The Guardian","ascension_level":13}