{"gold_per_floor":[113,113,188,199,199,6,6,39,39,55,65,65,65,65,65,140,140,157,157,167,82,82],"floor_reached":22,"playtime":700,"items_purged":[],"score":300,"play_id":"31f23c62-1369-489d-8cf9-cbd22db773e2","local_time":"20190224172730","is_ascension_mode":true,"campfire_choices":[{"floor":7,"key":"REST"},{"floor":13,"key":"REST"},{"data":"Echo Form","floor":15,"key":"SMITH"}],"neow_cost":"NONE","seed_source_timestamp":175174576935616,"circlet_count":0,"master_deck":["AscendersBane","Strike_B","Strike_B+1","Strike_B","Defend_B+1","Defend_B","Defend_B","Defend_B","Zap","Dualcast","Beam Cell","Sunder","Recycle","Thunder Strike","Conserve Battery","Echo Form+1","Hologram","Static Discharge","All For One","FTL"],"relics":["Lizard Tail","Kunai","Shuriken","Pantograph","Lantern","Inserter","Cables","Gremlin Horn"],"potions_floor_usage":[8,10,11],"damage_taken":[{"damage":5,"enemies":"2 Louse","floor":1,"turns":4},{"damage":4,"enemies":"Jaw Worm","floor":4,"turns":3},{"damage":48,"enemies":"3 Sentries","floor":8,"turns":10},{"damage":3,"enemies":"Small Slimes","floor":10,"turns":4},{"damage":0,"enemies":"2 Fungi Beasts","floor":11,"turns":1},{"damage":65,"enemies":"Slime Boss","floor":16,"turns":10},{"damage":43,"enemies":"3 Byrds","floor":18,"turns":4},{"damage":0,"enemies":"Chosen","floor":20,"turns":4},{"damage":23,"enemies":"Centurion and Healer","floor":22,"turns":2}],"seed_played":"6057814254181433236","potions_obtained":[{"floor":4,"key":"EssenceOfSteel"},{"floor":8,"key":"EssenceOfSteel"},{"floor":10,"key":"AttackPotion"},{"floor":20,"key":"FearPotion"}],"is_trial":false,"path_per_floor":["M","?","?","M","?","$","R","E","T","M","M","T","R","?","R","B",null,"M","?","M","?","M"],"character_chosen":"DEFECT","items_purchased":["Thunder Strike","Conserve Battery"],"campfire_rested":2,"item_purchase_floors":[6,6],"current_hp_per_floor":[63,48,37,33,33,33,55,7,7,4,4,4,26,23,23,37,66,23,23,23,23,0],"gold":82,"neow_bonus":"BOSS_RELIC","is_prod":false,"is_daily":false,"chose_seed":false,"campfire_upgraded":1,"win_rate":0,"timestamp":1551047250,"path_taken":["M","?","?","M","?","$","R","E","T","M","?","?","R","?","R","BOSS","M","?","M","?","M"],"build_version":"2019-01-23","purchased_purges":0,"victory":false,"max_hp_per_floor":[75,75,75,75,75,75,75,75,75,75,75,75,75,75,75,75,75,75,75,75,75,75],"card_choices":[{"not_picked":["Go for the Eyes","Barrage"],"picked":"Beam Cell","floor":1},{"not_picked":["Steam","Compile Driver"],"picked":"Sunder","floor":4},{"not_picked":["Genetic Algorithm","Coolheaded"],"picked":"Echo Form","floor":8},{"not_picked":["Consume","Force Field"],"picked":"Hologram","floor":10},{"not_picked":["Sweeping Beam","Redo"],"picked":"Static Discharge","floor":11},{"not_picked":["Fission","Core Surge"],"picked":"All For One","floor":16},{"not_picked":["Go for the Eyes","Consume"],"picked":"FTL","floor":18},{"not_picked":["Lockon","Capacitor","Force Field"],"picked":"SKIP","floor":20}],"player_experience":813075,"relics_obtained":[{"floor":8,"key":"Kunai"},{"floor":9,"key":"Shuriken"},{"floor":12,"key":"Pantograph"}],"event_choices":[{"damage_healed":0,"gold_gain":0,"player_choice":"Entered Light","damage_taken":15,"max_hp_gain":0,"max_hp_loss":0,"event_name":"Shining Light","floor":2,"gold_loss":0,"cards_upgraded":["Defend_B","Strike_B"]},{"damage_healed":0,"gold_gain":75,"player_choice":"Gather Gold","damage_taken":11,"max_hp_gain":0,"max_hp_loss":0,"event_name":"World of Goop","floor":3,"gold_loss":0},{"damage_healed":0,"gold_gain":0,"cards_transformed":["Strike_B"],"player_choice":"Change","damage_taken":0,"max_hp_gain":0,"max_hp_loss":0,"event_name":"Living Wall","floor":5,"gold_loss":0,"cards_obtained":["Recycle"]},{"damage_healed":0,"gold_gain":0,"player_choice":"Success","damage_taken":3,"relics_obtained":["Lantern"],"max_hp_gain":0,"max_hp_loss":0,"event_name":"Scrap Ooze","floor":14,"gold_loss":0},{"damage_healed":0,"gold_gain":0,"player_choice":"Opened","damage_taken":0,"relics_obtained":["Cables"],"max_hp_gain":0,"max_hp_loss":0,"event_name":"The Mausoleum","floor":19,"gold_loss":0},{"damage_healed":0,"gold_gain":0,"player_choice":"Obtained Relic","damage_taken":0,"relics_obtained":["Gremlin Horn"],"max_hp_gain":0,"max_hp_loss":0,"event_name":"Addict","floor":21,"gold_loss":85}],"is_beta":false,"boss_relics":[{"not_picked":["Eternal Feather","Tiny House"],"picked":"Inserter"}],"items_purged_floors":[],"is_endless":false,"potions_floor_spawned":[4,8,10,20],"killed_by":"Centurion and Healer","ascension_level":13}