{"gold_per_floor":[117,117,292,309,326,326,351,351,351,362,409,151,182,182,182,259,259,279,204,121,132,132],"floor_reached":22,"playtime":647,"items_purged":["Doubt"],"score":482,"play_id":"e47f83e6-6d07-4024-aa41-d62eec4e7724","local_time":"20190312234014","is_ascension_mode":true,"campfire_choices":[{"data":"Reinforced Body","floor":6,"key":"SMITH"},{"floor":8,"key":"REST"},{"data":"Zap","floor":15,"key":"SMITH"}],"neow_cost":"NONE","seed_source_timestamp":0,"circlet_count":0,"master_deck":["AscendersBane","Strike_B","Strike_B","Strike_B","Strike_B","Defend_B","Defend_B","Defend_B+1","Defend_B+1","Zap+1","Dualcast","Coolheaded","Reinforced Body+1","Rip and Tear","Ball Lightning","Cold Snap","Static Discharge","Echo Form","Echo Form","Darkness","Blizzard","Bandage Up","Streamline"],"special_seed":0,"relics":["Cracked Core","Lantern","Bottled Lightning","PreservedInsect","Ancient Tea Set","Pen Nib","Juzu Bracelet","CultistMask","Eternal Feather"],"potions_floor_usage":[7,18],"damage_taken":[{"damage":1,"enemies":"Cultist","floor":1,"turns":4},{"damage":4,"enemies":"Small Slimes","floor":4,"turns":5},{"damage":0,"enemies":"Jaw Worm","floor":5,"turns":3},{"damage":35,"enemies":"Gremlin Nob","floor":7,"turns":5},{"damage":1,"enemies":"Exordium Thugs","floor":10,"turns":4},{"damage":2,"enemies":"Lagavulin","floor":13,"turns":5},{"damage":16,"enemies":"Hexaghost","floor":16,"turns":9},{"damage":5,"enemies":"Shell Parasite","floor":18,"turns":4},{"damage":42,"enemies":"3 Byrds","floor":21,"turns":6},{"damage":38,"enemies":"Colosseum Slavers","floor":22,"turns":3}],"seed_played":"-6977528709690138797","potions_obtained":[{"floor":1,"key":"Block Potion"},{"floor":4,"key":"Weak Potion"},{"floor":7,"key":"GamblersBrew"},{"floor":16,"key":"FocusPotion"},{"floor":21,"key":"Explosive Potion"}],"is_trial":false,"path_per_floor":["M","?","?","M","M","R","E","R","T","M","T","$","E","?","R","B",null,"M","$","$","M","?"],"character_chosen":"DEFECT","items_purchased":["Pen Nib","Static Discharge","Blizzard","Bandage Up"],"campfire_rested":1,"item_purchase_floors":[12,12,19,20],"current_hp_per_floor":[67,52,52,48,48,48,13,35,35,34,34,34,32,32,32,16,60,55,55,55,21,0],"gold":132,"neow_bonus":"RANDOM_COMMON_RELIC","is_prod":false,"is_daily":false,"chose_seed":false,"campfire_upgraded":2,"win_rate":0,"timestamp":1552448414,"path_taken":["M","?","?","M","M","R","E","R","T","M","?","$","E","?","R","BOSS","M","?","$","M","?"],"build_version":"2019-01-23","purchased_purges":1,"victory":false,"max_hp_per_floor":[75,75,75,75,75,75,75,75,75,75,75,75,75,75,75,75,75,75,75,75,75,75],"card_choices":[{"not_picked":["Barrage","Rebound"],"picked":"Coolheaded","floor":1},{"not_picked":["Rebound","Skim"],"picked":"Reinforced Body","floor":4},{"not_picked":["Gash","Static Discharge"],"picked":"Rip and Tear","floor":5},{"not_picked":["Beam Cell","Scrape"],"picked":"Ball Lightning","floor":7},{"not_picked":["Stack","Blizzard"],"picked":"Cold Snap","floor":10},{"not_picked":["Stack","Loop"],"picked":"Echo Form","floor":13},{"not_picked":["Machine Learning","Fission"],"picked":"Echo Form","floor":16},{"not_picked":["Go for the Eyes","Ball Lightning"],"picked":"Darkness","floor":18},{"not_picked":["Beam Cell","Melter"],"picked":"Streamline","floor":21}],"player_experience":820415,"relics_obtained":[{"floor":7,"key":"Bottled Lightning"},{"floor":9,"key":"PreservedInsect"},{"floor":11,"key":"Ancient Tea Set"},{"floor":13,"key":"Juzu Bracelet"}],"event_choices":[{"damage_healed":0,"gold_gain":0,"player_choice":"Entered Light","damage_taken":15,"max_hp_gain":0,"max_hp_loss":0,"event_name":"Shining Light","floor":2,"gold_loss":0,"cards_upgraded":["Defend_B","Defend_B"]},{"damage_healed":0,"gold_gain":175,"player_choice":"AGREE","damage_taken":0,"max_hp_gain":0,"max_hp_loss":0,"event_name":"Liars Game","floor":3,"gold_loss":0,"cards_obtained":["Doubt"]},{"damage_healed":0,"gold_gain":0,"player_choice":"Trade","damage_taken":0,"relics_obtained":["CultistMask"],"max_hp_gain":0,"max_hp_loss":0,"event_name":"FaceTrader","floor":14,"gold_loss":0},{"damage_healed":0,"gold_gain":0,"player_choice":"Fight","damage_taken":0,"max_hp_gain":0,"max_hp_loss":0,"event_name":"Colosseum","floor":22,"gold_loss":0}],"is_beta":false,"boss_relics":[{"not_picked":["Busted Crown","Ectoplasm"],"picked":"Eternal Feather"}],"items_purged_floors":[12],"is_endless":false,"potions_floor_spawned":[1,4,7,16,21],"killed_by":"Colosseum Slavers","ascension_level":13}