{"gold_per_floor":[114,133,133,33,33,71,21,21,21,54,54,17,17,117,117,213,213,237,32,32,57,75,115,136,136,136,136,136,161,194,194,194,194],"floor_reached":33,"playtime":991,"items_purged":["Regret"],"score":502,"play_id":"3c9436b8-830f-4b10-9457-bd1963eab853","local_time":"20190329102611","is_ascension_mode":true,"campfire_choices":[{"data":"Chaos","floor":11,"key":"SMITH"},{"floor":13,"key":"REST"},{"data":"Zap","floor":15,"key":"SMITH"},{"floor":25,"key":"REST"},{"floor":28,"key":"DIG"},{"floor":32,"key":"REST"}],"neow_cost":"NONE","seed_source_timestamp":1596791485600,"circlet_count":0,"master_deck":["AscendersBane","Strike_B+1","Strike_B+1","Strike_B+1","Strike_B+1","Defend_B+1","Defend_B+1","Defend_B+1","Defend_B+1","Zap+1","Dualcast","Finesse","Auto Shields","Gash","Sweeping Beam","Static Discharge","Chaos+1","Lockon","Machine Learning","Doom and Gloom","Ball Lightning+1","Gash","Coolheaded","Sunder","Chaos+1","Gash"],"special_seed":0,"relics":["Cracked Core","Bag of Preparation","Golden Idol","Cables","Blue Candle","Pear","Pen Nib","Eternal Feather","ClockworkSouvenir","DataDisk","Shovel","Toxic Egg 2","Gremlin Horn","Symbiotic Virus"],"potions_floor_usage":[22,30],"damage_taken":[{"damage":0.0,"enemies":"2 Louse","floor":1.0,"turns":3.0},{"damage":4.0,"enemies":"Small Slimes","floor":2.0,"turns":3.0},{"damage":32.0,"enemies":"Gremlin Nob","floor":6.0,"turns":4.0},{"damage":12.0,"enemies":"3 Sentries","floor":10.0,"turns":5.0},{"damage":43,"enemies":"Slime Boss","floor":16,"turns":8},{"damage":24,"enemies":"Shell Parasite","floor":18,"turns":4},{"damage":2,"enemies":"Chosen","floor":21,"turns":4},{"damage":7,"enemies":"Sentry and Sphere","floor":22,"turns":4},{"damage":18,"enemies":"Gremlin Leader","floor":23,"turns":5},{"damage":7,"enemies":"Cultist and Chosen","floor":24,"turns":4},{"damage":27,"enemies":"Centurion and Healer","floor":29,"turns":5},{"damage":18,"enemies":"Book of Stabbing","floor":30,"turns":4},{"damage":69,"enemies":"Collector","floor":33,"turns":6}],"seed_played":"1432739555105230992","potions_obtained":[{"floor":10.0,"key":"Dexterity Potion"},{"floor":22,"key":"Fruit Juice"},{"floor":29,"key":"Weak Potion"}],"is_trial":false,"path_per_floor":["M","M","?","$","?","E","?","T","T","E","R","$","R","?","R","B",null,"M","$","?","M","M","E","M","R","T","?","R","M","E","?","R","B"],"character_chosen":"DEFECT","items_purchased":["Sweeping Beam","Lockon","ClockworkSouvenir"],"campfire_rested":3,"item_purchase_floors":[4,12,19],"current_hp_per_floor":[68,64,64,64,64,32,32,32,42,30,30,30,55,55,55,12,67,43,43,43,41,39,21,14,53,53,53,65,38,20,20,62,0],"gold":194,"neow_bonus":"RANDOM_COLORLESS","is_prod":false,"is_daily":false,"chose_seed":false,"campfire_upgraded":2,"win_rate":0,"timestamp":1553869571,"path_taken":["M","M","?","$","?","E","?","?","T","E","R","?","R","?","R","BOSS","M","$","?","M","?","E","M","R","T","?","R","M","E","?","R","BOSS"],"build_version":"2019-01-23","purchased_purges":1,"victory":false,"max_hp_per_floor":[75,75,75,75,75,75,75,75,85,85,85,85,85,85,85,85,85,85,85,85,85,90,90,90,90,90,90,90,90,90,90,90,90],"card_choices":[{"not_picked":["Go for the Eyes","Coolheaded"],"picked":"Auto Shields","floor":1.0},{"not_picked":["Hologram","Conserve Battery"],"picked":"Gash","floor":2.0},{"not_picked":["Machine Learning","Turbo"],"picked":"Static Discharge","floor":6.0},{"not_picked":["Compile Driver","Stack"],"picked":"Chaos","floor":10.0},{"not_picked":["Meteor Strike","Multi-Cast"],"picked":"Machine Learning","floor":16},{"not_picked":["Scrape","Reprogram"],"picked":"Doom and Gloom","floor":18},{"not_picked":["Compile Driver","Coolheaded"],"picked":"Ball Lightning+1","floor":21},{"not_picked":["Storm","Rainbow"],"picked":"Gash","floor":22},{"not_picked":["Go for the Eyes","Ball Lightning"],"picked":"Coolheaded","floor":23},{"not_picked":["Storm+1","Go for the Eyes"],"picked":"Sunder","floor":24},{"not_picked":["Ball Lightning","Go for the Eyes"],"picked":"Chaos+1","floor":29},{"not_picked":["Turbo+1","Cold Snap"],"picked":"Gash","floor":30}],"player_experience":846394,"relics_obtained":[{"floor":6.0,"key":"Cables"},{"floor":8.0,"key":"Blue Candle"},{"floor":9.0,"key":"Pear"},{"floor":10.0,"key":"Pen Nib"},{"floor":23,"key":"Shovel"},{"floor":26,"key":"Toxic Egg 2"},{"floor":28,"key":"Gremlin Horn"},{"floor":30,"key":"Symbiotic Virus"}],"event_choices":[{"damage_healed":0.0,"max_hp_gain":0.0,"max_hp_loss":0.0,"gold_gain":0.0,"event_name":"Big Fish","player_choice":"Box","floor":3.0,"gold_loss":0.0,"damage_taken":0.0,"relics_obtained":["Bag of Preparation"],"cards_obtained":["Regret"]},{"damage_healed":0.0,"max_hp_gain":0.0,"max_hp_loss":0.0,"gold_gain":0.0,"event_name":"Golden Idol","player_choice":"Take Wound","floor":5.0,"gold_loss":0.0,"damage_taken":0.0,"relics_obtained":["Golden Idol"],"cards_obtained":["Injury"]},{"cards_removed":["Injury"],"damage_healed":0.0,"max_hp_gain":0.0,"max_hp_loss":0.0,"gold_gain":0.0,"event_name":"The Cleric","player_choice":"Card Removal","floor":7.0,"gold_loss":50.0,"damage_taken":0.0},{"damage_healed":0,"gold_gain":100,"player_choice":"Pray","damage_taken":0,"max_hp_gain":0,"max_hp_loss":0,"event_name":"Golden Shrine","floor":14,"gold_loss":0},{"damage_healed":0,"gold_gain":0,"player_choice":"Gave Potion","damage_taken":0,"relics_obtained":["DataDisk"],"max_hp_gain":0,"max_hp_loss":0,"event_name":"WeMeetAgain","floor":20,"gold_loss":0},{"damage_healed":0,"gold_gain":0,"player_choice":"Ignored","damage_taken":0,"max_hp_gain":0,"max_hp_loss":0,"event_name":"Ghosts","floor":27,"gold_loss":0},{"damage_healed":0,"gold_gain":0,"player_choice":"Simplicity","damage_taken":0,"max_hp_gain":0,"max_hp_loss":0,"event_name":"Back to Basics","floor":31,"gold_loss":0,"cards_upgraded":["Strike_B","Strike_B","Strike_B","Strike_B","Defend_B","Defend_B","Defend_B","Defend_B"]}],"is_beta":false,"boss_relics":[{"not_picked":["Ectoplasm","Lizard Tail"],"picked":"Eternal Feather"}],"items_purged_floors":[4],"is_endless":false,"potions_floor_spawned":[10,22,29],"killed_by":"Collector","ascension_level":13}