{"gold_per_floor":[110,110,28,28,41,74,74,105,128,151,151,189,212,250,250,343,343,366,389,389,413,144,144,157,176,256,256],"floor_reached":27,"playtime":1092,"items_purged":["Injury"],"score":483,"play_id":"95e053ed-e0f7-4a29-9838-714fbd14fe1a","local_time":"20190323231023","is_ascension_mode":true,"campfire_choices":[{"data":"Discovery","floor":7.0,"key":"SMITH"},{"data":"Sunder","floor":11.0,"key":"SMITH"},{"floor":15.0,"key":"REST"},{"floor":23.0,"key":"REST"}],"neow_cost":"NONE","seed_source_timestamp":42377327169400,"circlet_count":0,"master_deck":["AscendersBane","Strike_B","Strike_B","Strike_B","Strike_B","Defend_B","Defend_B","Defend_B","Defend_B","Zap","Dualcast","Conserve Battery","Lockon","Discovery+1","Coolheaded","Gash","Amplify","Sunder+1","Melter","Ball Lightning","Leap","Buffer+1","Fusion","Chaos","Redo","Defragment","Gash","Stack","Cold Snap","Darkness"],"special_seed":0,"relics":["Cracked Core","NeowsBlessing","Golden Idol","PreservedInsect","Matryoshka","Question Card","Regal Pillow","Singing Bowl","Centennial Puzzle","Inserter","Anchor"],"potions_floor_usage":[],"damage_taken":[{"damage":0.0,"enemies":"Small Slimes","floor":1.0,"turns":1.0},{"damage":0.0,"enemies":"Cultist","floor":5.0,"turns":1.0},{"damage":0.0,"enemies":"Gremlin Nob","floor":6.0,"turns":1.0},{"damage":19.0,"enemies":"3 Sentries","floor":8.0,"turns":7.0},{"damage":10.0,"enemies":"2 Louse","floor":10.0,"turns":2.0},{"damage":10.0,"enemies":"Gremlin Nob","floor":12.0,"turns":3.0},{"damage":5.0,"enemies":"Lots of Slimes","floor":13.0,"turns":4.0},{"damage":0.0,"enemies":"3 Sentries","floor":14.0,"turns":2.0},{"damage":23.0,"enemies":"The Guardian","floor":16.0,"turns":12.0},{"damage":10.0,"enemies":"Shell Parasite","floor":18.0,"turns":8.0},{"damage":25.0,"enemies":"Chosen","floor":19.0,"turns":6.0},{"damage":21.0,"enemies":"Shelled Parasite and Fungi","floor":21.0,"turns":9.0},{"damage":9.0,"enemies":"Cultist and Chosen","floor":24.0,"turns":9.0},{"damage":33.0,"enemies":"Centurion and Healer","floor":25.0,"turns":11.0},{"damage":8,"enemies":"Snake Plant","floor":27,"turns":1}],"seed_played":"2964129132342212885","potions_obtained":[{"floor":1.0,"key":"SkillPotion"},{"floor":8.0,"key":"SkillPotion"},{"floor":12.0,"key":"PowerPotion"},{"floor":14.0,"key":"Strength Potion"},{"floor":19.0,"key":"SpeedPotion"}],"is_trial":false,"path_per_floor":["M","?","$","?","M","E","R","E","T","M","R","E","M","E","R","B",null,"M","M","?","M","$","R","M","M","T","M"],"character_chosen":"DEFECT","items_purchased":["Lockon","Defragment","Gash","Stack","Cold Snap"],"campfire_rested":2,"item_purchase_floors":[3,22,22,22,22],"current_hp_per_floor":[68,68,68,68,68,68,68,49,49,39,39,29,24,24,61,38,66,56,31,31,10,10,47,40,7,7,0],"gold":256,"neow_bonus":"THREE_ENEMY_KILL","is_prod":false,"is_daily":false,"chose_seed":false,"campfire_upgraded":2,"win_rate":0,"timestamp":1553397023,"path_taken":["M","?","$","?","?","E","R","E","T","M","R","E","M","E","R","BOSS","M","M","?","M","$","R","M","M","T","?"],"build_version":"2019-01-23","purchased_purges":1,"victory":false,"max_hp_per_floor":[75,75,75,75,75,75,75,75,75,75,75,75,75,75,75,75,75,75,75,75,75,75,75,77,77,77,77],"card_choices":[{"not_picked":["Static Discharge","Force Field"],"picked":"Conserve Battery","floor":1.0},{"not_picked":["Hologram","Barrage"],"picked":"Coolheaded","floor":5.0},{"not_picked":["Conserve Battery","Go for the Eyes"],"picked":"Gash","floor":6.0},{"not_picked":["Compile Driver","Hello World"],"picked":"Amplify","floor":8.0},{"not_picked":["Turbo","Cold Snap","Leap"],"picked":"Sunder","floor":10.0},{"not_picked":["Beam Cell","Go for the Eyes","Steam"],"picked":"Melter","floor":12.0},{"not_picked":["Cold Snap","Leap","Stack"],"picked":"Ball Lightning","floor":13.0},{"not_picked":["Streamline","Genetic Algorithm","Ball Lightning"],"picked":"Leap","floor":14.0},{"not_picked":["Machine Learning","Amplify","Seek"],"picked":"Buffer","floor":16.0},{"not_picked":["Rebound","Genetic Algorithm","Reprogram"],"picked":"Fusion","floor":18.0},{"not_picked":["Turbo","Streamline","Conserve Battery"],"picked":"Chaos","floor":19.0},{"not_picked":["Aggregate","Rebound+1","Beam Cell"],"picked":"Redo","floor":21.0},{"not_picked":["Melter","Recycle","Sweeping Beam","Ball Lightning"],"picked":"Singing Bowl","floor":24.0},{"not_picked":["Scrape","Double Energy+1","Barrage"],"picked":"Darkness","floor":25.0}],"player_experience":837356,"relics_obtained":[{"floor":6.0,"key":"PreservedInsect"},{"floor":8.0,"key":"Matryoshka"},{"floor":9.0,"key":"Question Card"},{"floor":9.0,"key":"Regal Pillow"},{"floor":12.0,"key":"Singing Bowl"},{"floor":14.0,"key":"Centennial Puzzle"},{"floor":26.0,"key":"Anchor"}],"event_choices":[{"damage_healed":0.0,"max_hp_gain":0.0,"max_hp_loss":0.0,"gold_gain":0.0,"event_name":"Golden Idol","player_choice":"Take Wound","floor":2.0,"gold_loss":0.0,"damage_taken":0.0,"relics_obtained":["Golden Idol"],"cards_obtained":["Injury"]},{"damage_healed":0.0,"max_hp_gain":0.0,"max_hp_loss":0.0,"gold_gain":0.0,"event_name":"Match and Keep!","player_choice":"1 cards matched","floor":4.0,"gold_loss":0.0,"damage_taken":0.0,"cards_obtained":["Discovery"]},{"damage_healed":0.0,"max_hp_gain":0.0,"max_hp_loss":0.0,"gold_gain":0.0,"event_name":"Accursed Blacksmith","player_choice":"Forge","floor":20.0,"gold_loss":0.0,"damage_taken":0.0,"cards_upgraded":["Buffer"]}],"is_beta":false,"boss_relics":[{"not_picked":["Busted Crown","Calling Bell"],"picked":"Inserter"}],"items_purged_floors":[22],"is_endless":false,"potions_floor_spawned":[1,8,12,14,19,25],"killed_by":"Snake Plant","ascension_level":13}