{"gold_per_floor":[109,123,123,43,43,74,74,101,101,114,124,148,148,323,323,399,399,412,327,346,357,231,266,266,266,317,11,11,11,43,61,61,61],"floor_reached":33,"playtime":985,"items_purged":["Strike_B"],"score":521,"play_id":"70cb8bbb-48b8-4697-a13f-ac864ddaf06f","local_time":"20190328215018","is_ascension_mode":true,"campfire_choices":[{"data":"Reinforced Body","floor":7,"key":"SMITH"},{"floor":15,"key":"REST"},{"floor":28,"key":"REST"},{"floor":32,"key":"REST"}],"neow_cost":"NONE","seed_source_timestamp":469703942926900,"circlet_count":0,"master_deck":["AscendersBane","Strike_B+1","Defend_B+1","Defend_B","Defend_B","Defend_B","Zap","Dualcast","Gash","Gash","Reinforced Body+1","Glacier","BootSequence","Ball Lightning","Leap","Steam","Scrape","Echo Form","Defragment","Defragment","Gash+1","Beam Cell","Discovery","Turbo","Defragment","Coolheaded"],"relics":["Cracked Core","NeowsBlessing","Omamori","PreservedInsect","Dream Catcher","Question Card","Odd Mushroom","Empty Cage","Emotion Chip","Incense Burner","Strawberry","Orichalcum","Gremlin Horn"],"potions_floor_usage":[18,23,23,33],"damage_taken":[{"damage":0,"enemies":"Cultist","floor":1,"turns":1},{"damage":0,"enemies":"Jaw Worm","floor":2,"turns":1},{"damage":0,"enemies":"Lagavulin","floor":6,"turns":1},{"damage":1,"enemies":"Gremlin Nob","floor":8,"turns":4},{"damage":0,"enemies":"Small Slimes","floor":10,"turns":3},{"damage":0,"enemies":"2 Fungi Beasts","floor":11,"turns":3},{"damage":28,"enemies":"The Mushroom Lair","floor":12,"turns":4},{"damage":21,"enemies":"Hexaghost","floor":16,"turns":13},{"damage":24,"enemies":"3 Byrds","floor":18,"turns":7},{"damage":0,"enemies":"Shell Parasite","floor":20,"turns":8},{"damage":8,"enemies":"Snake Plant","floor":21,"turns":7},{"damage":26,"enemies":"Slavers","floor":23,"turns":3},{"damage":15,"enemies":"Book of Stabbing","floor":30,"turns":5},{"damage":6,"enemies":"Centurion and Healer","floor":31,"turns":8},{"damage":68,"enemies":"Automaton","floor":33,"turns":10}],"seed_played":"-4969788396718154746","potions_obtained":[{"floor":2,"key":"GamblersBrew"},{"floor":12,"key":"FearPotion"},{"floor":16,"key":"PowerPotion"},{"floor":20,"key":"Explosive Potion"},{"floor":23,"key":"SpeedPotion"},{"floor":30,"key":"FocusPotion"}],"is_trial":false,"path_per_floor":["M","M","?","$","?","E","R","E","T","M","M","?","?","?","R","B",null,"M","?","M","M","$","E","?","?","T","$","R","?","E","M","R","B"],"character_chosen":"DEFECT","items_purchased":["Reinforced Body","Beam Cell","Discovery","Defragment","Orichalcum"],"campfire_rested":3,"item_purchase_floors":[4,22,22,27,27],"current_hp_per_floor":[68,68,61,61,46,46,46,45,45,45,45,17,17,17,39,18,61,37,37,37,29,29,3,3,28,35,35,59,59,44,38,62,0],"gold":61,"neow_bonus":"THREE_ENEMY_KILL","is_prod":false,"is_daily":false,"chose_seed":false,"campfire_upgraded":1,"win_rate":0,"timestamp":1553824218,"path_taken":["M","M","?","$","?","E","R","E","T","M","M","?","?","?","R","BOSS","M","?","M","M","$","E","?","?","T","$","R","?","E","M","R","BOSS"],"build_version":"2019-01-23","purchased_purges":1,"victory":false,"max_hp_per_floor":[75,75,75,75,75,75,75,75,75,75,75,75,75,75,75,75,75,75,75,75,75,75,75,75,75,82,82,82,82,82,82,82,82],"card_choices":[{"not_picked":["Sweeping Beam","Go for the Eyes"],"picked":"Gash","floor":1},{"not_picked":["Steam","Reboot"],"picked":"Gash","floor":2},{"not_picked":["Turbo","Ball Lightning"],"picked":"Glacier","floor":6},{"not_picked":["Blizzard","Hello World"],"picked":"BootSequence","floor":8},{"not_picked":["Blizzard","Stack","Rebound"],"picked":"Ball Lightning","floor":10},{"not_picked":["Machine Learning","Glacier","Barrage"],"picked":"Leap","floor":11},{"not_picked":["Cold Snap","Rebound","Consume"],"picked":"Steam","floor":12},{"not_picked":["Loop","Coolheaded","Compile Driver"],"picked":"Scrape","floor":15},{"not_picked":["Hyperbeam","Fission","Buffer"],"picked":"Echo Form","floor":16},{"not_picked":["Coolheaded+1","Cold Snap","Melter"],"picked":"Defragment","floor":18},{"not_picked":["Darkness","Storm","Redo"],"picked":"Defragment","floor":20},{"not_picked":["Cold Snap","Lockon","Coolheaded+1"],"picked":"Gash+1","floor":21},{"not_picked":["Beam Cell","Skim+1","Creative AI"],"picked":"Turbo","floor":23},{"not_picked":["Aggregate","Conserve Battery","Glacier"],"picked":"Coolheaded","floor":30},{"not_picked":["Redo","Steam","Melter","Storm"],"picked":"SKIP","floor":31}],"player_experience":843447,"relics_obtained":[{"floor":6,"key":"PreservedInsect"},{"floor":8,"key":"Dream Catcher"},{"floor":9,"key":"Question Card"},{"floor":12,"key":"Odd Mushroom"},{"floor":23,"key":"Incense Burner"},{"floor":26,"key":"Strawberry"},{"floor":30,"key":"Gremlin Horn"}],"event_choices":[{"damage_healed":0,"gold_gain":0,"player_choice":"Success","damage_taken":7,"relics_obtained":["Omamori"],"max_hp_gain":0,"max_hp_loss":0,"event_name":"Scrap Ooze","floor":3,"gold_loss":0},{"damage_healed":0,"gold_gain":0,"player_choice":"Entered Light","damage_taken":15,"max_hp_gain":0,"max_hp_loss":0,"event_name":"Shining Light","floor":5,"gold_loss":0,"cards_upgraded":["Strike_B","Defend_B"]},{"damage_healed":0,"gold_gain":0,"player_choice":"Fought Mushrooms","damage_taken":0,"max_hp_gain":0,"max_hp_loss":0,"event_name":"Mushrooms","floor":12,"gold_loss":0},{"damage_healed":0,"gold_gain":0,"player_choice":"Ignored","damage_taken":0,"max_hp_gain":0,"max_hp_loss":0,"event_name":"Golden Wing","floor":13,"gold_loss":0},{"damage_healed":0,"gold_gain":175,"player_choice":"AGREE","damage_taken":0,"max_hp_gain":0,"max_hp_loss":0,"event_name":"Liars Game","floor":14,"gold_loss":0,"cards_obtained":["Doubt"]},{"damage_healed":0,"gold_gain":0,"player_choice":"Obtained Relic","damage_taken":0,"relics_obtained":["Emotion Chip"],"max_hp_gain":0,"max_hp_loss":0,"event_name":"Addict","floor":19,"gold_loss":85},{"damage_healed":0,"gold_gain":0,"player_choice":"Ignored","damage_taken":0,"max_hp_gain":0,"max_hp_loss":0,"event_name":"Vampires","floor":24,"gold_loss":0},{"damage_healed":25,"gold_gain":0,"player_choice":"Heal","damage_taken":0,"max_hp_gain":0,"max_hp_loss":0,"event_name":"The Library","floor":25,"gold_loss":0},{"damage_healed":0,"gold_gain":0,"player_choice":"Ignored","damage_taken":0,"max_hp_gain":0,"max_hp_loss":0,"event_name":"Ghosts","floor":29,"gold_loss":0}],"is_beta":false,"boss_relics":[{"not_picked":["White Beast Statue","Philosopher\u0027s Stone"],"picked":"Empty Cage"}],"items_purged_floors":[27],"is_endless":false,"potions_floor_spawned":[2,12,16,20,21,23,30],"killed_by":"Automaton","ascension_level":13}