{"gold_per_floor":[119,119,136,153,167,167,201,201,225,225,251,271,271,271],"floor_reached":14,"playtime":368,"items_purged":[],"score":165,"play_id":"1d6f1237-3dac-4930-b646-d0db3f859280","local_time":"20190328213342","is_ascension_mode":true,"campfire_choices":[{"data":"Dualcast","floor":6,"key":"SMITH"},{"floor":8,"key":"REST"},{"floor":10,"key":"REST"}],"neow_cost":"NONE","seed_source_timestamp":0,"circlet_count":0,"master_deck":["AscendersBane","Strike_B","Strike_B","Strike_B","Strike_B","Defend_B","Defend_B","Defend_B","Defend_B","Zap","Dualcast+1","Ball Lightning","Ball Lightning","Leap","Steam","Hyperbeam","Redo","Gash"],"special_seed":0,"relics":["Black Star","Bronze Scales","Dream Catcher","Regal Pillow","Omamori","Molten Egg 2","Darkstone Periapt"],"potions_floor_usage":[12,12],"damage_taken":[{"damage":7,"enemies":"Jaw Worm","floor":1,"turns":4},{"damage":0,"enemies":"Cultist","floor":3,"turns":3},{"damage":0,"enemies":"Small Slimes","floor":4,"turns":2},{"damage":14,"enemies":"Red Slaver","floor":5,"turns":3},{"damage":29,"enemies":"Lagavulin","floor":7,"turns":6},{"damage":35,"enemies":"Gremlin Nob","floor":11,"turns":4},{"damage":12,"enemies":"Exordium Thugs","floor":12,"turns":1},{"damage":32,"enemies":"Lagavulin","floor":14,"turns":7}],"seed_played":"-2629613587982623413","potions_obtained":[{"floor":3,"key":"FearPotion"},{"floor":5,"key":"Poison Potion"},{"floor":11,"key":"AttackPotion"}],"is_trial":false,"path_per_floor":["M","?","M","M","M","R","E","R","T","R","E","M","?","E"],"character_chosen":"DEFECT","items_purchased":[],"campfire_rested":2,"item_purchase_floors":[],"current_hp_per_floor":[61,61,61,61,47,47,18,40,40,75,40,28,28,0],"gold":271,"neow_bonus":"BOSS_RELIC","is_prod":false,"is_daily":false,"chose_seed":false,"campfire_upgraded":1,"win_rate":0,"timestamp":1553823222,"path_taken":["M","?","M","M","?","R","E","R","T","R","E","M","?","E"],"build_version":"2019-01-23","purchased_purges":0,"victory":false,"max_hp_per_floor":[75,75,75,75,75,75,75,75,75,75,75,75,75,75],"card_choices":[{"not_picked":["Compile Driver","Barrage"],"picked":"Lockon","floor":1},{"not_picked":["Stack","Chill"],"picked":"Ball Lightning","floor":3},{"not_picked":["Conserve Battery","Steam Power"],"picked":"Leap","floor":4},{"not_picked":["Self Repair","Genetic Algorithm"],"picked":"Steam","floor":5},{"not_picked":["Conserve Battery","Amplify"],"picked":"Hyperbeam","floor":7},{"not_picked":["Streamline","Conserve Battery"],"picked":"Redo","floor":8},{"not_picked":["Conserve Battery","Loop"],"picked":"Gash","floor":10},{"not_picked":["Hello World","Compile Driver","Turbo"],"picked":"SKIP","floor":11},{"not_picked":["Stack","Redo","Steam"],"picked":"SKIP","floor":12}],"player_experience":843079,"relics_obtained":[{"floor":7,"key":"Bronze Scales"},{"floor":7,"key":"Dream Catcher"},{"floor":9,"key":"Regal Pillow"},{"floor":11,"key":"Omamori"},{"floor":11,"key":"Molten Egg 2"}],"event_choices":[{"damage_healed":0,"gold_gain":0,"player_choice":"1 cards matched","damage_taken":0,"max_hp_gain":0,"max_hp_loss":0,"event_name":"Match and Keep!","floor":2,"gold_loss":0,"cards_obtained":["Ball Lightning"]},{"cards_removed":["Lockon"],"damage_healed":0,"gold_gain":0,"player_choice":"Gave Card","damage_taken":0,"relics_obtained":["Darkstone Periapt"],"max_hp_gain":0,"max_hp_loss":0,"event_name":"WeMeetAgain","floor":13,"gold_loss":0}],"is_beta":false,"boss_relics":[],"items_purged_floors":[],"is_endless":false,"potions_floor_spawned":[3,5,11],"killed_by":"Lagavulin","ascension_level":13}