{"gold_per_floor":[359,180,191,203,215,271,271,241,266,266],"floor_reached":10,"playtime":395,"items_purged":[],"score":112,"play_id":"848a569e-86eb-4f46-91fe-bcd232905ec3","local_time":"20190325215140","is_ascension_mode":true,"campfire_choices":[{"data":"Discovery","floor":7,"key":"SMITH"}],"neow_cost":"TEN_PERCENT_HP_LOSS","seed_source_timestamp":211167769852400,"circlet_count":0,"master_deck":["AscendersBane","Strike_B","Strike_B","Strike_B","Strike_B","Defend_B","Defend_B","Defend_B","Defend_B","Zap","Dualcast","Self Repair","Leap","Discovery+1","Gash","Genetic Algorithm","White Noise","Hologram","Conserve Battery","Cold Snap"],"relics":["Cracked Core","Tiny Chest"],"potions_floor_usage":[],"damage_taken":[{"damage":1,"enemies":"Cultist","floor":1,"turns":3},{"damage":7,"enemies":"Small Slimes","floor":3,"turns":3},{"damage":1,"enemies":"2 Louse","floor":4,"turns":2},{"damage":18,"enemies":"Blue Slaver","floor":5,"turns":5},{"damage":22,"enemies":"3 Sentries","floor":6,"turns":7},{"damage":1,"enemies":"Looter","floor":8,"turns":4},{"damage":36,"enemies":"Gremlin Nob","floor":10,"turns":4}],"seed_played":"-4530481466660234110","potions_obtained":[{"floor":1,"key":"SteroidPotion"}],"is_trial":false,"path_per_floor":["M","$","M","M","M","E","R","M","T","E"],"character_chosen":"DEFECT","items_purchased":["Leap","Discovery","Gash"],"campfire_rested":0,"item_purchase_floors":[2,2,2],"current_hp_per_floor":[67,67,60,59,48,33,33,32,32,0],"gold":266,"neow_bonus":"TWO_FIFTY_GOLD","is_prod":false,"is_daily":false,"chose_seed":false,"campfire_upgraded":1,"win_rate":0,"timestamp":1553565100,"path_taken":["M","$","M","M","?","E","R","?","T","E"],"build_version":"2019-01-23","purchased_purges":0,"victory":false,"max_hp_per_floor":[68,68,68,68,68,68,68,68,68,68],"card_choices":[{"not_picked":["Static Discharge","Go for the Eyes"],"picked":"Self Repair","floor":1},{"not_picked":["Redo","Fusion"],"picked":"Genetic Algorithm","floor":3},{"not_picked":["Consume","Conserve Battery"],"picked":"White Noise","floor":4},{"not_picked":["Streamline","Redo"],"picked":"Hologram","floor":5},{"not_picked":["White Noise","Loop"],"picked":"Conserve Battery","floor":6},{"not_picked":["Go for the Eyes","Storm"],"picked":"Cold Snap","floor":8}],"player_experience":838448,"relics_obtained":[{"floor":6,"key":"Tiny Chest"}],"event_choices":[],"is_beta":false,"boss_relics":[],"items_purged_floors":[],"is_endless":false,"potions_floor_spawned":[1],"killed_by":"Gremlin Nob","ascension_level":13}