{"gold_per_floor":[116,116,131,141,141,141,13,43,69,69,81,112,150,180,192,281,343,367,379,408,440,89,89,89],"floor_reached":24,"playtime":734,"items_purged":["Strike_B"],"score":340,"play_id":"7789f521-1647-4d9b-9824-fecb989b975b","local_time":"20190328165157","is_ascension_mode":true,"campfire_choices":[{"data":"Streamline","floor":6,"key":"SMITH"},{"floor":11,"key":"REST"},{"floor":15,"key":"REST"},{"floor":23,"key":"REST"}],"neow_cost":"NONE","seed_source_timestamp":452052960113700,"circlet_count":0,"master_deck":["AscendersBane","Strike_B","Strike_B","Strike_B+1","Defend_B","Defend_B","Defend_B+1","Defend_B","Zap","Dualcast+1","Ball Lightning","Sweeping Beam","Streamline+1","Leap","Reinforced Body","Coolheaded","Biased Cognition","Capacitor","Blizzard","All For One","Cold Snap","Chill","Defragment","Beam Cell","Finesse","Panache"],"relics":["Cracked Core","NeowsBlessing","NlothsMask","Dream Catcher","MawBank","Kunai","Tiny House"],"potions_floor_usage":[16,16,20,21],"damage_taken":[{"damage":0,"enemies":"Small Slimes","floor":1,"turns":1},{"damage":0,"enemies":"Cultist","floor":3,"turns":1},{"damage":0,"enemies":"Jaw Worm","floor":4,"turns":1},{"damage":18,"enemies":"Gremlin Nob","floor":8,"turns":3},{"damage":7,"enemies":"3 Louse","floor":12,"turns":3},{"damage":15,"enemies":"3 Sentries","floor":13,"turns":5},{"damage":0,"enemies":"Exordium Wildlife","floor":14,"turns":4},{"damage":3,"enemies":"Slime Boss","floor":16,"turns":9},{"damage":33,"enemies":"Chosen","floor":18,"turns":6},{"damage":21,"enemies":"Shell Parasite","floor":20,"turns":6},{"damage":20,"enemies":"Snake Plant","floor":21,"turns":7},{"damage":32,"enemies":"Book of Stabbing","floor":24,"turns":2}],"seed_played":"-611237471358410116","potions_obtained":[{"floor":4,"key":"FocusPotion"},{"floor":13,"key":"SpeedPotion"},{"floor":16,"key":"Fruit Juice"},{"floor":17,"key":"SpeedPotion"},{"floor":20,"key":"Explosive Potion"}],"is_trial":false,"path_per_floor":["M","?","M","M","?","R","$","E","T","T","R","M","E","M","R","B",null,"M","?","M","M","$","R","E"],"character_chosen":"DEFECT","items_purchased":["Leap","Defragment","Beam Cell","Finesse","Panache"],"campfire_rested":3,"item_purchase_floors":[7,22,22,22,22],"current_hp_per_floor":[68,68,68,68,53,53,53,35,35,35,57,50,35,35,57,59,80,47,47,26,6,6,31,0],"gold":89,"neow_bonus":"THREE_ENEMY_KILL","is_prod":false,"is_daily":false,"chose_seed":false,"campfire_upgraded":1,"win_rate":0,"timestamp":1553806317,"path_taken":["M","?","M","?","?","R","$","E","T","?","R","M","E","M","R","BOSS","M","?","M","M","$","R","E"],"build_version":"2019-01-23","purchased_purges":1,"victory":false,"max_hp_per_floor":[75,75,75,75,75,75,75,75,75,75,75,75,75,75,75,80,85,85,85,85,85,85,85,85],"card_choices":[{"not_picked":["Glacier","Chaos"],"picked":"Ball Lightning","floor":1},{"not_picked":["Barrage","Beam Cell"],"picked":"Sweeping Beam","floor":3},{"not_picked":["Rebound","Force Field"],"picked":"Streamline","floor":4},{"not_picked":["Stack","Ball Lightning"],"picked":"Reinforced Body","floor":8},{"not_picked":["Streamline","Sweeping Beam"],"picked":"Coolheaded","floor":11},{"not_picked":["White Noise","Redo"],"picked":"Biased Cognition","floor":12},{"not_picked":["Undo","Steam Power"],"picked":"Capacitor","floor":13},{"not_picked":["Barrage","Heatsinks","Compile Driver"],"picked":"SKIP","floor":14},{"not_picked":["Skim","Streamline"],"picked":"Blizzard","floor":15},{"not_picked":["Meteor Strike","Multi-Cast"],"picked":"All For One","floor":16},{"not_picked":["Streamline","Compile Driver"],"picked":"Cold Snap","floor":17},{"not_picked":["Chaos","Static Discharge"],"picked":"Chill","floor":18},{"not_picked":["Static Discharge","Streamline+1","Turbo+1"],"picked":"SKIP","floor":20},{"not_picked":["Sweeping Beam","Double Energy+1","Compile Driver"],"picked":"SKIP","floor":21}],"player_experience":842345,"relics_obtained":[{"floor":8,"key":"Dream Catcher"},{"floor":10,"key":"MawBank"},{"floor":13,"key":"Kunai"}],"event_choices":[{"damage_healed":0,"gold_gain":0,"player_choice":"Trade","damage_taken":0,"relics_obtained":["NlothsMask"],"max_hp_gain":0,"max_hp_loss":0,"event_name":"FaceTrader","floor":2,"gold_loss":0},{"damage_healed":0,"gold_gain":0,"player_choice":"Entered Light","damage_taken":15,"max_hp_gain":0,"max_hp_loss":0,"event_name":"Shining Light","floor":5,"gold_loss":0,"cards_upgraded":["Dualcast","Strike_B"]},{"damage_healed":0,"gold_gain":0,"player_choice":"Ignored","damage_taken":0,"max_hp_gain":0,"max_hp_loss":0,"event_name":"Vampires","floor":19,"gold_loss":0}],"is_beta":false,"boss_relics":[{"not_picked":["Philosopher\u0027s Stone","Lizard Tail"],"picked":"Tiny House"}],"items_purged_floors":[7],"is_endless":false,"potions_floor_spawned":[4,13,16,20],"killed_by":"Book of Stabbing","ascension_level":13}