{"gold_per_floor":[110,110,185,201,201,376,402,402,402,420,440,68,78,94,94,173,173,193,193,211,261,311,311,345,356,356,20,30,80],"floor_reached":29,"playtime":1102,"items_purged":["Doubt"],"score":462,"play_id":"b1ce70c5-1c0b-4ecf-aac0-5f3cf9d0c7d0","local_time":"20190411002608","is_ascension_mode":true,"campfire_choices":[{"floor":8,"key":"REST"},{"floor":15,"key":"REST"},{"floor":23,"key":"REST"}],"neow_cost":"NONE","seed_source_timestamp":230993822044700,"circlet_count":0,"master_deck":["AscendersBane","Strike_B","Strike_B","Defend_B","Defend_B","Defend_B+1","Zap","Dualcast+1","Conserve Battery","BootSequence","Coolheaded","Melter","Redo","Echo Form","Steam","Sunder","Stack","Capacitor","Hello World","Cold Snap","Amplify","Skim+1","Biased Cognition+1","Machine Learning+1","Blizzard","Glacier+1","Force Field","Thunder Strike","Coolheaded+1","Self Repair","Capacitor+1","Redo+1"],"relics":["Cracked Core","NeowsBlessing","Art of War","Prayer Wheel","ClockworkSouvenir","Astrolabe","SsserpentHead","Sundial","Letter Opener"],"potions_floor_usage":[16,21,24],"damage_taken":[{"damage":0,"enemies":"Small Slimes","floor":1,"turns":1},{"damage":0,"enemies":"2 Louse","floor":4,"turns":1},{"damage":0,"enemies":"3 Sentries","floor":7,"turns":1},{"damage":1,"enemies":"Jaw Worm","floor":10,"turns":4},{"damage":20,"enemies":"Large Slime","floor":11,"turns":6},{"damage":16,"enemies":"Exordium Thugs","floor":13,"turns":7},{"damage":1,"enemies":"Looter","floor":14,"turns":3},{"damage":29,"enemies":"Hexaghost","floor":16,"turns":13},{"damage":4,"enemies":"Chosen","floor":18,"turns":5},{"damage":11,"enemies":"3 Byrds","floor":20,"turns":6},{"damage":0,"enemies":"Shelled Parasite and Fungi","floor":21,"turns":1},{"damage":8,"enemies":"Slavers","floor":24,"turns":8},{"damage":16,"enemies":"Cultist and Chosen","floor":25,"turns":7},{"damage":13,"enemies":"Centurion and Healer","floor":28,"turns":8},{"damage":12,"enemies":"Colosseum Slavers","floor":29,"turns":2}],"seed_played":"-6020166333728409446","potions_obtained":[{"floor":7,"key":"SmokeBomb"},{"floor":14,"key":"SkillPotion"},{"floor":18,"key":"Explosive Potion"},{"floor":25,"key":"SteroidPotion"},{"floor":28,"key":"Strength Potion"}],"is_trial":false,"path_per_floor":["M","?","?","M","?","?","E","R","T","M","M","$","M","M","R","B",null,"M","?","M","M","?","R","E","M","T","$","M","?"],"character_chosen":"DEFECT","items_purchased":["ClockworkSouvenir","Sunder","Stack","Letter Opener","Self Repair"],"campfire_rested":3,"item_purchase_floors":[12,12,12,27,27],"current_hp_per_floor":[64,57,46,46,32,32,32,53,53,52,32,32,16,15,36,7,55,51,51,40,40,27,49,41,25,25,25,19,7],"gold":80,"neow_bonus":"THREE_ENEMY_KILL","is_prod":false,"is_daily":false,"chose_seed":false,"campfire_upgraded":0,"win_rate":0,"timestamp":1554956768,"path_taken":["M","?","?","M","?","?","E","R","T","M","?","$","M","M","R","BOSS","M","?","M","?","?","R","E","M","T","$","M","?"],"build_version":"2019-01-23","purchased_purges":1,"victory":false,"max_hp_per_floor":[71,71,71,71,71,71,71,71,71,71,71,71,71,71,71,71,71,71,71,71,71,76,76,76,76,76,76,76,76],"card_choices":[{"not_picked":["Doom and Gloom","Leap"],"picked":"Conserve Battery","floor":1},{"not_picked":["Hello World","Lockon"],"picked":"BootSequence","floor":4},{"not_picked":["Hologram","Rebound"],"picked":"Coolheaded","floor":7},{"not_picked":["Recycle","Double Energy"],"picked":"Melter","floor":10},{"not_picked":["Hologram","Leap"],"picked":"Redo","floor":10},{"not_picked":["Gash","Turbo"],"picked":"Echo Form","floor":11},{"not_picked":["Redo","Conserve Battery"],"picked":"Steam","floor":11},{"not_picked":["Lockon","Turbo"],"picked":"Capacitor","floor":13},{"not_picked":["Go for the Eyes","Conserve Battery"],"picked":"Hello World","floor":13},{"not_picked":["Stack","Compile Driver"],"picked":"Genetic Algorithm","floor":14},{"not_picked":["Reinforced Body","Turbo"],"picked":"Cold Snap","floor":14},{"not_picked":["Fission","Rainbow"],"picked":"Amplify","floor":16},{"not_picked":["Fusion","Beam Cell"],"picked":"Blizzard","floor":18},{"not_picked":["Stack","Rebound"],"picked":"Glacier+1","floor":18},{"not_picked":["Cold Snap","Compile Driver"],"picked":"Force Field","floor":20},{"not_picked":["Gash","Go for the Eyes"],"picked":"Thunder Strike","floor":20},{"not_picked":["Rip and Tear","Sweeping Beam"],"picked":"Coolheaded+1","floor":24},{"not_picked":["Conserve Battery","Reprogram","Undo"],"picked":"SKIP","floor":25},{"not_picked":["Glacier","Redo","Beam Cell"],"picked":"SKIP","floor":25},{"not_picked":["Ball Lightning","Sweeping Beam"],"picked":"Capacitor+1","floor":28},{"not_picked":["Go for the Eyes","Coolheaded"],"picked":"Redo+1","floor":28}],"player_experience":873489,"relics_obtained":[{"floor":7,"key":"Art of War"},{"floor":9,"key":"Prayer Wheel"},{"floor":24,"key":"Sundial"}],"event_choices":[{"cards_removed":["Strike_B"],"damage_healed":0,"gold_gain":0,"player_choice":"Card Removal","damage_taken":7,"max_hp_gain":0,"max_hp_loss":0,"event_name":"Golden Wing","floor":2,"gold_loss":0},{"damage_healed":0,"gold_gain":75,"player_choice":"Gather Gold","damage_taken":11,"max_hp_gain":0,"max_hp_loss":0,"event_name":"World of Goop","floor":3,"gold_loss":0},{"damage_healed":0,"gold_gain":0,"player_choice":"Entered Light","damage_taken":14,"max_hp_gain":0,"max_hp_loss":0,"event_name":"Shining Light","floor":5,"gold_loss":0,"cards_upgraded":["Dualcast","Defend_B"]},{"damage_healed":0,"gold_gain":175,"player_choice":"AGREE","damage_taken":0,"max_hp_gain":0,"max_hp_loss":0,"event_name":"Liars Game","floor":6,"gold_loss":0,"cards_obtained":["Doubt"]},{"damage_healed":0,"gold_gain":0,"player_choice":"Trade","damage_taken":0,"relics_obtained":["SsserpentHead"],"max_hp_gain":0,"max_hp_loss":0,"event_name":"FaceTrader","floor":19,"gold_loss":0},{"damage_healed":0,"gold_gain":0,"player_choice":"Shed Blood","damage_taken":18,"max_hp_gain":5,"max_hp_loss":0,"event_name":"Forgotten Altar","floor":22,"gold_loss":0},{"damage_healed":0,"gold_gain":0,"player_choice":"Fight","damage_taken":0,"max_hp_gain":0,"max_hp_loss":0,"event_name":"Colosseum","floor":29,"gold_loss":0}],"is_beta":false,"boss_relics":[{"not_picked":["Empty Cage","Black Star"],"picked":"Astrolabe"}],"items_purged_floors":[12],"is_endless":false,"potions_floor_spawned":[7,14,18,25,28],"killed_by":"Colosseum Slavers","ascension_level":14}