{"gold_per_floor":[110,110,125,125,139,171,171,183,183,183,209,227,258,12,12,85,85,101,101,16,116,134,167,179,204,242,254,300,312,16,49,49,124,124,140,153,206,206,15,48,48,80,80,80,105,105,121,135,135,135,135,135,49,78,78],"floor_reached":55,"playtime":4603,"items_purged":[],"score":1410,"play_id":"7b1ca369-37a7-41ac-9d01-641f0fe0e80a","local_time":"20190408231810","is_ascension_mode":true,"campfire_choices":[{"data":"Biased Cognition","floor":7.0,"key":"SMITH"},{"data":"Zap","floor":10.0,"key":"SMITH"},{"data":"Redo","floor":15.0,"key":"SMITH"},{"floor":24.0,"key":"REST"},{"data":"Consume","floor":27.0,"key":"SMITH"},{"floor":29.0,"key":"REST"},{"floor":32.0,"key":"REST"},{"floor":41,"key":"RECALL"},{"floor":46,"key":"REST"},{"floor":49,"key":"REST"},{"data":"Echo Form","floor":52,"key":"SMITH"}],"neow_cost":"NONE","seed_source_timestamp":36370062409700,"circlet_count":0,"master_deck":["AscendersBane","Strike_B+1","Strike_B+1","Strike_B+1","Defend_B+1","Defend_B+1","Defend_B+1","Zap+1","Dualcast","Reinforced Body","Echo Form+1","Chill","Biased Cognition+1","Tempest","Double Energy","Redo+1","Bandage Up","Electrodynamics","Consume+1","Glacier","Force Field","Finesse","Core Surge+1","Stack","Panache","Defragment","Bandage Up","Creative AI","Flash of Steel+1"],"special_seed":0,"relics":["Cracked Core","NeowsBlessing","Bag of Marbles","Happy Flower","Molten Egg 2","DataDisk","Bronze Scales","Inserter","Singing Bowl","Du-Vu Doll","Symbiotic Virus","MawBank","Strawberry","Omamori","Lantern","Sundial","Eternal Feather","Prayer Wheel","Pear","Unceasing Top","Mummified Hand","Boot"],"potions_floor_usage":[54],"damage_taken":[{"damage":0.0,"enemies":"2 Louse","floor":1.0,"turns":1.0},{"damage":0.0,"enemies":"Jaw Worm","floor":3.0,"turns":1.0},{"damage":0.0,"enemies":"Cultist","floor":5.0,"turns":1.0},{"damage":13.0,"enemies":"Lagavulin","floor":6.0,"turns":5.0},{"damage":0.0,"enemies":"3 Louse","floor":8.0,"turns":3.0},{"damage":0.0,"enemies":"Gremlin Nob","floor":11.0,"turns":4.0},{"damage":0.0,"enemies":"2 Fungi Beasts","floor":12.0,"turns":3.0},{"damage":0.0,"enemies":"Lagavulin","floor":13.0,"turns":5.0},{"damage":30.0,"enemies":"Hexaghost","floor":16.0,"turns":7.0},{"damage":12.0,"enemies":"Chosen","floor":18.0,"turns":4.0},{"damage":11.0,"enemies":"Colosseum Slavers","floor":21.0,"turns":3.0},{"damage":27.0,"enemies":"Colosseum Nobs","floor":21.0,"turns":4.0},{"damage":0.0,"enemies":"Shell Parasite","floor":22.0,"turns":3.0},{"damage":31.0,"enemies":"Gremlin Leader","floor":23.0,"turns":5.0},{"damage":0.0,"enemies":"Centurion and Healer","floor":25.0,"turns":5.0},{"damage":34.0,"enemies":"Slavers","floor":28.0,"turns":3.0},{"damage":0.0,"enemies":"Book of Stabbing","floor":31.0,"turns":5.0},{"damage":23.0,"enemies":"Champ","floor":33.0,"turns":10.0},{"damage":0.0,"enemies":"3 Darklings","floor":35.0,"turns":4.0},{"damage":4.0,"enemies":"3 Shapes","floor":36.0,"turns":4.0},{"damage":23.0,"enemies":"2 Orb Walkers","floor":37.0,"turns":5.0},{"damage":20.0,"enemies":"Reptomancer","floor":40.0,"turns":6.0},{"damage":67,"enemies":"Nemesis","floor":42,"turns":7},{"damage":47,"enemies":"Spire Growth","floor":47,"turns":5},{"damage":0,"enemies":"Maw","floor":48,"turns":5},{"damage":24,"enemies":"Donu and Deca","floor":50,"turns":7},{"damage":71,"enemies":"Shield and Spear","floor":54,"turns":9},{"damage":62,"enemies":"The Heart","floor":55,"turns":3}],"seed_played":"2463665719540628190","potions_obtained":[{"floor":1.0,"key":"Dexterity Potion"},{"floor":5.0,"key":"SteroidPotion"},{"floor":6.0,"key":"AttackPotion"},{"floor":23.0,"key":"AttackPotion"}],"is_trial":false,"path_per_floor":["M","?","M","?","M","E","R","M","T","R","E","M","E","$","R","B",null,"M","?","?","?","M","E","R","M","T","R","E","R","$","E","R","B",null,"M","M","?","?","$","E","R","E","T","?","T","R","M","M","R","B",null,"R","$","E","B"],"character_chosen":"DEFECT","items_purchased":["Bandage Up","Bronze Scales","Force Field","Lantern","Finesse","Panache","Flash of Steel+1"],"campfire_rested":5,"item_purchase_floors":[14,14,30,30,30,39,53],"current_hp_per_floor":[68,68,68,61,61,48,48,48,48,48,48,48,48,48,48,22,62,58,58,58,30,30,5,28,34,41,41,13,40,40,46,73,54,83,87,85,68,68,68,62,77,16,16,16,16,63,28,38,87,71,103,114,114,45,0],"gold":78,"neow_bonus":"THREE_ENEMY_KILL","is_prod":false,"is_daily":false,"chose_seed":false,"campfire_upgraded":5,"win_rate":0,"timestamp":1554779890,"path_taken":["M","?","M","?","?","E","R","M","T","R","E","M","E","$","R","BOSS","M","?","?","?","M","E","R","M","T","R","E","R","?","E","R","BOSS","M","?","?","?","$","E","R","E","T","?","?","R","M","M","R","BOSS","R","$","E","BOSS"],"build_version":"2019-01-23","purchased_purges":0,"victory":false,"max_hp_per_floor":[75,75,75,75,75,75,75,75,75,75,75,75,75,75,75,75,75,75,75,75,77,77,79,79,81,88,88,90,90,90,92,92,92,92,92,94,96,96,96,106,106,108,108,108,108,108,112,114,114,114,114,114,114,116,116],"card_choices":[{"not_picked":["Undo","Skim"],"picked":"Reinforced Body","floor":1.0},{"not_picked":["Stack","Compile Driver"],"picked":"Chill","floor":3.0},{"not_picked":["Ball Lightning","Compile Driver"],"picked":"Biased Cognition","floor":5.0},{"not_picked":["Hologram","Conserve Battery"],"picked":"Tempest","floor":6.0},{"not_picked":["Gash","Tempest"],"picked":"Double Energy","floor":8.0},{"not_picked":["Chill","Reinforced Body"],"picked":"Redo","floor":11.0},{"not_picked":["Hologram","Genetic Algorithm","Barrage+1"],"picked":"SKIP","floor":12.0},{"not_picked":["Coolheaded","Barrage+1","Redo"],"picked":"SKIP","floor":13.0},{"not_picked":["Meteor Strike+1","Fission"],"picked":"Electrodynamics","floor":16.0},{"not_picked":["Turbo","Beam Cell+1"],"picked":"Consume","floor":18.0},{"not_picked":["Sweeping Beam+1","Turbo","Streamline+1"],"picked":"Singing Bowl","floor":21.0},{"not_picked":["Lockon+1","Hello World"],"picked":"Glacier","floor":22.0},{"not_picked":["Sweeping Beam+1","Auto Shields","Go for the Eyes+1"],"picked":"Singing Bowl","floor":23.0},{"not_picked":["Hologram","Scrape+1","Stack"],"picked":"Singing Bowl","floor":25.0},{"not_picked":["Biased Cognition","Turbo","Chaos"],"picked":"Singing Bowl","floor":28.0},{"not_picked":["Storm","Rebound+1","Streamline+1"],"picked":"Singing Bowl","floor":31.0},{"not_picked":["Multi-Cast","Seek"],"picked":"Core Surge+1","floor":33.0},{"not_picked":["Recycle","Go for the Eyes+1"],"picked":"Stack","floor":35.0},{"not_picked":["Storm+1","Steam","Static Discharge"],"picked":"Singing Bowl","floor":36.0},{"not_picked":["Ball Lightning+1","Stack+1","Double Energy"],"picked":"Singing Bowl","floor":37.0},{"not_picked":["Steam","Reinforced Body"],"picked":"Defragment","floor":40.0},{"not_picked":["Fission","Steam Power","Force Field+1"],"picked":"Singing Bowl","floor":42},{"not_picked":["Violence","Dark Shackles"],"picked":"Bandage Up","floor":44},{"not_picked":["Tempest+1","Cold Snap+1","Self Repair+1"],"picked":"Singing Bowl","floor":47},{"not_picked":["Conserve Battery+1","Go for the Eyes+1","Leap"],"picked":"Singing Bowl","floor":47},{"not_picked":["Cold Snap+1","Steam+1"],"picked":"Creative AI","floor":48},{"not_picked":["Reinforced Body","Chaos","Sunder+1"],"picked":"Singing Bowl","floor":48},{"not_picked":["Beam Cell+1","Defragment","Coolheaded"],"picked":"Singing Bowl","floor":54}],"player_experience":866240,"relics_obtained":[{"floor":6.0,"key":"Bag of Marbles"},{"floor":9.0,"key":"Happy Flower"},{"floor":11.0,"key":"Molten Egg 2"},{"floor":13.0,"key":"DataDisk"},{"floor":21.0,"key":"Du-Vu Doll"},{"floor":21.0,"key":"Symbiotic Virus"},{"floor":23.0,"key":"MawBank"},{"floor":26.0,"key":"Strawberry"},{"floor":28.0,"key":"Omamori"},{"floor":31.0,"key":"Sundial"},{"floor":37.0,"key":"Prayer Wheel"},{"floor":40.0,"key":"Pear"},{"floor":42,"key":"Unceasing Top"},{"floor":43,"key":"Mummified Hand"},{"floor":54,"key":"Boot"}],"event_choices":[{"damage_healed":0.0,"max_hp_gain":0.0,"max_hp_loss":0.0,"gold_gain":0.0,"cards_transformed":["Strike_B"],"event_name":"Living Wall","player_choice":"Change","floor":2.0,"gold_loss":0.0,"damage_taken":0.0,"cards_obtained":["Echo Form"]},{"cards_removed":["Defend_B"],"damage_healed":0.0,"max_hp_gain":0.0,"max_hp_loss":0.0,"gold_gain":0.0,"event_name":"Golden Wing","player_choice":"Card Removal","floor":4.0,"gold_loss":0.0,"damage_taken":7.0},{"damage_healed":0.0,"max_hp_gain":0.0,"max_hp_loss":0.0,"gold_gain":0.0,"event_name":"Back to Basics","player_choice":"Simplicity","floor":19.0,"gold_loss":0.0,"damage_taken":0.0,"cards_upgraded":["Strike_B","Strike_B","Strike_B","Defend_B","Defend_B","Defend_B"]},{"damage_healed":0.0,"max_hp_gain":0.0,"max_hp_loss":0.0,"gold_gain":0.0,"event_name":"Addict","player_choice":"Obtained Relic","floor":20.0,"gold_loss":85.0,"damage_taken":0.0,"relics_obtained":["Singing Bowl"]},{"damage_healed":0.0,"max_hp_gain":0.0,"max_hp_loss":0.0,"gold_gain":0.0,"event_name":"Colosseum","player_choice":"Fight","floor":21.0,"gold_loss":0.0,"damage_taken":0.0},{"damage_healed":0.0,"max_hp_gain":0.0,"max_hp_loss":0.0,"gold_gain":0.0,"event_name":"Colosseum","player_choice":"Fought Nobs","floor":21.0,"gold_loss":0.0,"damage_taken":0.0},{"damage_healed":0.0,"max_hp_gain":0.0,"max_hp_loss":0.0,"gold_gain":0.0,"event_name":"Mysterious Sphere","player_choice":"Fight","floor":37.0,"gold_loss":0.0,"damage_taken":0.0},{"damage_healed":0.0,"max_hp_gain":0.0,"max_hp_loss":0.0,"gold_gain":0.0,"event_name":"Tomb of Lord Red Mask","player_choice":"Ignored","floor":38.0,"gold_loss":0.0,"damage_taken":0.0},{"damage_healed":0,"gold_gain":0,"player_choice":"Memory 1","damage_taken":0,"max_hp_gain":0,"max_hp_loss":0,"event_name":"SensoryStone","floor":44,"gold_loss":0}],"is_beta":false,"boss_relics":[{"not_picked":["Runic Pyramid","Snecko Eye"],"picked":"Inserter"},{"not_picked":["Coffee Dripper","Runic Dome"],"picked":"Eternal Feather"}],"items_purged_floors":[],"is_endless":false,"potions_floor_spawned":[1,5,6,21,23,25,31,42],"killed_by":"The Heart","ascension_level":13}