{"gold_per_floor":[115,134,134,134,134,163,163,197,197,197,214,241,261,261],"floor_reached":14,"playtime":358,"items_purged":[],"score":184,"play_id":"f6fe367c-8dc5-437c-a374-a29b74349873","local_time":"20190411000737","is_ascension_mode":true,"campfire_choices":[{"floor":7,"key":"REST"},{"floor":10,"key":"REST"}],"neow_cost":"NONE","seed_source_timestamp":230626825498000,"circlet_count":0,"master_deck":["AscendersBane","Strike_B","Strike_B","Strike_B","Strike_B","Defend_B+1","Defend_B","Defend_B","Defend_B","Zap","Dualcast+1","Go for the Eyes","Melter","Sweeping Beam","Gash","Loop+1","Gash","Leap"],"relics":["Eternal Feather","Pocketwatch","Frozen Egg 2","Omamori","Shuriken","StoneCalendar"],"potions_floor_usage":[8,12,14],"damage_taken":[{"damage":6,"enemies":"2 Louse","floor":1,"turns":6},{"damage":7,"enemies":"Jaw Worm","floor":2,"turns":4},{"damage":28,"enemies":"Gremlin Nob","floor":6,"turns":5},{"damage":20,"enemies":"Lagavulin","floor":8,"turns":5},{"damage":7,"enemies":"Small Slimes","floor":11,"turns":3},{"damage":27,"enemies":"3 Sentries","floor":12,"turns":5},{"damage":0,"enemies":"2 Fungi Beasts","floor":13,"turns":3},{"damage":10,"enemies":"Lagavulin","floor":14,"turns":2}],"seed_played":"-1231546195522675922","potions_obtained":[{"floor":2,"key":"Strength Potion"},{"floor":11,"key":"EssenceOfSteel"},{"floor":13,"key":"LiquidBronze"}],"is_trial":false,"path_per_floor":["M","M","?","?","?","E","R","E","T","R","M","E","M","E"],"character_chosen":"DEFECT","items_purchased":[],"campfire_rested":2,"item_purchase_floors":[],"current_hp_per_floor":[58,51,39,44,29,1,29,9,9,40,33,6,6,0],"gold":261,"neow_bonus":"BOSS_RELIC","is_prod":false,"is_daily":false,"chose_seed":false,"campfire_upgraded":0,"win_rate":0,"timestamp":1554955657,"path_taken":["M","M","?","?","?","E","R","E","T","R","M","E","M","E"],"build_version":"2019-01-23","purchased_purges":0,"victory":false,"max_hp_per_floor":[71,71,71,76,76,76,76,76,76,76,76,76,76,76],"card_choices":[{"not_picked":["Compile Driver","Reprogram"],"picked":"Go for the Eyes","floor":1},{"not_picked":["Stack","Coolheaded"],"picked":"Melter","floor":2},{"not_picked":["Blizzard","Meteor Strike"],"picked":"Sweeping Beam","floor":6},{"not_picked":["Hologram","Undo"],"picked":"Gash","floor":8},{"not_picked":["Tempest","Sweeping Beam"],"picked":"Loop+1","floor":11},{"not_picked":["Sweeping Beam","Consume"],"picked":"Gash","floor":12},{"not_picked":["Coolheaded","Defragment+1"],"picked":"Leap","floor":13}],"player_experience":873131,"relics_obtained":[{"floor":6,"key":"Frozen Egg 2"},{"floor":8,"key":"Omamori"},{"floor":9,"key":"Shuriken"},{"floor":12,"key":"StoneCalendar"}],"event_choices":[{"damage_healed":0,"gold_gain":0,"player_choice":"Success","damage_taken":12,"relics_obtained":["Pocketwatch"],"max_hp_gain":0,"max_hp_loss":0,"event_name":"Scrap Ooze","floor":3,"gold_loss":0},{"damage_healed":0,"gold_gain":0,"player_choice":"Donut","damage_taken":0,"max_hp_gain":5,"max_hp_loss":0,"event_name":"Big Fish","floor":4,"gold_loss":0},{"damage_healed":0,"gold_gain":0,"player_choice":"Entered Light","damage_taken":15,"max_hp_gain":0,"max_hp_loss":0,"event_name":"Shining Light","floor":5,"gold_loss":0,"cards_upgraded":["Defend_B","Dualcast"]}],"is_beta":false,"boss_relics":[],"items_purged_floors":[],"is_endless":false,"potions_floor_spawned":[2,11,13],"killed_by":"Lagavulin","ascension_level":14}