{"gold_per_floor":[112,123,123,48,48,84,30,73,96,127,143,143,157,175,175,271,271,284,300,210,18,31,31,56,100,100,131,131,43,74,3,3,97,97,110,126,126,126,149,149,193,193,193,113,131,152,175,27,27,27],"floor_reached":50,"playtime":2280,"items_purged":["Injury","Strike_B"],"score":990,"play_id":"ffad3370-5412-4c1c-85c2-cbb1dff15e13","local_time":"20190406210503","is_ascension_mode":true,"campfire_choices":[{"floor":12.0,"key":"REST"},{"data":"Loop","floor":15.0,"key":"SMITH"},{"floor":23,"key":"REST"},{"floor":28,"key":"REST"},{"floor":32,"key":"REST"},{"floor":40,"key":"REST"},{"floor":42,"key":"REST"},{"floor":49,"key":"REST"}],"neow_cost":"NONE","seed_source_timestamp":0,"circlet_count":0,"master_deck":["AscendersBane","Strike_B","Strike_B","Defend_B","Defend_B+1","Defend_B","Defend_B+1","Zap+1","Dualcast","Redo","Glacier+1","Leap","White Noise","Ball Lightning","Biased Cognition","Loop+1","Electrodynamics","Force Field","Creative AI","Defragment+1","Recycle","Doom and Gloom","Mayhem","Double Energy","Thunder Strike","Consume","Double Energy","All For One","Coolheaded","Defragment","Echo Form"],"special_seed":0,"relics":["Cracked Core","NeowsBlessing","Golden Idol","Art of War","Potion Belt","Regal Pillow","Gremlin Horn","Snecko Eye","Membership Card","War Paint","Bottled Lightning","Calipers","Happy Flower","Inserter","Bag of Marbles","Pocketwatch","Symbiotic Virus","DataDisk"],"potions_floor_usage":[25,27,30,39,41,47,47],"damage_taken":[{"damage":0.0,"enemies":"Cultist","floor":1.0,"turns":1.0},{"damage":0.0,"enemies":"2 Louse","floor":2.0,"turns":1.0},{"damage":0.0,"enemies":"3 Sentries","floor":6.0,"turns":1.0},{"damage":42.0,"enemies":"Lagavulin","floor":8.0,"turns":8.0},{"damage":26.0,"enemies":"3 Sentries","floor":10.0,"turns":13.0},{"damage":3.0,"enemies":"Small Slimes","floor":11.0,"turns":2.0},{"damage":6.0,"enemies":"Looter","floor":13.0,"turns":2.0},{"damage":6.0,"enemies":"Exordium Thugs","floor":14.0,"turns":3.0},{"damage":20.0,"enemies":"The Guardian","floor":16.0,"turns":10.0},{"damage":7,"enemies":"Chosen","floor":18,"turns":4},{"damage":17,"enemies":"2 Thieves","floor":19,"turns":3},{"damage":5,"enemies":"Shelled Parasite and Fungi","floor":22,"turns":5},{"damage":20,"enemies":"Centurion and Healer","floor":24,"turns":6},{"damage":0,"enemies":"Gremlin Leader","floor":25,"turns":5},{"damage":29,"enemies":"Slavers","floor":27,"turns":3},{"damage":26,"enemies":"Gremlin Leader","floor":30,"turns":5},{"damage":38,"enemies":"Collector","floor":33,"turns":9},{"damage":9,"enemies":"Orb Walker","floor":35,"turns":4},{"damage":44,"enemies":"3 Darklings","floor":36,"turns":4},{"damage":4,"enemies":"Spire Growth","floor":39,"turns":5},{"damage":6,"enemies":"Reptomancer","floor":41,"turns":4},{"damage":3,"enemies":"Sphere and 2 Shapes","floor":45,"turns":3},{"damage":12,"enemies":"Jaw Worm Horde","floor":46,"turns":3},{"damage":20,"enemies":"Transient","floor":47,"turns":5},{"damage":76,"enemies":"Awakened One","floor":50,"turns":5}],"seed_played":"-3399827496718480752","potions_obtained":[{"floor":2.0,"key":"Regen Potion"},{"floor":8.0,"key":"FearPotion"},{"floor":11.0,"key":"SteroidPotion"},{"floor":13.0,"key":"Explosive Potion"},{"floor":22,"key":"Energy Potion"},{"floor":27,"key":"FocusPotion"},{"floor":30,"key":"SpeedPotion"},{"floor":36,"key":"AttackPotion"},{"floor":39,"key":"Ancient Potion"},{"floor":45,"key":"GamblersBrew"}],"is_trial":false,"path_per_floor":["M","M","?","$","?","E","$","E","T","E","M","R","M","M","R","B",null,"M","M","?","$","M","R","M","E","T","E","R","$","E","$","R","B",null,"M","M","?","?","M","R","E","R","T","$","M","M","M","$","R","B"],"character_chosen":"DEFECT","items_purchased":["Leap","Membership Card","Mayhem","Double Energy","All For One","Echo Form","DataDisk"],"campfire_rested":7,"item_purchase_floors":[7,21,29,31,44,48,48],"current_hp_per_floor":[68,68,68,68,68,68,68,26,26,15,12,49,43,37,37,17,61,54,37,37,37,32,69,49,49,49,20,57,57,31,31,68,30,64,55,11,11,11,7,44,38,75,75,75,72,60,40,40,75,0],"gold":27,"neow_bonus":"THREE_ENEMY_KILL","is_prod":false,"is_daily":false,"chose_seed":false,"campfire_upgraded":1,"win_rate":0,"timestamp":1554599103,"path_taken":["M","?","?","$","?","E","$","E","T","E","?","R","M","M","R","BOSS","M","M","?","$","?","R","?","E","T","E","R","$","E","?","R","BOSS","M","M","?","?","M","R","E","R","T","$","M","M","?","$","R","BOSS"],"build_version":"2019-01-23","purchased_purges":2,"victory":false,"max_hp_per_floor":[75,75,75,75,75,75,75,75,75,75,75,75,75,75,75,75,75,75,75,75,75,75,75,75,75,75,75,75,75,75,75,75,75,75,75,75,75,75,75,75,75,75,75,75,75,75,75,75,75,75],"card_choices":[{"not_picked":["Turbo","Auto Shields"],"picked":"Sweeping Beam","floor":1.0},{"not_picked":["Compile Driver","Coolheaded"],"picked":"Redo","floor":2.0},{"not_picked":["Go for the Eyes","Consume"],"picked":"Glacier","floor":6.0},{"not_picked":["Hello World","Conserve Battery"],"picked":"Capacitor","floor":8.0},{"not_picked":["Cold Snap","Melter"],"picked":"White Noise","floor":10.0},{"not_picked":["Stack","Streamline"],"picked":"Ball Lightning","floor":11.0},{"not_picked":["Coolheaded","Chaos"],"picked":"Biased Cognition","floor":13.0},{"not_picked":["Cold Snap","Conserve Battery"],"picked":"Loop","floor":14.0},{"not_picked":["Core Surge","Thunder Strike"],"picked":"Electrodynamics","floor":16.0},{"not_picked":["Rebound","Cold Snap"],"picked":"Force Field","floor":18},{"not_picked":["Stack","Rebound","Steam"],"picked":"SKIP","floor":19},{"not_picked":["Genetic Algorithm","Compile Driver"],"picked":"Creative AI","floor":22},{"not_picked":["Ball Lightning","Redo"],"picked":"Defragment+1","floor":24},{"not_picked":["Auto Shields+1","Conserve Battery"],"picked":"Recycle","floor":25},{"not_picked":["FTL","Fusion"],"picked":"Doom and Gloom","floor":27},{"not_picked":["Gash","Hologram","Barrage"],"picked":"SKIP","floor":30},{"not_picked":["Meteor Strike","Machine Learning"],"picked":"Thunder Strike","floor":33},{"not_picked":["Hologram","Streamline+1"],"picked":"Consume","floor":35},{"not_picked":["Rebound+1","Reprogram","Steam"],"picked":"SKIP","floor":36},{"not_picked":["Capacitor","Beam Cell+1","Loop"],"picked":"SKIP","floor":39},{"not_picked":["Genetic Algorithm","Conserve Battery"],"picked":"Double Energy","floor":41},{"not_picked":["Leap","Redo"],"picked":"Coolheaded","floor":45},{"not_picked":["Double Energy","Genetic Algorithm"],"picked":"Defragment","floor":46},{"not_picked":["Gash","Rebound","Conserve Battery"],"picked":"SKIP","floor":47}],"player_experience":858723,"relics_obtained":[{"floor":6.0,"key":"Art of War"},{"floor":8.0,"key":"Potion Belt"},{"floor":9.0,"key":"Regal Pillow"},{"floor":10.0,"key":"Gremlin Horn"},{"floor":25,"key":"War Paint"},{"floor":26,"key":"Bottled Lightning"},{"floor":27,"key":"Calipers"},{"floor":30,"key":"Happy Flower"},{"floor":41,"key":"Pocketwatch"},{"floor":43,"key":"Symbiotic Virus"}],"event_choices":[{"damage_healed":0.0,"max_hp_gain":0.0,"max_hp_loss":0.0,"gold_gain":0.0,"event_name":"Golden Idol","player_choice":"Take Wound","floor":3.0,"gold_loss":0.0,"damage_taken":0.0,"relics_obtained":["Golden Idol"],"cards_obtained":["Injury"]},{"damage_healed":0.0,"max_hp_gain":0.0,"max_hp_loss":0.0,"gold_gain":0.0,"event_name":"Upgrade Shrine","player_choice":"Upgraded","floor":5.0,"gold_loss":0.0,"damage_taken":0.0,"cards_upgraded":["Zap"]},{"cards_removed":["Strike_B"],"damage_healed":0,"gold_gain":0,"player_choice":"Upgrade and Remove","damage_taken":0,"max_hp_gain":0,"max_hp_loss":0,"event_name":"Designer","floor":20,"gold_loss":90,"cards_upgraded":["Defend_B"]},{"cards_removed":["Capacitor"],"damage_healed":0,"gold_gain":0,"player_choice":"Removed Power","damage_taken":0,"max_hp_gain":0,"max_hp_loss":0,"event_name":"Falling","floor":37,"gold_loss":0},{"cards_removed":["Sweeping Beam"],"damage_healed":0,"gold_gain":0,"player_choice":"Gave Card","damage_taken":0,"relics_obtained":["Bag of Marbles"],"max_hp_gain":0,"max_hp_loss":0,"event_name":"WeMeetAgain","floor":38,"gold_loss":0}],"is_beta":false,"boss_relics":[{"not_picked":["Cursed Key","Empty Cage"],"picked":"Snecko Eye"},{"not_picked":["Eternal Feather","Runic Dome"],"picked":"Inserter"}],"items_purged_floors":[4,31],"is_endless":false,"potions_floor_spawned":[2,8,11,13,22,27,30,36,39,45],"killed_by":"Awakened One","ascension_level":13}