{"gold_per_floor":[115,38,38,52,62,94,111,111,111,123,143,172,191,191],"floor_reached":14,"playtime":461,"items_purged":[],"score":172,"play_id":"ba4e0a3c-1ac1-47ce-ac25-5377719f9277","local_time":"20190408180336","is_ascension_mode":true,"campfire_choices":[],"neow_cost":"NONE","seed_source_timestamp":0,"circlet_count":0,"master_deck":["AscendersBane","Strike_B","Strike_B","Strike_B","Defend_B","Defend_B","Defend_B","Defend_B","Zap","Dualcast","Ball Lightning","Rip and Tear","Multi-Cast","Hello World","BootSequence","Cold Snap","Sweeping Beam","Redo","Reboot","Loop","Chaos","Self Repair","Core Surge"],"special_seed":0,"relics":["Sozu","Emotion Chip","Du-Vu Doll","Nunchaku"],"potions_floor_usage":[],"damage_taken":[{"damage":8,"enemies":"2 Louse","floor":1,"turns":4},{"damage":0,"enemies":"Cultist","floor":4,"turns":3},{"damage":3,"enemies":"Small Slimes","floor":5,"turns":3},{"damage":23,"enemies":"3 Sentries","floor":6,"turns":8},{"damage":3,"enemies":"Blue Slaver","floor":7,"turns":3},{"damage":0,"enemies":"Looter","floor":10,"turns":2},{"damage":0,"enemies":"2 Fungi Beasts","floor":11,"turns":2},{"damage":19,"enemies":"Gremlin Nob","floor":12,"turns":5},{"damage":1,"enemies":"3 Louse","floor":13,"turns":3},{"damage":13,"enemies":"3 Sentries","floor":14,"turns":2}],"seed_played":"-1645838485039939167","potions_obtained":[],"is_trial":false,"path_per_floor":["M","$","?","M","M","E","M","?","T","M","M","E","M","E"],"character_chosen":"DEFECT","items_purchased":["Rip and Tear"],"campfire_rested":0,"item_purchase_floors":[2],"current_hp_per_floor":[60,60,60,60,57,34,31,31,31,31,31,12,11,0],"gold":191,"neow_bonus":"BOSS_RELIC","is_prod":false,"is_daily":false,"chose_seed":false,"campfire_upgraded":0,"win_rate":0,"timestamp":1554761016,"path_taken":["M","$","?","M","M","E","?","?","T","M","M","E","M","E"],"build_version":"2019-01-23","purchased_purges":0,"victory":false,"max_hp_per_floor":[75,75,75,75,75,75,75,75,75,75,75,75,75,75],"card_choices":[{"not_picked":["Rebound","Capacitor"],"picked":"Ball Lightning","floor":1},{"not_picked":["Gash","Rebound"],"picked":"BootSequence","floor":4},{"not_picked":["Rebound","Force Field"],"picked":"Cold Snap","floor":5},{"not_picked":["Gash","Hello World"],"picked":"Sweeping Beam","floor":6},{"not_picked":["Ball Lightning","Conserve Battery"],"picked":"Redo","floor":7},{"not_picked":["Steam Power","Sweeping Beam"],"picked":"Loop","floor":10},{"not_picked":["Beam Cell","Double Energy"],"picked":"Chaos","floor":11},{"not_picked":["Consume","Heatsinks"],"picked":"Self Repair","floor":12},{"not_picked":["Rebound","Redo"],"picked":"Core Surge","floor":13}],"player_experience":865779,"relics_obtained":[{"floor":6,"key":"Emotion Chip"},{"floor":9,"key":"Du-Vu Doll"},{"floor":12,"key":"Nunchaku"}],"event_choices":[{"damage_healed":0,"gold_gain":0,"player_choice":"2 cards matched","damage_taken":0,"max_hp_gain":0,"max_hp_loss":0,"event_name":"Match and Keep!","floor":3,"gold_loss":0,"cards_obtained":["Multi-Cast","Hello World"]},{"damage_healed":0,"gold_gain":0,"cards_transformed":["Strike_B"],"player_choice":"Change","damage_taken":0,"max_hp_gain":0,"max_hp_loss":0,"event_name":"Living Wall","floor":8,"gold_loss":0,"cards_obtained":["Reboot"]}],"is_beta":false,"boss_relics":[],"items_purged_floors":[],"is_endless":false,"potions_floor_spawned":[10,12],"killed_by":"3 Sentries","ascension_level":13}