{"gold_per_floor":[113,130,26,38,49,75,144,144,144,178,178,178,206,223,223,298,298,315,329,329,428,428,461,472,472,495,523,537,547,217,232,232,307,307,327,327,345,83,101,101,130,130,157,174,154,169,196,215,215,215],"floor_reached":50,"playtime":2005,"items_purged":["Strike_B"],"score":1121,"play_id":"26ced20b-ece1-48dc-a4d3-de5faad0156f","local_time":"20190403224115","is_ascension_mode":true,"campfire_choices":[{"data":"Defragment","floor":8.0,"key":"SMITH"},{"data":"Zap","floor":12.0,"key":"SMITH"},{"data":"Chaos","floor":15.0,"key":"SMITH"},{"data":"Buffer","floor":25.0,"key":"SMITH"},{"floor":32.0,"key":"REST"},{"data":"Apotheosis","floor":40.0,"key":"SMITH"},{"floor":42.0,"key":"REST"},{"floor":49.0,"key":"RECALL"}],"neow_cost":"NONE","seed_source_timestamp":477046835322900,"circlet_count":0,"master_deck":["AscendersBane","Strike_B","Defend_B","Defend_B+1","Defend_B","Defend_B","Zap+1","Dualcast","Defragment+1","FTL","Coolheaded","Flash of Steel","Melter","Sweeping Beam","Conserve Battery","Core Surge","Coolheaded","Chaos+1","Stack","Buffer+1","Sunder","Ball Lightning","Leap+1","Beam Cell","Storm","Capacitor+1","Echo Form","Biased Cognition","Enlightenment","Meteor Strike","Consume","Apotheosis+1","Flash of Steel","Static Discharge+1","Parasite","Parasite","Glacier","Gash","Electrodynamics"],"special_seed":0,"relics":["Cracked Core","NeowsBlessing","Anchor","Meat on the Bone","Prayer Wheel","DataDisk","Black Star","Enchiridion","PreservedInsect","Mummified Hand","War Paint","Lantern","Blood Vial","Cursed Key","Ancient Tea Set","Oddly Smooth Stone","Regal Pillow","Pen Nib"],"potions_floor_usage":[],"damage_taken":[{"damage":0.0,"enemies":"Cultist","floor":1.0,"turns":1.0},{"damage":0.0,"enemies":"Jaw Worm","floor":2.0,"turns":1.0},{"damage":0.0,"enemies":"2 Louse","floor":4.0,"turns":1.0},{"damage":20.0,"enemies":"Lots of Slimes","floor":5.0,"turns":4.0},{"damage":0.0,"enemies":"Lagavulin","floor":6.0,"turns":5.0},{"damage":6.0,"enemies":"3 Sentries","floor":10.0,"turns":4.0},{"damage":18.0,"enemies":"Lagavulin","floor":13.0,"turns":6.0},{"damage":1.0,"enemies":"Looter","floor":14.0,"turns":3.0},{"damage":0.0,"enemies":"The Guardian","floor":16.0,"turns":12.0},{"damage":0.0,"enemies":"Chosen","floor":18.0,"turns":5.0},{"damage":6.0,"enemies":"Shell Parasite","floor":19.0,"turns":5.0},{"damage":34.0,"enemies":"Slavers","floor":23.0,"turns":4.0},{"damage":8.0,"enemies":"Snake Plant","floor":24.0,"turns":3.0},{"damage":0.0,"enemies":"Book of Stabbing","floor":27.0,"turns":4.0},{"damage":0.0,"enemies":"Snecko","floor":28.0,"turns":4.0},{"damage":0.0,"enemies":"Cultist and Chosen","floor":29.0,"turns":4.0},{"damage":0.0,"enemies":"Snake Plant","floor":31.0,"turns":4.0},{"damage":6.0,"enemies":"Champ","floor":33.0,"turns":10.0},{"damage":0.0,"enemies":"3 Shapes","floor":35.0,"turns":3.0},{"damage":0.0,"enemies":"Orb Walker","floor":37.0,"turns":2.0},{"damage":24.0,"enemies":"Jaw Worm Horde","floor":39.0,"turns":3.0},{"damage":45.0,"enemies":"Nemesis","floor":41.0,"turns":5.0},{"damage":8.0,"enemies":"Writhing Mass","floor":44.0,"turns":3.0},{"damage":0.0,"enemies":"Sphere and 2 Shapes","floor":46.0,"turns":6.0},{"damage":44.0,"enemies":"Reptomancer","floor":47.0,"turns":7.0},{"damage":0.0,"enemies":"3 Darklings","floor":48.0,"turns":5.0},{"damage":36,"enemies":"Awakened One","floor":50,"turns":2}],"seed_played":"2424709771823028267","potions_obtained":[{"floor":2.0,"key":"PowerPotion"},{"floor":5.0,"key":"FearPotion"},{"floor":6.0,"key":"Explosive Potion"},{"floor":13.0,"key":"Explosive Potion"},{"floor":23.0,"key":"Regen Potion"},{"floor":24.0,"key":"Explosive Potion"},{"floor":27.0,"key":"GamblersBrew"},{"floor":31.0,"key":"AttackPotion"},{"floor":39.0,"key":"SteroidPotion"},{"floor":45.0,"key":"Poison Potion"}],"is_trial":false,"path_per_floor":["M","M","$","M","M","E","?","R","T","E","?","R","E","M","R","B",null,"M","M","?","?","?","E","M","R","T","E","M","M","$","M","R","B",null,"M","?","M","$","M","R","E","R","T","M","?","M","E","M","R","B"],"character_chosen":"DEFECT","items_purchased":["Coolheaded","Flash of Steel","Biased Cognition","Enlightenment","Apotheosis","Flash of Steel"],"campfire_rested":2,"item_purchase_floors":[3,3,30,30,38,38],"current_hp_per_floor":[68,68,68,68,48,48,48,48,48,42,42,42,36,47,47,47,68,68,62,46,46,46,24,28,28,28,40,42,44,44,46,68,64,72,74,74,75,75,51,51,20,42,42,48,48,50,20,34,34,0],"gold":215,"neow_bonus":"THREE_ENEMY_KILL","is_prod":false,"is_daily":false,"chose_seed":false,"campfire_upgraded":5,"win_rate":0,"timestamp":1554345675,"path_taken":["M","?","?","?","M","E","?","R","T","E","?","R","E","?","R","BOSS","M","M","?","?","?","E","M","R","T","E","M","M","$","?","R","BOSS","M","?","M","$","M","R","E","R","T","M","?","M","E","M","R","BOSS"],"build_version":"2019-01-23","purchased_purges":1,"victory":false,"max_hp_per_floor":[75,75,75,75,75,75,75,75,75,75,75,75,75,75,75,75,75,75,75,75,75,75,75,75,75,75,75,75,75,75,75,75,75,75,75,75,75,75,75,75,75,75,75,75,75,75,75,75,75,75],"card_choices":[{"not_picked":["Streamline","BootSequence"],"picked":"Defragment","floor":1.0},{"not_picked":["Compile Driver","Recycle"],"picked":"FTL","floor":2.0},{"not_picked":["Force Field","Scrape"],"picked":"Melter","floor":4.0},{"not_picked":["Chaos","Beam Cell"],"picked":"Sweeping Beam","floor":5.0},{"not_picked":["Barrage","Steam"],"picked":"Conserve Battery","floor":6.0},{"not_picked":["Hello World","Streamline"],"picked":"Core Surge","floor":10.0},{"not_picked":["Go for the Eyes","Compile Driver"],"picked":"Coolheaded","floor":13.0},{"not_picked":["Redo","Seek"],"picked":"Chaos","floor":14.0},{"not_picked":["Beam Cell","Double Energy"],"picked":"Stack","floor":14.0},{"not_picked":["Reboot","Fission"],"picked":"Buffer","floor":16.0},{"not_picked":["Compile Driver","Gash+1"],"picked":"Sunder","floor":18.0},{"not_picked":["Compile Driver","Hologram+1"],"picked":"Ball Lightning","floor":18.0},{"not_picked":["Rip and Tear","Streamline"],"picked":"Leap","floor":19.0},{"not_picked":["Leap","FTL"],"picked":"Beam Cell","floor":19.0},{"not_picked":["Cold Snap","Barrage"],"picked":"Storm","floor":23.0},{"not_picked":["Gash","Reprogram"],"picked":"Capacitor+1","floor":24.0},{"not_picked":["Leap","Recycle","Rebound"],"picked":"SKIP","floor":24.0},{"not_picked":["Redo","Coolheaded"],"picked":"Echo Form","floor":27.0},{"not_picked":["Scrape","Hologram","Beam Cell"],"picked":"SKIP","floor":28.0},{"not_picked":["Conserve Battery","Steam Power","Compile Driver"],"picked":"SKIP","floor":28.0},{"not_picked":["Turbo","Barrage+1"],"picked":"Double Energy","floor":29.0},{"not_picked":["Go for the Eyes","Rebound","Hologram"],"picked":"SKIP","floor":29.0},{"not_picked":["Stack","Sweeping Beam","Scrape"],"picked":"SKIP","floor":31.0},{"not_picked":["Stack","Melter","Rebound"],"picked":"SKIP","floor":31.0},{"not_picked":["Amplify","Fission"],"picked":"Meteor Strike","floor":33.0},{"not_picked":["Ball Lightning","Beam Cell","Genetic Algorithm"],"picked":"SKIP","floor":35.0},{"not_picked":["Steam","Streamline","Beam Cell+1"],"picked":"SKIP","floor":35.0},{"not_picked":["Compile Driver","Heatsinks"],"picked":"Consume","floor":37.0},{"not_picked":["Melter+1","Fusion","Rebound"],"picked":"SKIP","floor":37.0},{"not_picked":["Go for the Eyes","Force Field"],"picked":"Static Discharge+1","floor":39.0},{"not_picked":["Steam Power","Compile Driver","Stack"],"picked":"SKIP","floor":39.0},{"not_picked":["Gash","Barrage+1","Tempest+1"],"picked":"SKIP","floor":41.0},{"not_picked":["Rainbow","Go for the Eyes+1","Beam Cell"],"picked":"SKIP","floor":44.0},{"not_picked":["Aggregate","Ball Lightning","Lockon+1"],"picked":"SKIP","floor":44.0},{"not_picked":["Ball Lightning+1","Scrape"],"picked":"Glacier","floor":46.0},{"not_picked":["Steam","Hologram","Melter"],"picked":"SKIP","floor":46.0},{"not_picked":["Rip and Tear","Sweeping Beam","Tempest"],"picked":"SKIP","floor":47.0},{"not_picked":["Cold Snap","Sweeping Beam+1"],"picked":"Gash","floor":48.0},{"not_picked":["Rip and Tear","Static Discharge"],"picked":"Electrodynamics","floor":48.0}],"player_experience":852524,"relics_obtained":[{"floor":6.0,"key":"Anchor"},{"floor":9.0,"key":"Meat on the Bone"},{"floor":10.0,"key":"Prayer Wheel"},{"floor":13.0,"key":"DataDisk"},{"floor":20.0,"key":"Enchiridion"},{"floor":23.0,"key":"PreservedInsect"},{"floor":23.0,"key":"Mummified Hand"},{"floor":26.0,"key":"War Paint"},{"floor":27.0,"key":"Lantern"},{"floor":27.0,"key":"Blood Vial"},{"floor":41.0,"key":"Ancient Tea Set"},{"floor":41.0,"key":"Oddly Smooth Stone"},{"floor":47.0,"key":"Regal Pillow"},{"floor":47.0,"key":"Pen Nib"}],"event_choices":[{"damage_healed":0.0,"max_hp_gain":0.0,"max_hp_loss":0.0,"gold_gain":69.0,"event_name":"Golden Wing","player_choice":"Gained Gold","floor":7.0,"gold_loss":0.0,"damage_taken":0.0},{"cards_removed":["Strike_B"],"damage_healed":0.0,"max_hp_gain":0.0,"max_hp_loss":0.0,"gold_gain":0.0,"event_name":"Purifier","player_choice":"Purged","floor":11.0,"gold_loss":0.0,"damage_taken":0.0},{"damage_healed":0.0,"max_hp_gain":0.0,"max_hp_loss":0.0,"gold_gain":0.0,"event_name":"Cursed Tome","player_choice":"Obtained Book","floor":20.0,"gold_loss":0.0,"damage_taken":16.0},{"damage_healed":0.0,"max_hp_gain":0.0,"max_hp_loss":0.0,"gold_gain":99.0,"event_name":"Nest","player_choice":"Stole From Cult","floor":21.0,"gold_loss":0.0,"damage_taken":0.0},{"cards_removed":["Strike_B"],"damage_healed":0.0,"max_hp_gain":0.0,"max_hp_loss":0.0,"gold_gain":0.0,"event_name":"Purifier","player_choice":"Purged","floor":22.0,"gold_loss":0.0,"damage_taken":0.0},{"cards_removed":["Double Energy"],"damage_healed":0.0,"max_hp_gain":0.0,"max_hp_loss":0.0,"gold_gain":0.0,"event_name":"Falling","player_choice":"Removed Skill","floor":36.0,"gold_loss":0.0,"damage_taken":0.0},{"damage_healed":0.0,"max_hp_gain":0.0,"max_hp_loss":0.0,"gold_gain":0.0,"event_name":"The Woman in Blue","player_choice":"Bought 1 Potion","floor":45.0,"gold_loss":0.0,"damage_taken":0.0}],"is_beta":false,"boss_relics":[{"not_picked":["Lizard Tail","White Beast Statue"],"picked":"Black Star"},{"not_picked":["Velvet Choker","Eternal Feather"],"picked":"Cursed Key"}],"items_purged_floors":[30],"is_endless":false,"potions_floor_spawned":[2,5,6,13,23,24,27,31,33,39,46,48],"killed_by":"Awakened One","ascension_level":13}