{"gold_per_floor":[112,187,112,132,189,217,236,236,263,322,322,348,361,377,377,451,451,465,452,479,503,514,514],"floor_reached":23,"playtime":3393,"items_purged":["Strike_B"],"score":348,"play_id":"502c64b2-5949-4756-806d-c493f8052df2","local_time":"20190406222610","is_ascension_mode":true,"campfire_choices":[{"data":"Sunder","floor":11,"key":"SMITH"},{"floor":15,"key":"REST"}],"neow_cost":"TEN_PERCENT_HP_LOSS","seed_source_timestamp":88224808616100,"circlet_count":0,"master_deck":["AscendersBane","Strike_B","Strike_B","Strike_B","Defend_B","Defend_B","Defend_B","Defend_B","Zap","Dualcast","Sunder+1","Genetic Algorithm","Glacier","Gash","Conserve Battery","Consume","Self Repair","Rainbow","Steam","Defragment","Defragment"],"relics":["Cracked Core","Dead Branch","DataDisk","Lantern","Tiny Chest","PreservedInsect","Black Star","Red Mask","Anchor"],"potions_floor_usage":[6,10,20,23],"damage_taken":[{"damage":0,"enemies":"2 Louse","floor":1,"turns":3},{"damage":0,"enemies":"Small Slimes","floor":4,"turns":2},{"damage":8,"enemies":"Gremlin Nob","floor":6,"turns":3},{"damage":0,"enemies":"Cultist","floor":7,"turns":5},{"damage":8,"enemies":"3 Sentries","floor":10,"turns":8},{"damage":1,"enemies":"Lagavulin","floor":12,"turns":9},{"damage":0,"enemies":"Large Slime","floor":13,"turns":5},{"damage":4,"enemies":"Blue Slaver","floor":14,"turns":2},{"damage":15,"enemies":"The Guardian","floor":16,"turns":14},{"damage":8,"enemies":"3 Byrds","floor":18,"turns":7},{"damage":5,"enemies":"2 Thieves","floor":19,"turns":4},{"damage":26,"enemies":"Masked Bandits","floor":20,"turns":4},{"damage":30,"enemies":"Cultist and Chosen","floor":22,"turns":8},{"damage":24,"enemies":"Book of Stabbing","floor":23,"turns":2}],"seed_played":"-2311192321455313815","potions_obtained":[{"floor":1,"key":"Explosive Potion"},{"floor":4,"key":"FearPotion"},{"floor":7,"key":"Explosive Potion"},{"floor":8,"key":"FocusPotion"},{"floor":12,"key":"SteroidPotion"},{"floor":20,"key":"PowerPotion"}],"is_trial":false,"path_per_floor":["M","?","$","M","?","E","M","?","T","E","R","E","M","M","R","B",null,"M","M","?","T","M","E"],"character_chosen":"DEFECT","items_purchased":[],"campfire_rested":1,"item_purchase_floors":[],"current_hp_per_floor":[68,57,57,57,57,49,49,49,49,41,41,40,40,36,56,48,63,62,64,45,45,22,0],"gold":514,"neow_bonus":"ONE_RARE_RELIC","is_prod":false,"is_daily":false,"chose_seed":false,"campfire_upgraded":1,"win_rate":0,"timestamp":1554603970,"path_taken":["M","?","$","M","?","E","M","?","T","E","R","E","?","M","R","BOSS","M","M","?","?","M","E"],"build_version":"2019-01-23","purchased_purges":1,"victory":false,"max_hp_per_floor":[68,68,68,68,68,68,68,68,68,68,68,68,68,68,68,68,68,68,68,68,68,68,68],"card_choices":[{"not_picked":["Scrape","Undo"],"picked":"Sunder","floor":1},{"not_picked":["Sunder","Loop"],"picked":"Genetic Algorithm","floor":4},{"not_picked":["Chill","Rip and Tear"],"picked":"Glacier","floor":6},{"not_picked":["Redo","Streamline"],"picked":"Gash","floor":7},{"not_picked":["Reprogram","Beam Cell"],"picked":"Conserve Battery","floor":10},{"not_picked":["Static Discharge","Genetic Algorithm"],"picked":"Consume","floor":12},{"not_picked":["Cold Snap","Rebound"],"picked":"Self Repair","floor":13},{"not_picked":["Steam","Glacier","Coolheaded"],"picked":"SKIP","floor":14},{"not_picked":["Buffer","Meteor Strike"],"picked":"Rainbow","floor":16},{"not_picked":["Hologram","Streamline"],"picked":"Steam","floor":18},{"not_picked":["Stack","Redo+1"],"picked":"Defragment","floor":19},{"not_picked":["Turbo","Skim"],"picked":"Defragment","floor":20},{"not_picked":["Rebound+1","Heatsinks","Undo"],"picked":"SKIP","floor":22}],"player_experience":861003,"relics_obtained":[{"floor":6,"key":"DataDisk"},{"floor":9,"key":"Lantern"},{"floor":10,"key":"Tiny Chest"},{"floor":12,"key":"PreservedInsect"},{"floor":20,"key":"Red Mask"},{"floor":21,"key":"Anchor"}],"event_choices":[{"damage_healed":0,"gold_gain":75,"player_choice":"Gather Gold","damage_taken":11,"max_hp_gain":0,"max_hp_loss":0,"event_name":"World of Goop","floor":2,"gold_loss":0},{"damage_healed":0,"gold_gain":57,"player_choice":"Gained Gold","damage_taken":0,"max_hp_gain":0,"max_hp_loss":0,"event_name":"Golden Wing","floor":5,"gold_loss":0},{"damage_healed":0,"gold_gain":0,"player_choice":"Got Potions","damage_taken":0,"max_hp_gain":0,"max_hp_loss":0,"event_name":"Lab","floor":8,"gold_loss":0},{"damage_healed":0,"gold_gain":0,"player_choice":"Fought Bandits","damage_taken":0,"max_hp_gain":0,"max_hp_loss":0,"event_name":"Masked Bandits","floor":20,"gold_loss":0}],"is_beta":false,"boss_relics":[{"not_picked":["Empty Cage","White Beast Statue"],"picked":"Black Star"}],"items_purged_floors":[3],"is_endless":false,"potions_floor_spawned":[1,4,7,12,14,20],"killed_by":"Book of Stabbing","ascension_level":13}