{"gold_per_floor":[114,34,109,109,124,157,157,174,229,240,240,240,269,279,279,356,356,356,356,356],"floor_reached":20,"playtime":594,"items_purged":[],"score":345,"play_id":"e718ef21-6339-4d63-9583-23832c99f30d","local_time":"20190402193248","is_ascension_mode":true,"campfire_choices":[{"data":"Redo","floor":7,"key":"SMITH"},{"data":"Zap","floor":11,"key":"SMITH"},{"floor":15,"key":"REST"}],"neow_cost":"NONE","seed_source_timestamp":0,"circlet_count":0,"master_deck":["AscendersBane","Strike_B","Strike_B","Strike_B","Strike_B","Defend_B","Defend_B","Defend_B","Defend_B","Zap+1","Dualcast","Ball Lightning","FTL","Redo+1","White Noise","Sweeping Beam","Capacitor","Auto Shields","Streamline","Creative AI","Consume+1"],"special_seed":0,"relics":["Cracked Core","NeowsBlessing","Centennial Puzzle","Tiny Chest","Calipers","Gremlin Horn","Ectoplasm"],"potions_floor_usage":[16,20],"damage_taken":[{"damage":0,"enemies":"2 Louse","floor":1,"turns":1},{"damage":0,"enemies":"Small Slimes","floor":5,"turns":1},{"damage":0,"enemies":"Gremlin Nob","floor":6,"turns":1},{"damage":0,"enemies":"Cultist","floor":8,"turns":2},{"damage":6,"enemies":"3 Louse","floor":10,"turns":3},{"damage":10,"enemies":"3 Sentries","floor":13,"turns":2},{"damage":9,"enemies":"Gremlin Gang","floor":14,"turns":3},{"damage":39,"enemies":"Slime Boss","floor":16,"turns":7},{"damage":1,"enemies":"Chosen","floor":18,"turns":4},{"damage":16,"enemies":"Shell Parasite","floor":19,"turns":4},{"damage":48,"enemies":"Shelled Parasite and Fungi","floor":20,"turns":3}],"seed_played":"767122579061637221","potions_obtained":[{"floor":4,"key":"SteroidPotion"},{"floor":4,"key":"Block Potion"},{"floor":18,"key":"GamblersBrew"}],"is_trial":false,"path_per_floor":["M","$","?","?","M","E","R","M","T","M","R","?","E","M","R","B",null,"M","M","M"],"character_chosen":"DEFECT","items_purchased":["FTL"],"campfire_rested":1,"item_purchase_floors":[2],"current_hp_per_floor":[68,68,57,57,57,57,57,57,57,51,51,51,41,32,54,15,60,59,43,0],"gold":356,"neow_bonus":"THREE_ENEMY_KILL","is_prod":false,"is_daily":false,"chose_seed":false,"campfire_upgraded":2,"win_rate":0,"timestamp":1554247968,"path_taken":["M","$","?","?","M","E","R","?","T","M","R","?","E","?","R","BOSS","M","M","M"],"build_version":"2019-01-23","purchased_purges":0,"victory":false,"max_hp_per_floor":[75,75,75,75,75,75,75,75,75,75,75,75,75,75,75,75,75,75,75,75],"card_choices":[{"not_picked":["Redo","Coolheaded"],"picked":"Ball Lightning","floor":1},{"not_picked":["Streamline","Hologram"],"picked":"Redo","floor":5},{"not_picked":["Loop","Chill"],"picked":"White Noise","floor":6},{"not_picked":["Recycle","Turbo"],"picked":"Sweeping Beam","floor":8},{"not_picked":["Rebound","Lockon"],"picked":"Capacitor","floor":10},{"not_picked":["Darkness","Rebound"],"picked":"Auto Shields","floor":13},{"not_picked":["Ball Lightning","Gash"],"picked":"Streamline","floor":14},{"not_picked":["Seek","Machine Learning"],"picked":"Creative AI","floor":16},{"not_picked":["Streamline","Sweeping Beam+1","Beam Cell"],"picked":"SKIP","floor":18},{"not_picked":["Go for the Eyes","Chaos"],"picked":"Consume+1","floor":19}],"player_experience":850456,"relics_obtained":[{"floor":6,"key":"Centennial Puzzle"},{"floor":9,"key":"Tiny Chest"},{"floor":13,"key":"Gremlin Horn"}],"event_choices":[{"damage_healed":0,"gold_gain":75,"player_choice":"Gather Gold","damage_taken":11,"max_hp_gain":0,"max_hp_loss":0,"event_name":"World of Goop","floor":3,"gold_loss":0},{"damage_healed":0,"gold_gain":0,"player_choice":"Got Potions","damage_taken":0,"max_hp_gain":0,"max_hp_loss":0,"event_name":"Lab","floor":4,"gold_loss":0},{"damage_healed":0,"gold_gain":0,"player_choice":"Gave Potion","damage_taken":0,"relics_obtained":["Calipers"],"max_hp_gain":0,"max_hp_loss":0,"event_name":"WeMeetAgain","floor":12,"gold_loss":0}],"is_beta":false,"boss_relics":[{"not_picked":["Velvet Choker","Orrery"],"picked":"Ectoplasm"}],"items_purged_floors":[],"is_endless":false,"potions_floor_spawned":[6,10,18],"killed_by":"Shelled Parasite and Fungi","ascension_level":13}