{"gold_per_floor":[115,125,24,24,24,24,50,50,77,77,109,284,186,186],"floor_reached":14,"playtime":312,"items_purged":["Doubt","Regret"],"score":155,"play_id":"2ea320f6-30e4-4eff-8aea-1f735e71407c","local_time":"20190405221216","is_ascension_mode":true,"campfire_choices":[{"data":"Zap","floor":6,"key":"SMITH"}],"neow_cost":"CURSE","seed_source_timestamp":4072194993300,"circlet_count":0,"master_deck":["AscendersBane","Strike_B","Strike_B","Strike_B","Strike_B","Defend_B","Defend_B","Defend_B","Defend_B","Zap+1","Dualcast","Panache","Good Instincts","Conserve Battery","Coolheaded","Leap","Creative AI","Parasite","Lockon","Doubt","Stack"],"relics":["Cracked Core","Dream Catcher","Art of War","StoneCalendar","Smiling Mask","Oddly Smooth Stone"],"potions_floor_usage":[11],"damage_taken":[{"damage":1,"enemies":"Cultist","floor":1,"turns":4},{"damage":5,"enemies":"Small Slimes","floor":2,"turns":4},{"damage":16,"enemies":"Lagavulin","floor":7,"turns":10},{"damage":43,"enemies":"Gremlin Nob","floor":11,"turns":5},{"damage":9,"enemies":"2 Louse","floor":14,"turns":1}],"seed_played":"-5493573210471042409","potions_obtained":[{"floor":2,"key":"LiquidBronze"},{"floor":7,"key":"PowerPotion"}],"is_trial":false,"path_per_floor":["M","M","$","?","$","R","E","?","T","?","E","?","$","M"],"character_chosen":"DEFECT","items_purchased":["Leap","Stack"],"campfire_rested":0,"item_purchase_floors":[3,13],"current_hp_per_floor":[67,62,62,50,50,50,34,34,34,52,9,9,9,0],"gold":186,"neow_bonus":"RANDOM_COLORLESS_2","is_prod":false,"is_daily":false,"chose_seed":false,"campfire_upgraded":1,"win_rate":0,"timestamp":1554516736,"path_taken":["M","M","$","?","$","R","E","?","T","?","E","?","$","M"],"build_version":"2019-01-23","purchased_purges":2,"victory":false,"max_hp_per_floor":[75,75,75,75,75,75,75,75,75,75,75,75,75,75],"card_choices":[{"not_picked":["Hologram","Go for the Eyes"],"picked":"Conserve Battery","floor":1},{"not_picked":["Hello World","Turbo"],"picked":"Coolheaded","floor":2},{"not_picked":["Compile Driver","Heatsinks"],"picked":"Creative AI","floor":7},{"not_picked":["Doom and Gloom","Turbo"],"picked":"Lockon","floor":11}],"player_experience":858411,"relics_obtained":[{"floor":7,"key":"Art of War"},{"floor":9,"key":"Smiling Mask"},{"floor":11,"key":"Oddly Smooth Stone"}],"event_choices":[{"damage_healed":0,"gold_gain":0,"player_choice":"Success","damage_taken":12,"relics_obtained":["Dream Catcher"],"max_hp_gain":0,"max_hp_loss":0,"event_name":"Scrap Ooze","floor":4,"gold_loss":0},{"damage_healed":0,"gold_gain":0,"player_choice":"Box","damage_taken":0,"relics_obtained":["StoneCalendar"],"max_hp_gain":0,"max_hp_loss":0,"event_name":"Big Fish","floor":8,"gold_loss":0,"cards_obtained":["Regret"]},{"damage_healed":18,"gold_gain":0,"player_choice":"Healed and dodged fight","damage_taken":0,"max_hp_gain":0,"max_hp_loss":0,"event_name":"Mushrooms","floor":10,"gold_loss":0,"cards_obtained":["Parasite"]},{"damage_healed":0,"gold_gain":175,"player_choice":"AGREE","damage_taken":0,"max_hp_gain":0,"max_hp_loss":0,"event_name":"Liars Game","floor":12,"gold_loss":0,"cards_obtained":["Doubt"]}],"is_beta":false,"boss_relics":[],"items_purged_floors":[3,13],"is_endless":false,"potions_floor_spawned":[2,7],"killed_by":"2 Louse","ascension_level":13}