{"gold_per_floor":[109,124,124,124,124,156,166,166,166,166,181,181,197,197,197,270,270,286,305,324,324],"floor_reached":21,"playtime":685,"items_purged":[],"score":333,"play_id":"e54a1e26-d0fc-4803-b46f-c445640f8860","local_time":"20190411213834","is_ascension_mode":true,"campfire_choices":[{"floor":8,"key":"REST"},{"data":"Zap","floor":10,"key":"SMITH"},{"floor":12,"key":"REST"},{"floor":15,"key":"REST"}],"neow_cost":"NONE","seed_source_timestamp":307760305507000,"circlet_count":0,"master_deck":["AscendersBane","Strike_B","Strike_B","Strike_B","Defend_B","Defend_B","Defend_B","Defend_B","Zap+1","Dualcast","Gash","Gash","Coolheaded","Regret","Gash","Beam Cell","FTL+1","Gash+1","Machine Learning","Gash+1","Gash+1","Scrape+1","Sweeping Beam+1","Ball Lightning+1","Conserve Battery","Gash+1","Leap"],"relics":["Philosopher\u0027s Stone","Darkstone Periapt","Turnip","Bag of Marbles","Molten Egg 2","Singing Bowl","Orrery"],"potions_floor_usage":[6,20,21],"damage_taken":[{"damage":0,"enemies":"2 Louse","floor":1,"turns":3},{"damage":8,"enemies":"Jaw Worm","floor":2,"turns":3},{"damage":26,"enemies":"3 Sentries","floor":6,"turns":8},{"damage":4,"enemies":"Cultist","floor":7,"turns":4},{"damage":18,"enemies":"Lots of Slimes","floor":11,"turns":4},{"damage":19,"enemies":"Exordium Thugs","floor":13,"turns":4},{"damage":42,"enemies":"Hexaghost","floor":16,"turns":9},{"damage":5,"enemies":"Chosen","floor":18,"turns":3},{"damage":14,"enemies":"Shell Parasite","floor":19,"turns":4},{"damage":31,"enemies":"Shelled Parasite and Fungi","floor":20,"turns":4},{"damage":29,"enemies":"Snake Plant","floor":21,"turns":4}],"seed_played":"6178161807593195640","potions_obtained":[{"floor":1,"key":"PowerPotion"},{"floor":7,"key":"FairyPotion"},{"floor":16,"key":"Block Potion"},{"floor":20,"key":"SpeedPotion"}],"is_trial":false,"path_per_floor":["M","M","?","?","?","E","M","R","T","R","M","R","M","T","R","B",null,"M","M","M","M"],"character_chosen":"DEFECT","items_purchased":[],"campfire_rested":3,"item_purchase_floors":[],"current_hp_per_floor":[64,56,49,49,55,29,25,48,48,48,30,53,34,34,57,15,62,57,43,12,0],"gold":324,"neow_bonus":"BOSS_RELIC","is_prod":false,"is_daily":false,"chose_seed":false,"campfire_upgraded":1,"win_rate":0,"timestamp":1555033114,"path_taken":["M","M","?","?","?","E","M","R","T","R","M","R","?","?","R","BOSS","M","?","?","M"],"build_version":"2019-01-23","purchased_purges":0,"victory":false,"max_hp_per_floor":[71,71,71,71,77,77,77,77,77,77,77,77,77,77,77,77,77,77,77,77,77],"card_choices":[{"not_picked":["Tempest","Redo"],"picked":"Gash","floor":1},{"not_picked":["Ball Lightning","Cold Snap"],"picked":"Gash","floor":2},{"not_picked":["Recycle","Steam Power"],"picked":"Gash","floor":6},{"not_picked":["Stack","Double Energy"],"picked":"Beam Cell","floor":7},{"not_picked":["Reinforced Body","Redo"],"picked":"FTL+1","floor":11},{"not_picked":["Aggregate","Barrage+1"],"picked":"Gash+1","floor":13},{"not_picked":["Core Surge+1","Fission"],"picked":"Machine Learning","floor":16},{"not_picked":["Sweeping Beam+1","Streamline+1"],"picked":"Gash+1","floor":17},{"not_picked":["Consume","Hologram"],"picked":"Gash+1","floor":17},{"not_picked":["Chaos","Leap"],"picked":"Scrape+1","floor":17},{"not_picked":["Hello World","Compile Driver+1"],"picked":"Sweeping Beam+1","floor":17},{"not_picked":["Skim","Redo"],"picked":"Ball Lightning+1","floor":17},{"not_picked":["Hologram","Reprogram"],"picked":"Conserve Battery","floor":18},{"not_picked":["Static Discharge","Stack+1"],"picked":"Gash+1","floor":19},{"not_picked":["Skim","Redo"],"picked":"Leap","floor":20}],"player_experience":875220,"relics_obtained":[{"floor":6,"key":"Bag of Marbles"},{"floor":9,"key":"Molten Egg 2"},{"floor":14,"key":"Singing Bowl"}],"event_choices":[{"damage_healed":0,"gold_gain":0,"player_choice":"Success","damage_taken":7,"relics_obtained":["Darkstone Periapt"],"max_hp_gain":0,"max_hp_loss":0,"event_name":"Scrap Ooze","floor":3,"gold_loss":0},{"damage_healed":0,"gold_gain":0,"cards_transformed":["Strike_B"],"player_choice":"Change","damage_taken":0,"max_hp_gain":0,"max_hp_loss":0,"event_name":"Living Wall","floor":4,"gold_loss":0,"cards_obtained":["Coolheaded"]},{"damage_healed":0,"gold_gain":0,"player_choice":"Box","damage_taken":0,"relics_obtained":["Turnip"],"max_hp_gain":0,"max_hp_loss":0,"event_name":"Big Fish","floor":5,"gold_loss":0,"cards_obtained":["Regret"]}],"is_beta":false,"boss_relics":[{"not_picked":["Sozu","Ectoplasm"],"picked":"Orrery"}],"items_purged_floors":[],"is_endless":false,"potions_floor_spawned":[1,7,16,19,20],"killed_by":"Snake Plant","ascension_level":14}