{"gold_per_floor":[115,132,147,147,49,82,82,110,156,156,167,187,187,52,52,129,129,147,147,61,31,48,48,48],"floor_reached":24,"playtime":629,"items_purged":[],"score":350,"play_id":"7d293cf6-22d7-4395-9954-8cfbb829b47a","local_time":"20190411212700","is_ascension_mode":true,"campfire_choices":[{"floor":7,"key":"DIG"},{"floor":10,"key":"REST"},{"floor":15,"key":"DIG"},{"floor":23,"key":"DIG"}],"neow_cost":"NONE","seed_source_timestamp":307122181239200,"circlet_count":0,"master_deck":["AscendersBane","Strike_B+1","Strike_B+1","Strike_B","Strike_B","Defend_B","Defend_B","Defend_B","Defend_B","Zap","Dualcast","Core Surge","Hologram","Ball Lightning","Electrodynamics","Conserve Battery","White Noise+1","Hyperbeam","Thunder Strike","Tempest+1","Enlightenment+1","Leap+1","Echo Form","Steam+1","Blind+1","Cold Snap"],"relics":["Cracked Core","Shovel","Shuriken","Prayer Wheel","Toxic Egg 2","PreservedInsect","Whetstone","Bronze Scales","Eternal Feather","Symbiotic Virus"],"potions_floor_usage":[16,21],"damage_taken":[{"damage":1,"enemies":"Cultist","floor":1,"turns":3},{"damage":1,"enemies":"Jaw Worm","floor":2,"turns":4},{"damage":9,"enemies":"2 Louse","floor":3,"turns":2},{"damage":16,"enemies":"Gremlin Nob","floor":6,"turns":3},{"damage":25,"enemies":"3 Sentries","floor":8,"turns":3},{"damage":3,"enemies":"Blue Slaver","floor":11,"turns":3},{"damage":2,"enemies":"2 Fungi Beasts","floor":12,"turns":2},{"damage":21,"enemies":"Hexaghost","floor":16,"turns":8},{"damage":0,"enemies":"3 Byrds","floor":18,"turns":2},{"damage":22,"enemies":"2 Thieves","floor":21,"turns":2},{"damage":7,"enemies":"3 Cultists","floor":22,"turns":3},{"damage":50,"enemies":"Slavers","floor":24,"turns":2}],"seed_played":"3254054252332519634","potions_obtained":[{"floor":11,"key":"SmokeBomb"},{"floor":12,"key":"Regen Potion"},{"floor":18,"key":"Strength Potion"}],"is_trial":false,"path_per_floor":["M","M","M","T","?","E","R","E","T","R","M","M","?","$","R","B",null,"M","?","$","M","M","R","E"],"character_chosen":"DEFECT","items_purchased":["Enlightenment+1","Leap+1","Blind+1"],"campfire_rested":1,"item_purchase_floors":[14,14,20],"current_hp_per_floor":[63,62,53,53,53,37,37,12,12,33,30,28,28,28,28,22,59,59,59,59,37,30,45,0],"gold":48,"neow_bonus":"ONE_RANDOM_RARE_CARD","is_prod":false,"is_daily":false,"chose_seed":false,"campfire_upgraded":0,"win_rate":0,"timestamp":1555032420,"path_taken":["M","M","M","?","?","E","R","E","T","R","?","?","?","$","R","BOSS","M","?","$","M","M","R","E"],"build_version":"2019-01-23","purchased_purges":0,"victory":false,"max_hp_per_floor":[71,71,71,71,71,71,71,71,71,71,71,71,71,71,71,71,71,71,71,71,71,71,71,71],"card_choices":[{"not_picked":["Compile Driver","Turbo"],"picked":"Hologram","floor":1},{"not_picked":["Sweeping Beam","Barrage"],"picked":"Ball Lightning","floor":2},{"not_picked":["Conserve Battery","Streamline"],"picked":"Electrodynamics","floor":3},{"not_picked":["Consume","Stack"],"picked":"Conserve Battery","floor":6},{"not_picked":["Conserve Battery+1","Sweeping Beam"],"picked":"White Noise+1","floor":8},{"not_picked":["Redo+1","Streamline"],"picked":"Hyperbeam","floor":11},{"not_picked":["Rebound","Streamline","Heatsinks"],"picked":"SKIP","floor":11},{"not_picked":["Steam+1","Conserve Battery+1"],"picked":"Thunder Strike","floor":12},{"not_picked":["Conserve Battery+1","Sweeping Beam"],"picked":"Tempest+1","floor":12},{"not_picked":["Multi-Cast+1","Core Surge"],"picked":"Echo Form","floor":16},{"not_picked":["Compile Driver","Sweeping Beam"],"picked":"Steam+1","floor":18},{"not_picked":["Beam Cell","Sweeping Beam","Go for the Eyes"],"picked":"SKIP","floor":18},{"not_picked":["Darkness+1","Undo+1"],"picked":"Cold Snap","floor":22},{"not_picked":["Compile Driver","Barrage","Storm"],"picked":"SKIP","floor":22}],"player_experience":874591,"relics_obtained":[{"floor":4,"key":"Shovel"},{"floor":6,"key":"Prayer Wheel"},{"floor":7,"key":"Toxic Egg 2"},{"floor":8,"key":"PreservedInsect"},{"floor":9,"key":"Whetstone"},{"floor":15,"key":"Bronze Scales"},{"floor":23,"key":"Symbiotic Virus"}],"event_choices":[{"damage_healed":0,"gold_gain":0,"player_choice":"Paid Gold","damage_taken":0,"relics_obtained":["Shuriken"],"max_hp_gain":0,"max_hp_loss":0,"event_name":"WeMeetAgain","floor":5,"gold_loss":98},{"damage_healed":0,"gold_gain":0,"player_choice":"Ignored","damage_taken":0,"max_hp_gain":0,"max_hp_loss":0,"event_name":"Golden Idol","floor":13,"gold_loss":0},{"damage_healed":0,"gold_gain":0,"player_choice":"Ignored","damage_taken":0,"max_hp_gain":0,"max_hp_loss":0,"event_name":"Ghosts","floor":19,"gold_loss":0}],"is_beta":false,"boss_relics":[{"not_picked":["Orrery","Tiny House"],"picked":"Eternal Feather"}],"items_purged_floors":[],"is_endless":false,"potions_floor_spawned":[11,12,18],"killed_by":"Slavers","ascension_level":14}