{"gold_per_floor":[110,20,40,40,60,60,91,10,35,35],"floor_reached":10,"playtime":228,"items_purged":[],"score":112,"play_id":"e4b44e64-7c79-4e6b-bd77-35921e0a1f41","local_time":"20190414183441","is_ascension_mode":true,"campfire_choices":[{"data":"Chaos","floor":6,"key":"SMITH"}],"neow_cost":"NONE","seed_source_timestamp":556383891203200,"circlet_count":0,"master_deck":["AscendersBane","Strike_B","Strike_B","Strike_B","Strike_B","Defend_B","Defend_B+1","Defend_B","Defend_B","Zap+1","Dualcast","Gash","Ball Lightning","Capacitor","Chaos+1","Doom and Gloom","Self Repair"],"relics":["Cracked Core","Regal Pillow","Bag of Marbles","Blue Candle","War Paint"],"potions_floor_usage":[],"damage_taken":[{"damage":3,"enemies":"2 Louse","floor":1,"turns":3},{"damage":1,"enemies":"Cultist","floor":3,"turns":3},{"damage":7,"enemies":"Jaw Worm","floor":5,"turns":3},{"damage":35,"enemies":"3 Sentries","floor":7,"turns":7},{"damage":30,"enemies":"Gremlin Nob","floor":10,"turns":3}],"seed_played":"6858940806910178481","potions_obtained":[{"floor":5,"key":"Poison Potion"},{"floor":7,"key":"Dexterity Potion"}],"is_trial":false,"path_per_floor":["M","$","M","?","M","R","E","$","T","E"],"character_chosen":"DEFECT","items_purchased":["Ball Lightning","Capacitor","Self Repair"],"campfire_rested":0,"item_purchase_floors":[2,2,8],"current_hp_per_floor":[61,61,60,60,53,53,18,18,18,0],"gold":35,"neow_bonus":"RANDOM_COMMON_RELIC","is_prod":false,"is_daily":false,"chose_seed":false,"campfire_upgraded":1,"win_rate":0,"timestamp":1555281281,"path_taken":["M","$","M","?","?","R","E","?","T","E"],"build_version":"2019-01-23","purchased_purges":0,"victory":false,"max_hp_per_floor":[71,71,71,71,71,71,71,71,71,71],"card_choices":[{"not_picked":["Melter","Heatsinks"],"picked":"Gash","floor":1},{"not_picked":["Hologram","Double Energy"],"picked":"Steam","floor":3},{"not_picked":["Aggregate","Streamline"],"picked":"Chaos","floor":5},{"not_picked":["Compile Driver","Multi-Cast"],"picked":"Doom and Gloom","floor":7}],"player_experience":895557,"relics_obtained":[{"floor":7,"key":"Blue Candle"},{"floor":9,"key":"War Paint"}],"event_choices":[{"cards_removed":["Steam"],"damage_healed":0,"gold_gain":0,"player_choice":"Gave Card","damage_taken":0,"relics_obtained":["Bag of Marbles"],"max_hp_gain":0,"max_hp_loss":0,"event_name":"WeMeetAgain","floor":4,"gold_loss":0}],"is_beta":false,"boss_relics":[],"items_purged_floors":[],"is_endless":false,"potions_floor_spawned":[5,7],"killed_by":"Gremlin Nob","ascension_level":14}