{"gold_per_floor":[111,111,38,38,54,81,31,50,50,26,26,26,26,36,36,114,164,182,192,192,215,250,250,250],"floor_reached":24,"playtime":772,"items_purged":[],"score":372,"play_id":"b6ab8ba7-5f34-400b-b8f1-1c17c78b7f3c","local_time":"20190424224036","is_ascension_mode":true,"campfire_choices":[{"data":"Genetic Algorithm","floor":11,"key":"SMITH"},{"data":"Rip and Tear","floor":13,"key":"SMITH"},{"data":"Lockon","floor":15,"key":"SMITH"},{"floor":23,"key":"REST"}],"neow_cost":"NONE","seed_source_timestamp":703620526379700,"circlet_count":0,"master_deck":["AscendersBane","Strike_B","Strike_B+1","Strike_B+1","Defend_B","Defend_B","Defend_B","Defend_B","Zap","Dualcast+1","Genetic Algorithm+1","Rip and Tear+1","Self Repair","Glacier","Steam","Beam Cell","Lockon+1","Core Surge","Hello World","Coolheaded","Machine Learning","Fusion"],"relics":["Cracked Core","NeowsBlessing","Calipers","Pantograph","DataDisk","Tiny House","Anchor","Red Mask"],"potions_floor_usage":[20],"damage_taken":[{"damage":0,"enemies":"Small Slimes","floor":1,"turns":2},{"damage":0,"enemies":"Jaw Worm","floor":5,"turns":1},{"damage":0,"enemies":"Lagavulin","floor":6,"turns":1},{"damage":0,"enemies":"Cultist","floor":8,"turns":3},{"damage":1,"enemies":"2 Fungi Beasts","floor":14,"turns":3},{"damage":59,"enemies":"Hexaghost","floor":16,"turns":11},{"damage":13,"enemies":"Spheric Guardian","floor":18,"turns":4},{"damage":0,"enemies":"Chosen","floor":19,"turns":4},{"damage":0,"enemies":"Centurion and Healer","floor":20,"turns":1},{"damage":52,"enemies":"Masked Bandits","floor":22,"turns":7},{"damage":40,"enemies":"Gremlin Leader","floor":24,"turns":8}],"seed_played":"-726679573089013657","potions_obtained":[{"floor":1,"key":"GamblersBrew"},{"floor":4,"key":"SteroidPotion"},{"floor":17,"key":"SmokeBomb"}],"is_trial":false,"path_per_floor":["M","?","$","?","M","E","?","M","T","$","R","?","R","M","R","B",null,"M","M","M","T","?","R","E"],"character_chosen":"DEFECT","items_purchased":["Rip and Tear","Beam Cell"],"campfire_rested":1,"item_purchase_floors":[3,10],"current_hp_per_floor":[64,50,50,50,50,50,50,50,50,50,50,50,50,56,56,19,63,50,57,57,57,12,34,0],"gold":250,"neow_bonus":"THREE_ENEMY_KILL","is_prod":false,"is_daily":false,"chose_seed":false,"campfire_upgraded":3,"win_rate":0,"timestamp":1556160036,"path_taken":["M","?","$","?","?","E","?","M","T","$","R","?","R","?","R","BOSS","M","?","M","?","?","R","E"],"build_version":"2019-01-23","purchased_purges":0,"victory":false,"max_hp_per_floor":[71,71,71,71,71,71,71,71,71,71,71,71,71,71,71,71,76,76,76,76,76,76,76,76],"card_choices":[{"not_picked":["Loop","Steam"],"picked":"Genetic Algorithm","floor":1},{"not_picked":["Lockon","Coolheaded"],"picked":"Self Repair","floor":5},{"not_picked":["Coolheaded","FTL"],"picked":"Glacier","floor":6},{"not_picked":["Fission","Leap"],"picked":"Steam","floor":8},{"not_picked":["Scrape","Stack"],"picked":"Lockon","floor":14},{"not_picked":["Machine Learning","Thunder Strike"],"picked":"Core Surge","floor":16},{"not_picked":["Barrage","Streamline"],"picked":"Hello World","floor":17},{"not_picked":["Rebound","Streamline"],"picked":"Coolheaded","floor":18},{"not_picked":["Compile Driver","Go for the Eyes"],"picked":"Machine Learning","floor":19},{"not_picked":["Leap","Consume"],"picked":"Fusion","floor":22}],"player_experience":921218,"relics_obtained":[{"floor":6,"key":"Calipers"},{"floor":9,"key":"Pantograph"},{"floor":21,"key":"Anchor"},{"floor":22,"key":"Red Mask"}],"event_choices":[{"damage_healed":0,"gold_gain":0,"player_choice":"Entered Light","damage_taken":14,"max_hp_gain":0,"max_hp_loss":0,"event_name":"Shining Light","floor":2,"gold_loss":0,"cards_upgraded":["Dualcast","Strike_B"]},{"damage_healed":0,"gold_gain":0,"player_choice":"Got Potions","damage_taken":0,"max_hp_gain":0,"max_hp_loss":0,"event_name":"Lab","floor":4,"gold_loss":0},{"cards_removed":["Strike_B"],"damage_healed":0,"gold_gain":0,"player_choice":"Card Removal","damage_taken":0,"max_hp_gain":0,"max_hp_loss":0,"event_name":"The Cleric","floor":7,"gold_loss":50},{"damage_healed":0,"gold_gain":0,"player_choice":"Gave Potion","damage_taken":0,"relics_obtained":["DataDisk"],"max_hp_gain":0,"max_hp_loss":0,"event_name":"WeMeetAgain","floor":12,"gold_loss":0},{"damage_healed":0,"gold_gain":0,"player_choice":"Fought Bandits","damage_taken":0,"max_hp_gain":0,"max_hp_loss":0,"event_name":"Masked Bandits","floor":22,"gold_loss":0}],"is_beta":false,"boss_relics":[{"not_picked":["Velvet Choker","Coffee Dripper"],"picked":"Tiny House"}],"items_purged_floors":[],"is_endless":false,"potions_floor_spawned":[1,8,19],"killed_by":"Gremlin Leader","ascension_level":14}