{"gold_per_floor":[115,131,145,145,157,157,171,206,206,206,222,222,238,265,265,339,339,351,450,375,392,392,392,402,15,15,15,15,15],"floor_reached":29,"playtime":727,"items_purged":[],"score":400,"play_id":"7cba47dc-f63d-4ab5-a304-a6716b7d5f6d","local_time":"20190423234323","is_ascension_mode":true,"campfire_choices":[{"floor":6,"key":"REST"},{"data":"Zap","floor":10,"key":"SMITH"},{"floor":12,"key":"REST"},{"data":"Chaos","floor":15,"key":"SMITH"},{"floor":23,"key":"REST"}],"neow_cost":"PERCENT_DAMAGE","seed_source_timestamp":621031178802600,"circlet_count":0,"master_deck":["AscendersBane","Strike_B","Strike_B","Defend_B","Defend_B","Defend_B","Defend_B","Zap+1","Dualcast","Conserve Battery","Cold Snap","Ball Lightning","Buffer","Ball Lightning","Gash","Tempest","Coolheaded","Chaos+1","Thunder Strike","Defragment","Chill","Glacier","Magnetism","Loop"],"relics":["Cracked Core","Nunchaku","Juzu Bracelet","Dead Branch","The Courier","Nuclear Battery","Shuriken","Meat on the Bone","Bag of Marbles"],"potions_floor_usage":[8,18,18,29],"damage_taken":[{"damage":2,"enemies":"2 Louse","floor":1,"turns":2},{"damage":0,"enemies":"Cultist","floor":2,"turns":3},{"damage":5,"enemies":"Small Slimes","floor":3,"turns":3},{"damage":4,"enemies":"3 Louse","floor":5,"turns":3},{"damage":9,"enemies":"Looter","floor":7,"turns":3},{"damage":10,"enemies":"3 Sentries","floor":8,"turns":7},{"damage":2,"enemies":"2 Fungi Beasts","floor":11,"turns":4},{"damage":2,"enemies":"Exordium Wildlife","floor":13,"turns":2},{"damage":13,"enemies":"Gremlin Nob","floor":14,"turns":4},{"damage":21,"enemies":"Slime Boss","floor":16,"turns":5},{"damage":0,"enemies":"3 Byrds","floor":18,"turns":3},{"damage":30,"enemies":"2 Thieves","floor":21,"turns":4},{"damage":17,"enemies":"Snake Plant","floor":24,"turns":2},{"damage":33,"enemies":"Book of Stabbing","floor":29,"turns":7}],"seed_played":"-2387504623747961294","potions_obtained":[{"floor":3,"key":"EssenceOfSteel"},{"floor":7,"key":"LiquidBronze"},{"floor":13,"key":"LiquidBronze"},{"floor":16,"key":"Block Potion"},{"floor":18,"key":"GamblersBrew"}],"is_trial":false,"path_per_floor":["M","M","M","?","M","R","M","E","T","R","M","R","M","E","R","B",null,"M","?","?","M","?","R","M","$","T","T","$","E"],"character_chosen":"DEFECT","items_purchased":["Shuriken","Magnetism","Loop"],"campfire_rested":3,"item_purchase_floors":[25,25,25],"current_hp_per_floor":[44,44,39,39,35,56,47,37,37,37,35,56,54,41,41,20,58,58,58,58,28,28,49,32,32,32,32,32,0],"gold":15,"neow_bonus":"ONE_RARE_RELIC","is_prod":false,"is_daily":false,"chose_seed":false,"campfire_upgraded":2,"win_rate":0,"timestamp":1556077403,"path_taken":["M","M","M","?","M","R","M","E","T","R","M","R","M","E","R","BOSS","M","?","?","M","?","R","M","$","T","?","?","E"],"build_version":"2019-01-23","purchased_purges":0,"victory":false,"max_hp_per_floor":[71,71,71,71,71,71,71,71,71,71,71,71,71,71,71,71,71,71,71,71,71,71,71,71,71,71,71,71,71],"card_choices":[{"not_picked":["Recycle","Chaos"],"picked":"Conserve Battery","floor":1},{"not_picked":["Reprogram","Leap"],"picked":"Cold Snap","floor":2},{"not_picked":["BootSequence","Storm"],"picked":"Ball Lightning","floor":3},{"not_picked":["Genetic Algorithm","Conserve Battery"],"picked":"Buffer","floor":5},{"not_picked":["Reinforced Body","Conserve Battery"],"picked":"Ball Lightning","floor":7},{"not_picked":["Force Field","Chill"],"picked":"Gash","floor":8},{"not_picked":["Rebound","Steam"],"picked":"Tempest","floor":11},{"not_picked":["Conserve Battery","Ball Lightning"],"picked":"Coolheaded","floor":13},{"not_picked":["Barrage","Streamline"],"picked":"Chaos","floor":14},{"not_picked":["Seek","Buffer"],"picked":"Thunder Strike","floor":16},{"not_picked":["Compile Driver","Tempest"],"picked":"Defragment","floor":18},{"not_picked":["Scrape+1","Static Discharge"],"picked":"Chill","floor":21},{"not_picked":["Static Discharge","Barrage"],"picked":"Glacier","floor":24}],"player_experience":908584,"relics_obtained":[{"floor":8,"key":"Juzu Bracelet"},{"floor":9,"key":"Dead Branch"},{"floor":14,"key":"The Courier"},{"floor":26,"key":"Meat on the Bone"},{"floor":27,"key":"Bag of Marbles"}],"event_choices":[{"cards_removed":["Strike_B"],"damage_healed":0,"gold_gain":0,"player_choice":"Purged","damage_taken":0,"max_hp_gain":0,"max_hp_loss":0,"event_name":"Purifier","floor":4,"gold_loss":0},{"damage_healed":0,"gold_gain":99,"player_choice":"Stole From Cult","damage_taken":0,"max_hp_gain":0,"max_hp_loss":0,"event_name":"Nest","floor":19,"gold_loss":0},{"cards_removed":["Strike_B"],"damage_healed":0,"gold_gain":0,"player_choice":"Gave Gold","damage_taken":0,"max_hp_gain":0,"max_hp_loss":0,"event_name":"Beggar","floor":20,"gold_loss":75},{"damage_healed":0,"gold_gain":0,"player_choice":"Ignored","damage_taken":0,"max_hp_gain":0,"max_hp_loss":0,"event_name":"Vampires","floor":22,"gold_loss":0}],"is_beta":false,"boss_relics":[{"not_picked":["Coffee Dripper","Ectoplasm"],"picked":"Nuclear Battery"}],"items_purged_floors":[],"is_endless":false,"potions_floor_spawned":[3,7,13,16,18],"killed_by":"Book of Stabbing","ascension_level":14}