{"gold_per_floor":[14,14,24,40,5,38,38,38,118,139,89,127,140,140],"floor_reached":14,"playtime":402,"items_purged":[],"score":213,"play_id":"b212891a-30a5-4f21-8b4a-60d770ab53c6","local_time":"20190426171643","is_ascension_mode":true,"campfire_choices":[{"data":"Hyperbeam","floor":7,"key":"SMITH"}],"neow_cost":"NO_GOLD","seed_source_timestamp":857362039203900,"circlet_count":0,"master_deck":["AscendersBane","Strike_B","Strike_B","Strike_B+1","Strike_B","Defend_B","Defend_B","Defend_B","Defend_B","Zap","Dualcast+1","Hyperbeam+1","Reinforced Body","White Noise","Redo","Self Repair","Machine Learning","Consume"],"relics":["Cracked Core","DataDisk","Golden Idol","Symbiotic Virus","Bag of Preparation"],"potions_floor_usage":[12,14],"damage_taken":[{"damage":6,"enemies":"2 Louse","floor":1,"turns":2},{"damage":0,"enemies":"Small Slimes","floor":3,"turns":2},{"damage":1,"enemies":"Cultist","floor":4,"turns":3},{"damage":10,"enemies":"3 Sentries","floor":6,"turns":7},{"damage":1,"enemies":"3 Louse","floor":10,"turns":3},{"damage":0,"enemies":"Gremlin Nob","floor":12,"turns":2},{"damage":17,"enemies":"Lots of Slimes","floor":13,"turns":3},{"damage":30,"enemies":"Lagavulin","floor":14,"turns":3}],"seed_played":"5479249220565172925","potions_obtained":[{"floor":3,"key":"Strength Potion"},{"floor":6,"key":"FearPotion"}],"is_trial":false,"path_per_floor":["M","?","M","M","?","E","R","?","T","M","?","E","M","E"],"character_chosen":"DEFECT","items_purchased":[],"campfire_rested":0,"item_purchase_floors":[],"current_hp_per_floor":[58,44,44,43,43,33,33,33,33,32,32,32,15,0],"gold":140,"neow_bonus":"THREE_RARE_CARDS","is_prod":false,"is_daily":false,"chose_seed":false,"campfire_upgraded":1,"win_rate":0,"timestamp":1556313403,"path_taken":["M","?","M","M","?","E","R","?","T","M","?","E","M","E"],"build_version":"2019-01-23","purchased_purges":0,"victory":false,"max_hp_per_floor":[71,71,71,71,71,71,71,71,71,71,71,71,71,71],"card_choices":[{"not_picked":["Thunder Strike","Core Surge"],"picked":"Hyperbeam","floor":0},{"not_picked":["Turbo","Aggregate","Sweeping Beam"],"picked":"SKIP","floor":1},{"not_picked":["Beam Cell","Rebound"],"picked":"Reinforced Body","floor":3},{"not_picked":["Darkness","Scrape"],"picked":"White Noise","floor":4},{"not_picked":["Turbo","Lockon"],"picked":"Redo","floor":6},{"not_picked":["Conserve Battery","Beam Cell"],"picked":"Self Repair","floor":10},{"not_picked":["Loop","Barrage"],"picked":"Machine Learning","floor":12},{"not_picked":["Tempest","Static Discharge"],"picked":"Consume","floor":13}],"player_experience":921990,"relics_obtained":[{"floor":6,"key":"DataDisk"},{"floor":9,"key":"Symbiotic Virus"},{"floor":12,"key":"Bag of Preparation"}],"event_choices":[{"damage_healed":0,"gold_gain":0,"player_choice":"Entered Light","damage_taken":14,"max_hp_gain":0,"max_hp_loss":0,"event_name":"Shining Light","floor":2,"gold_loss":0,"cards_upgraded":["Strike_B","Dualcast"]},{"damage_healed":0,"gold_gain":0,"player_choice":"Left Gold","damage_taken":0,"max_hp_gain":0,"max_hp_loss":0,"event_name":"World of Goop","floor":5,"gold_loss":35},{"damage_healed":0,"gold_gain":0,"player_choice":"Take Wound","damage_taken":0,"relics_obtained":["Golden Idol"],"max_hp_gain":0,"max_hp_loss":0,"event_name":"Golden Idol","floor":8,"gold_loss":0,"cards_obtained":["Injury"]},{"cards_removed":["Injury"],"damage_healed":0,"gold_gain":0,"player_choice":"Card Removal","damage_taken":0,"max_hp_gain":0,"max_hp_loss":0,"event_name":"The Cleric","floor":11,"gold_loss":50}],"is_beta":false,"boss_relics":[],"items_purged_floors":[],"is_endless":false,"potions_floor_spawned":[3,6],"killed_by":"Lagavulin","ascension_level":14}