{"gold_per_floor":[20,20,74,91,110,139,151,11,38,72,83,83,93,122,122,196,196,171,171,184,184,9,42,42,42],"floor_reached":25,"playtime":1077,"items_purged":["Strike_B"],"score":406,"play_id":"6249f598-182e-449d-a8c1-36ed55ce4a48","local_time":"20190507225035","is_ascension_mode":true,"campfire_choices":[{"data":"Sunder","floor":7,"key":"SMITH"},{"floor":12,"key":"REST"},{"floor":15,"key":"REST"},{"data":"Consume","floor":24,"key":"SMITH"}],"neow_cost":"NO_GOLD","seed_source_timestamp":519783304213600,"circlet_count":0,"master_deck":["AscendersBane","Defend_B","Defend_B","Defend_B","Zap","Dualcast","Streamline+1","Sunder+1","Defragment","Undo","Hello World","Melter","Glacier","Fusion","Ball Lightning","Darkness","Cold Snap","Steam","Echo Form","Rebound+1","Tempest","Beam Cell+1","Blizzard","Stack","Consume+1"],"relics":["Cracked Core","MawBank","Pen Nib","Peace Pipe","Smiling Mask","Inserter","Whetstone"],"potions_floor_usage":[6,14],"damage_taken":[{"damage":7,"enemies":"Jaw Worm","floor":1,"turns":2},{"damage":0,"enemies":"2 Louse","floor":4,"turns":2},{"damage":8,"enemies":"Small Slimes","floor":5,"turns":2},{"damage":5,"enemies":"3 Sentries","floor":6,"turns":3},{"damage":21,"enemies":"Gremlin Nob","floor":10,"turns":5},{"damage":0,"enemies":"2 Fungi Beasts","floor":11,"turns":2},{"damage":4,"enemies":"Blue Slaver","floor":13,"turns":4},{"damage":10,"enemies":"3 Sentries","floor":14,"turns":5},{"damage":16,"enemies":"The Guardian","floor":16,"turns":12},{"damage":33,"enemies":"2 Thieves","floor":18,"turns":5},{"damage":0,"enemies":"Spheric Guardian","floor":20,"turns":2},{"damage":16,"enemies":"Slavers","floor":23,"turns":6},{"damage":36,"enemies":"Gremlin Leader","floor":25,"turns":4}],"seed_played":"-3757001382645410808","potions_obtained":[{"floor":1,"key":"PowerPotion"},{"floor":5,"key":"PowerPotion"},{"floor":10,"key":"Weak Potion"},{"floor":14,"key":"Ancient Potion"},{"floor":18,"key":"Explosive Potion"}],"is_trial":false,"path_per_floor":["M","?","?","M","M","E","R","$","T","E","M","R","M","E","R","B",null,"M","?","M","?","$","E","R","E"],"character_chosen":"DEFECT","items_purchased":["Glacier","Fusion","Blizzard","Stack"],"campfire_rested":2,"item_purchase_floors":[8,8,22,22],"current_hp_per_floor":[57,57,57,57,49,44,44,44,44,23,23,44,40,30,51,35,62,29,29,29,52,52,36,36,0],"gold":42,"neow_bonus":"TRANSFORM_TWO_CARDS","is_prod":false,"is_daily":false,"chose_seed":false,"campfire_upgraded":2,"win_rate":0,"timestamp":1557283835,"path_taken":["M","?","?","M","M","E","R","?","T","E","M","R","M","E","R","BOSS","M","?","M","?","$","E","R","E"],"build_version":"2019-01-23","purchased_purges":1,"victory":false,"max_hp_per_floor":[71,71,71,71,71,71,71,71,71,71,71,71,71,71,71,71,71,71,71,71,71,71,71,71,71],"card_choices":[{"not_picked":["Consume","Self Repair"],"picked":"Defragment","floor":1},{"not_picked":["Gash","Compile Driver"],"picked":"Undo","floor":4},{"not_picked":["Auto Shields","Undo"],"picked":"Hello World","floor":5},{"not_picked":["Auto Shields","Skim"],"picked":"Melter","floor":6},{"not_picked":["Hologram","All For One"],"picked":"Ball Lightning","floor":10},{"not_picked":["Ball Lightning","Melter"],"picked":"Darkness","floor":11},{"not_picked":["Leap","Redo"],"picked":"Cold Snap","floor":13},{"not_picked":["Conserve Battery","Skim"],"picked":"Steam","floor":14},{"not_picked":["Meteor Strike","Rainbow"],"picked":"Echo Form","floor":16},{"not_picked":["Cold Snap","Heatsinks","Auto Shields+1"],"picked":"SKIP","floor":18},{"not_picked":["Rebound","Cold Snap"],"picked":"Beam Cell+1","floor":20},{"not_picked":["Conserve Battery","Rip and Tear"],"picked":"Consume","floor":23}],"player_experience":955239,"relics_obtained":[{"floor":6,"key":"MawBank"},{"floor":9,"key":"Pen Nib"},{"floor":10,"key":"Peace Pipe"},{"floor":14,"key":"Smiling Mask"},{"floor":23,"key":"Whetstone"}],"event_choices":[{"damage_healed":0,"gold_gain":0,"player_choice":"Leave","damage_taken":0,"max_hp_gain":0,"max_hp_loss":0,"event_name":"The Cleric","floor":2,"gold_loss":0},{"damage_healed":0,"gold_gain":54,"player_choice":"Gained Gold","damage_taken":0,"max_hp_gain":0,"max_hp_loss":0,"event_name":"Golden Wing","floor":3,"gold_loss":0},{"damage_healed":0,"gold_gain":0,"cards_transformed":["Strike_B","Strike_B"],"player_choice":"Became Test Subject","damage_taken":0,"max_hp_gain":0,"max_hp_loss":0,"event_name":"Drug Dealer","floor":19,"gold_loss":0,"cards_obtained":["Rebound","Tempest"]},{"damage_healed":23,"gold_gain":0,"player_choice":"Heal","damage_taken":0,"max_hp_gain":0,"max_hp_loss":0,"event_name":"The Library","floor":21,"gold_loss":0}],"is_beta":false,"boss_relics":[{"not_picked":["Tiny House","Velvet Choker"],"picked":"Inserter"}],"items_purged_floors":[22],"is_endless":false,"potions_floor_spawned":[1,5,10,14,18,20],"killed_by":"Gremlin Leader","ascension_level":14}