{"gold_per_floor":[115,127,145,95,95,120,120,147,147,147,72,98,98,98,98,170,170,188,208,228,228,228,260,1,1,1,1,21,21,32,46,46,120,120,137,137,237,252,252,252,285,285,285,285,298,298,298,346,346,346,346,346,53,53],"floor_reached":54,"playtime":2297,"items_purged":["Decay","Strike_B"],"score":1231,"play_id":"6bde1e29-fa94-4e43-9b7e-49c14b2566d3","local_time":"20190509230016","is_ascension_mode":true,"campfire_choices":[{"floor":7,"key":"REST"},{"floor":10,"key":"REST"},{"floor":13,"key":"REST"},{"data":"Consume","floor":15,"key":"SMITH"},{"floor":25,"key":"REST"},{"data":"Capacitor","floor":27,"key":"SMITH"},{"data":"Capacitor","floor":32,"key":"SMITH"},{"floor":40,"key":"REST"},{"floor":44,"key":"RECALL"},{"floor":46,"key":"REST"},{"floor":49,"key":"REST"},{"floor":52,"key":"REST"}],"neow_cost":"NONE","seed_source_timestamp":691949340953600,"circlet_count":0,"master_deck":["AscendersBane","Strike_B","Strike_B","Defend_B","Defend_B","Defend_B","Defend_B","Zap","Dualcast","Seek","Ball Lightning","Chill","Conserve Battery","Capacitor+1","White Noise","Consume+1","Defragment","Biased Cognition","Melter+1","White Noise","Chaos","Capacitor+1","Self Repair","Defragment","Consume","Finesse","Chrysalis","Jack Of All Trades","Tempest","Defragment","Blizzard","Discovery"],"relics":["FrozenCore","Mummified Hand","Anchor","Bottled Lightning","Orichalcum","Vajra","Symbiotic Virus","Lantern","Regal Pillow","Ancient Tea Set","Fusion Hammer","Bag of Preparation","Kunai","Bird Faced Urn"],"potions_floor_usage":[8,8,23],"damage_taken":[{"damage":1,"enemies":"Cultist","floor":1,"turns":4},{"damage":1,"enemies":"Small Slimes","floor":2,"turns":3},{"damage":2,"enemies":"Jaw Worm","floor":3,"turns":4},{"damage":36,"enemies":"3 Sentries","floor":6,"turns":7},{"damage":21,"enemies":"Gremlin Nob","floor":8,"turns":5},{"damage":15,"enemies":"3 Sentries","floor":12,"turns":5},{"damage":22,"enemies":"Slime Boss","floor":16,"turns":8},{"damage":0,"enemies":"Spheric Guardian","floor":18,"turns":4},{"damage":32,"enemies":"3 Byrds","floor":19,"turns":8},{"damage":1,"enemies":"Snake Plant","floor":20,"turns":5},{"damage":14,"enemies":"Book of Stabbing","floor":23,"turns":6},{"damage":0,"enemies":"Centurion and Healer","floor":28,"turns":5},{"damage":0,"enemies":"Cultist and Chosen","floor":30,"turns":7},{"damage":19,"enemies":"Snake Plant","floor":31,"turns":4},{"damage":3,"enemies":"Champ","floor":33,"turns":11},{"damage":28,"enemies":"3 Darklings","floor":35,"turns":7},{"damage":0,"enemies":"3 Shapes","floor":38,"turns":5},{"damage":18,"enemies":"Nemesis","floor":41,"turns":7},{"damage":16,"enemies":"3 Darklings","floor":45,"turns":6},{"damage":4,"enemies":"2 Orb Walkers","floor":48,"turns":8},{"damage":0,"enemies":"Donu and Deca","floor":50,"turns":10},{"damage":93,"enemies":"Shield and Spear","floor":54,"turns":3}],"seed_played":"3174780527397311923","potions_obtained":[{"floor":2,"key":"Weak Potion"},{"floor":6,"key":"AttackPotion"},{"floor":16,"key":"Strength Potion"},{"floor":18,"key":"FearPotion"},{"floor":19,"key":"Block Potion"},{"floor":30,"key":"Explosive Potion"}],"is_trial":false,"path_per_floor":["M","M","M","?","T","E","R","E","T","R","$","E","R","?","R","B",null,"M","M","M","?","?","E","$","R","T","R","M","?","M","M","R","B",null,"M","?","?","M","?","R","E","?","T","R","M","R","T","?","R","B",null,"R","$","E"],"character_chosen":"DEFECT","items_purchased":["Consume","Regal Pillow","Capacitor","Defragment","Blizzard","Discovery"],"campfire_rested":8,"item_purchase_floors":[11,24,24,53,53,53],"current_hp_per_floor":[63,62,60,60,60,24,45,24,24,45,45,30,51,56,56,34,66,66,34,33,33,33,19,19,56,56,56,56,56,63,51,51,55,71,50,50,50,57,47,76,65,65,65,65,56,72,72,72,72,72,72,72,72,0],"gold":53,"neow_bonus":"ONE_RANDOM_RARE_CARD","is_prod":false,"is_daily":false,"chose_seed":false,"campfire_upgraded":3,"win_rate":0,"timestamp":1557457216,"path_taken":["M","?","M","?","?","E","R","E","T","R","$","E","R","?","R","BOSS","M","M","M","?","?","E","$","R","T","R","M","?","M","M","R","BOSS","M","?","?","?","?","R","E","?","T","R","M","R","?","?","R","BOSS","R","$","E"],"build_version":"2019-01-23","purchased_purges":2,"victory":false,"max_hp_per_floor":[71,71,71,71,71,71,71,71,71,71,71,71,71,76,76,76,76,76,76,76,76,76,76,76,76,76,76,76,76,76,76,76,76,76,76,76,76,76,76,76,76,72,72,72,72,72,72,72,72,72,72,72,72,72],"card_choices":[{"not_picked":["Barrage","Turbo"],"picked":"Ball Lightning","floor":1},{"not_picked":["Force Field","Steam"],"picked":"Chill","floor":2},{"not_picked":["Double Energy","Gash"],"picked":"Conserve Battery","floor":3},{"not_picked":["Thunder Strike","Glacier"],"picked":"Capacitor","floor":6},{"not_picked":["Steam Power","Coolheaded"],"picked":"White Noise","floor":8},{"not_picked":["Aggregate","Streamline"],"picked":"Defragment","floor":12},{"not_picked":["Seek","Hyperbeam"],"picked":"Biased Cognition","floor":16},{"not_picked":["Leap","Redo"],"picked":"Melter+1","floor":18},{"not_picked":["Reprogram","Undo"],"picked":"White Noise","floor":19},{"not_picked":["Recycle+1","Double Energy+1"],"picked":"Chaos","floor":20},{"not_picked":["Darkness","Beam Cell","Reprogram"],"picked":"SKIP","floor":23},{"not_picked":["Rebound","Beam Cell"],"picked":"Self Repair","floor":28},{"not_picked":["Skim","Leap"],"picked":"Defragment","floor":30},{"not_picked":["Rebound","Leap","Genetic Algorithm"],"picked":"SKIP","floor":31},{"not_picked":["Melter","Streamline"],"picked":"Consume","floor":35},{"not_picked":["Ball Lightning","Gash","Coolheaded"],"picked":"SKIP","floor":38},{"not_picked":["Trip","Flash of Steel"],"picked":"Finesse","floor":39},{"not_picked":["Secret Weapon","Dramatic Entrance"],"picked":"Chrysalis","floor":39},{"not_picked":["Finesse","Enlightenment"],"picked":"Jack Of All Trades","floor":39},{"not_picked":["Barrage+1","Compile Driver","Sunder"],"picked":"SKIP","floor":41},{"not_picked":["Recycle","Streamline+1","Static Discharge"],"picked":"SKIP","floor":45},{"not_picked":["Loop","Ball Lightning+1"],"picked":"Tempest","floor":48}],"player_experience":960171,"relics_obtained":[{"floor":5,"key":"Mummified Hand"},{"floor":6,"key":"Anchor"},{"floor":8,"key":"Bottled Lightning"},{"floor":9,"key":"Orichalcum"},{"floor":12,"key":"Vajra"},{"floor":23,"key":"Lantern"},{"floor":26,"key":"Ancient Tea Set"},{"floor":41,"key":"Bag of Preparation"},{"floor":47,"key":"Kunai"},{"floor":48,"key":"Bird Faced Urn"}],"event_choices":[{"cards_removed":["Strike_B"],"damage_healed":0,"gold_gain":0,"player_choice":"Card Removal","damage_taken":0,"max_hp_gain":0,"max_hp_loss":0,"event_name":"The Cleric","floor":4,"gold_loss":50},{"damage_healed":0,"gold_gain":0,"player_choice":"Donut","damage_taken":0,"max_hp_gain":5,"max_hp_loss":0,"event_name":"Big Fish","floor":14,"gold_loss":0},{"damage_healed":0,"gold_gain":0,"player_choice":"Opened","damage_taken":0,"relics_obtained":["Symbiotic Virus"],"max_hp_gain":0,"max_hp_loss":0,"event_name":"The Mausoleum","floor":21,"gold_loss":0},{"damage_healed":0,"gold_gain":0,"player_choice":"Smashed Altar","damage_taken":0,"max_hp_gain":0,"max_hp_loss":0,"event_name":"Forgotten Altar","floor":22,"gold_loss":0,"cards_obtained":["Decay"]},{"damage_healed":0,"gold_gain":0,"player_choice":"Ignored","damage_taken":0,"max_hp_gain":0,"max_hp_loss":0,"event_name":"Beggar","floor":29,"gold_loss":0},{"damage_healed":0,"gold_gain":0,"player_choice":"Ignored","damage_taken":0,"max_hp_gain":0,"max_hp_loss":0,"event_name":"Tomb of Lord Red Mask","floor":36,"gold_loss":0},{"damage_healed":0,"gold_gain":100,"player_choice":"Pray","damage_taken":0,"max_hp_gain":0,"max_hp_loss":0,"event_name":"Golden Shrine","floor":37,"gold_loss":0},{"damage_healed":0,"gold_gain":0,"player_choice":"Memory 3","damage_taken":10,"max_hp_gain":0,"max_hp_loss":0,"event_name":"SensoryStone","floor":39,"gold_loss":0},{"damage_healed":0,"gold_gain":0,"player_choice":"Max HP","damage_taken":0,"max_hp_gain":0,"max_hp_loss":4,"event_name":"Winding Halls","floor":42,"gold_loss":0},{"damage_healed":0,"gold_gain":0,"player_choice":"Fight","damage_taken":0,"max_hp_gain":0,"max_hp_loss":0,"event_name":"Mysterious Sphere","floor":48,"gold_loss":0}],"is_beta":false,"boss_relics":[{"not_picked":["Ectoplasm","Tiny House"],"picked":"FrozenCore"},{"not_picked":["Eternal Feather","Velvet Choker"],"picked":"Fusion Hammer"}],"items_purged_floors":[24,53],"is_endless":false,"potions_floor_spawned":[2,6,16,18,19,20,30,31,35,38,45],"killed_by":"Shield and Spear","ascension_level":14}