{"gold_per_floor":[118,118,128,50,65,90,102,114,194,219,231,275,287,327,339,426,438,462,474,486,510,538,550],"floor_reached":23,"playtime":585,"items_purged":[],"score":355,"play_id":"96e32cac-ad7c-4a36-b498-c75636de58cd","local_time":"20190505223505","is_ascension_mode":true,"campfire_choices":[{"data":"Dualcast","floor":7,"key":"SMITH"},{"data":"Defragment","floor":11,"key":"SMITH"},{"floor":13,"key":"REST"},{"floor":15,"key":"REST"}],"neow_cost":"NONE","seed_source_timestamp":346541090301900,"circlet_count":0,"master_deck":["AscendersBane","Zap+1","Dualcast+1","Ball Lightning","Leap","Capacitor","Doom and Gloom","Electrodynamics","Defragment+1","Defragment","Conserve Battery","Echo Form","Gash","Hello World","Genetic Algorithm","Hologram","Biased Cognition","Capacitor","Loop","Hyperbeam","Stack","Buffer","Redo"],"relics":["Cracked Core","NeowsBlessing","MawBank","Shuriken","Art of War","Smiling Mask","Pandora\u0027s Box"],"potions_floor_usage":[10,12,23],"damage_taken":[{"damage":0,"enemies":"2 Louse","floor":1,"turns":1},{"damage":0,"enemies":"Cultist","floor":3,"turns":1},{"damage":0,"enemies":"Jaw Worm","floor":5,"turns":1},{"damage":12,"enemies":"Lagavulin","floor":6,"turns":6},{"damage":0,"enemies":"2 Fungi Beasts","floor":10,"turns":2},{"damage":39,"enemies":"Gremlin Nob","floor":12,"turns":5},{"damage":11,"enemies":"3 Sentries","floor":14,"turns":3},{"damage":41,"enemies":"The Guardian","floor":16,"turns":8},{"damage":33,"enemies":"Shell Parasite","floor":18,"turns":4},{"damage":18,"enemies":"Spheric Guardian","floor":21,"turns":4},{"damage":12,"enemies":"3 Cultists","floor":22,"turns":3},{"damage":30,"enemies":"Book of Stabbing","floor":23,"turns":3}],"seed_played":"4096769609969072799","potions_obtained":[{"floor":6,"key":"Poison Potion"},{"floor":10,"key":"Energy Potion"},{"floor":20,"key":"FairyPotion"},{"floor":20,"key":"SpeedPotion"}],"is_trial":false,"path_per_floor":["M","?","M","$","M","E","R","?","T","M","R","E","R","E","R","B",null,"M","?","?","M","M","E"],"character_chosen":"DEFECT","items_purchased":["Capacitor"],"campfire_rested":2,"item_purchase_floors":[4],"current_hp_per_floor":[64,64,64,64,64,52,52,57,57,57,57,18,40,29,51,10,60,27,52,52,34,22,0],"gold":550,"neow_bonus":"THREE_ENEMY_KILL","is_prod":false,"is_daily":false,"chose_seed":false,"campfire_upgraded":2,"win_rate":0,"timestamp":1557110105,"path_taken":["M","?","?","$","M","E","R","?","T","M","R","E","R","E","R","BOSS","M","?","?","M","M","E"],"build_version":"2019-01-23","purchased_purges":0,"victory":false,"max_hp_per_floor":[71,71,71,71,71,71,71,76,76,76,76,76,76,76,76,76,76,76,76,76,76,76,76],"card_choices":[{"not_picked":["Coolheaded","Rebound"],"picked":"Ball Lightning","floor":1},{"not_picked":["Redo","Skim"],"picked":"Leap","floor":3},{"not_picked":["Barrage","Turbo"],"picked":"Doom and Gloom","floor":5},{"not_picked":["Redo","Defragment"],"picked":"Electrodynamics","floor":6},{"not_picked":["Leap","Self Repair"],"picked":"Defragment","floor":10},{"not_picked":["Turbo","Chill"],"picked":"Defragment","floor":12},{"not_picked":["Stack","Barrage"],"picked":"Conserve Battery","floor":14},{"not_picked":["Hyperbeam","Seek"],"picked":"Echo Form","floor":16},{"not_picked":["Conserve Battery","Beam Cell"],"picked":"Stack","floor":18},{"not_picked":["Loop","Genetic Algorithm"],"picked":"Buffer","floor":21},{"not_picked":["Static Discharge","Compile Driver"],"picked":"Redo","floor":22}],"player_experience":953403,"relics_obtained":[{"floor":6,"key":"MawBank"},{"floor":9,"key":"Shuriken"},{"floor":12,"key":"Art of War"},{"floor":14,"key":"Smiling Mask"}],"event_choices":[{"damage_healed":0,"gold_gain":0,"player_choice":"Upgraded","damage_taken":0,"max_hp_gain":0,"max_hp_loss":0,"event_name":"Upgrade Shrine","floor":2,"gold_loss":0,"cards_upgraded":["Zap"]},{"damage_healed":0,"gold_gain":0,"player_choice":"Donut","damage_taken":0,"max_hp_gain":5,"max_hp_loss":0,"event_name":"Big Fish","floor":8,"gold_loss":0},{"damage_healed":25,"gold_gain":0,"player_choice":"Heal","damage_taken":0,"max_hp_gain":0,"max_hp_loss":0,"event_name":"The Library","floor":19,"gold_loss":0},{"damage_healed":0,"gold_gain":0,"player_choice":"Got Potions","damage_taken":0,"max_hp_gain":0,"max_hp_loss":0,"event_name":"Lab","floor":20,"gold_loss":0}],"is_beta":false,"boss_relics":[{"not_picked":["Runic Dome","Ectoplasm"],"picked":"Pandora\u0027s Box"}],"items_purged_floors":[],"is_endless":false,"potions_floor_spawned":[6,10],"killed_by":"Book of Stabbing","ascension_level":14}