{"gold_per_floor":[114,114,127,72,89,89,116,116,170,180,66,66,401,42,42,119,119,131,231,231,38,38,38],"floor_reached":23,"playtime":946,"items_purged":[],"score":341,"play_id":"75df0ae7-e902-42ff-9e04-8792f1941929","local_time":"20190517230749","is_ascension_mode":true,"campfire_choices":[{"floor":6.0,"key":"REST"},{"floor":8.0,"key":"REST"},{"floor":12.0,"key":"REST"},{"data":"Defragment","floor":15.0,"key":"SMITH"}],"neow_cost":"PERCENT_DAMAGE","seed_source_timestamp":0,"circlet_count":0,"master_deck":["AscendersBane","Strike_B","Strike_B","Strike_B","Defend_B","Defend_B","Defend_B","Defend_B","Zap","Dualcast","Hyperbeam","Cold Snap","Blizzard","Ball Lightning","Stack","Beam Cell","Conserve Battery","Flash of Steel","Defragment+1","Self Repair+1","Steam","Biased Cognition+1","Ball Lightning","Coolheaded","Apotheosis","Parasite"],"special_seed":0,"relics":["Cracked Core","Juzu Bracelet","Oddly Smooth Stone","Old Coin","Frozen Egg 2","Cursed Key","Prayer Wheel","Ornamental Fan","Matryoshka"],"potions_floor_usage":[19,19,23],"damage_taken":[{"damage":1.0,"enemies":"2 Louse","floor":1.0,"turns":2.0},{"damage":5.0,"enemies":"Small Slimes","floor":3.0,"turns":3.0},{"damage":2.0,"enemies":"Jaw Worm","floor":5.0,"turns":3.0},{"damage":32.0,"enemies":"Gremlin Nob","floor":7.0,"turns":4.0},{"damage":10.0,"enemies":"Exordium Wildlife","floor":10.0,"turns":2.0},{"damage":20.0,"enemies":"3 Sentries","floor":13.0,"turns":5.0},{"damage":20.0,"enemies":"Hexaghost","floor":16.0,"turns":13.0},{"damage":8,"enemies":"Spheric Guardian","floor":18,"turns":4},{"damage":16,"enemies":"Colosseum Slavers","floor":19,"turns":4},{"damage":33,"enemies":"Colosseum Nobs","floor":19,"turns":5},{"damage":42,"enemies":"Slavers","floor":23,"turns":2}],"seed_played":"-3673198953107850632","potions_obtained":[{"floor":1.0,"key":"EntropicBrew"},{"floor":13.0,"key":"Weak Potion"},{"floor":16.0,"key":"LiquidBronze"},{"floor":19,"key":"FocusPotion"}],"is_trial":false,"path_per_floor":["M","?","M","?","M","R","E","R","T","M","$","R","E","$","R","B",null,"M","?","?","$","T","E"],"character_chosen":"DEFECT","items_purchased":["Conserve Battery","Flash of Steel","Frozen Egg 2","Self Repair+1","Steam","Apotheosis"],"campfire_rested":3,"item_purchase_floors":[11,11,14,14,14,21],"current_hp_per_floor":[45,45,40,40,38,59,27,48,48,38,38,59,39,39,39,29,61,63,34,34,34,34,0],"gold":38,"neow_bonus":"THREE_RARE_CARDS","is_prod":false,"is_daily":false,"chose_seed":false,"campfire_upgraded":1,"win_rate":0,"timestamp":1558148869,"path_taken":["M","?","M","?","M","R","E","R","T","M","$","R","E","$","R","BOSS","M","?","?","$","?","E"],"build_version":"2019-01-23","purchased_purges":0,"victory":false,"max_hp_per_floor":[71,71,71,71,71,71,71,71,71,71,71,71,71,71,71,71,71,71,71,71,71,71,71],"card_choices":[{"not_picked":["Thunder Strike","Seek"],"picked":"Hyperbeam","floor":0.0},{"not_picked":["Barrage","Streamline"],"picked":"Cold Snap","floor":1.0},{"not_picked":["Sweeping Beam","Beam Cell"],"picked":"Ball Lightning","floor":3.0},{"not_picked":["Recycle","Turbo"],"picked":"Stack","floor":5.0},{"not_picked":["Multi-Cast","Hologram"],"picked":"Beam Cell","floor":7.0},{"not_picked":["Beam Cell","Force Field","Heatsinks"],"picked":"SKIP","floor":10.0},{"not_picked":["Go for the Eyes","Sunder"],"picked":"Defragment","floor":13.0},{"not_picked":["Multi-Cast","Buffer+1"],"picked":"Biased Cognition+1","floor":16.0},{"not_picked":["Barrage","Loop+1"],"picked":"Ball Lightning","floor":18},{"not_picked":["Lockon","Turbo"],"picked":"Coolheaded","floor":19}],"player_experience":968513,"relics_obtained":[{"floor":7.0,"key":"Juzu Bracelet"},{"floor":9.0,"key":"Oddly Smooth Stone"},{"floor":13.0,"key":"Old Coin"},{"floor":19,"key":"Prayer Wheel"},{"floor":19,"key":"Ornamental Fan"},{"floor":22,"key":"Matryoshka"}],"event_choices":[{"damage_healed":0.0,"max_hp_gain":0.0,"max_hp_loss":0.0,"gold_gain":0.0,"cards_transformed":["Strike_B"],"event_name":"Living Wall","player_choice":"Change","floor":2.0,"gold_loss":0.0,"damage_taken":0.0,"cards_obtained":["Blizzard"]},{"damage_healed":0.0,"max_hp_gain":0.0,"max_hp_loss":0.0,"gold_gain":0.0,"event_name":"World of Goop","player_choice":"Left Gold","floor":4.0,"gold_loss":55.0,"damage_taken":0.0},{"damage_healed":0,"gold_gain":0,"player_choice":"Fight","damage_taken":0,"max_hp_gain":0,"max_hp_loss":0,"event_name":"Colosseum","floor":19,"gold_loss":0},{"damage_healed":0,"gold_gain":0,"player_choice":"Fought Nobs","damage_taken":0,"max_hp_gain":0,"max_hp_loss":0,"event_name":"Colosseum","floor":19,"gold_loss":0},{"damage_healed":0,"gold_gain":0,"player_choice":"Ignored","damage_taken":0,"max_hp_gain":0,"max_hp_loss":0,"event_name":"Vampires","floor":20,"gold_loss":0}],"is_beta":false,"boss_relics":[{"not_picked":["Runic Dome","Busted Crown"],"picked":"Cursed Key"}],"items_purged_floors":[],"is_endless":false,"potions_floor_spawned":[1,13,16,19],"killed_by":"Slavers","ascension_level":15}