{"gold_per_floor":[363,363,363,388,406,406,420,12,58,58,58,93,25,25,25,101,101,116,116,41,16,16,16,43,61,61,91,91,39,39],"floor_reached":30,"playtime":656,"items_purged":[],"score":455,"play_id":"57ab34c0-4c2b-4506-8cc0-a55494a059ef","local_time":"20190626005958","is_ascension_mode":true,"campfire_choices":[{"floor":6,"key":"REST"},{"data":"Streamline","floor":11,"key":"SMITH"},{"data":"Zap","floor":15,"key":"SMITH"},{"floor":23,"key":"REST"}],"neow_cost":"PERCENT_DAMAGE","seed_source_timestamp":700633798526600,"circlet_count":0,"master_deck":["AscendersBane","Strike_B","Strike_B","Defend_B","Defend_B","Defend_B","Defend_B","Zap+1","Dualcast","White Noise","Beam Cell","Sweeping Beam","Amplify","Streamline+1","Electrodynamics","FTL","Echo Form","Steam","Stack","Chill","Defragment","Leap"],"relics":["Cracked Core","Vajra","Runic Capacitor","Bronze Scales","Cables","Ginger","Nuclear Battery","Ornamental Fan","Bag of Preparation","Juzu Bracelet"],"potions_floor_usage":[12,25,27,30],"damage_taken":[{"damage":0,"enemies":"2 Louse","floor":1,"turns":1},{"damage":2,"enemies":"Jaw Worm","floor":5,"turns":4},{"damage":0,"enemies":"Small Slimes","floor":7,"turns":3},{"damage":2,"enemies":"Gremlin Nob","floor":12,"turns":3},{"damage":29,"enemies":"The Guardian","floor":16,"turns":8},{"damage":36,"enemies":"Shell Parasite","floor":18,"turns":4},{"damage":36,"enemies":"Gremlin Leader","floor":24,"turns":5},{"damage":3,"enemies":"3 Byrds","floor":25,"turns":2},{"damage":14,"enemies":"Slavers","floor":27,"turns":3},{"damage":13,"enemies":"Cultist and Chosen","floor":30,"turns":4}],"seed_played":"7708332534133748224","potions_obtained":[{"floor":1,"key":"PowerPotion"},{"floor":5,"key":"Energy Potion"},{"floor":16,"key":"PowerPotion"},{"floor":27,"key":"Block Potion"}],"is_trial":false,"path_per_floor":["M","?","?","T","M","R","M","$","T","T","R","E","$","?","R","B",null,"M","?","?","$","$","R","E","M","T","E","?","$","M"],"character_chosen":"DEFECT","items_purchased":["Runic Capacitor","Amplify","Streamline","FTL","Stack","Leap"],"campfire_rested":2,"item_purchase_floors":[8,8,8,13,21,29],"current_hp_per_floor":[46,39,39,39,37,58,58,58,58,58,58,56,56,46,46,17,58,22,36,36,36,36,57,21,18,18,4,4,4,0],"gold":39,"neow_bonus":"TWO_FIFTY_GOLD","is_prod":false,"is_daily":false,"chose_seed":false,"campfire_upgraded":2,"win_rate":0,"timestamp":1561525198,"path_taken":["M","?","?","?","M","R","M","$","T","?","R","E","$","?","R","BOSS","M","?","?","?","$","R","E","?","T","E","?","$","M"],"build_version":"2019-01-23","purchased_purges":0,"victory":false,"max_hp_per_floor":[71,71,71,71,71,71,71,71,71,71,71,71,71,71,71,71,71,71,71,71,71,71,71,71,71,71,71,71,71,71],"card_choices":[{"not_picked":["Chaos","Melter"],"picked":"White Noise","floor":1},{"not_picked":["Turbo","Static Discharge"],"picked":"Beam Cell","floor":5},{"not_picked":["Rip and Tear","Scrape"],"picked":"Sweeping Beam","floor":7},{"not_picked":["Skim","Turbo"],"picked":"Electrodynamics","floor":12},{"not_picked":["Meteor Strike","Rainbow"],"picked":"Echo Form","floor":16},{"not_picked":["Gash","Blizzard"],"picked":"Steam","floor":18},{"not_picked":["Blizzard","Gash"],"picked":"Chill","floor":24},{"not_picked":["Storm","Conserve Battery"],"picked":"Defragment","floor":25},{"not_picked":["Hologram","Melter","Gash"],"picked":"SKIP","floor":27}],"player_experience":992365,"relics_obtained":[{"floor":4,"key":"Vajra"},{"floor":9,"key":"Bronze Scales"},{"floor":10,"key":"Cables"},{"floor":12,"key":"Ginger"},{"floor":24,"key":"Ornamental Fan"},{"floor":26,"key":"Bag of Preparation"},{"floor":27,"key":"Juzu Bracelet"}],"event_choices":[{"cards_removed":["Strike_B"],"damage_healed":0,"gold_gain":0,"player_choice":"Card Removal","damage_taken":7,"max_hp_gain":0,"max_hp_loss":0,"event_name":"Golden Wing","floor":2,"gold_loss":0},{"damage_healed":0,"gold_gain":0,"player_choice":"Ignored","damage_taken":0,"max_hp_gain":0,"max_hp_loss":0,"event_name":"Liars Game","floor":3,"gold_loss":0},{"damage_healed":0,"gold_gain":0,"player_choice":"Damaged","damage_taken":10,"max_hp_gain":0,"max_hp_loss":0,"event_name":"Wheel of Change","floor":14,"gold_loss":0},{"damage_healed":14,"gold_gain":0,"player_choice":"Heal","damage_taken":0,"max_hp_gain":0,"max_hp_loss":0,"event_name":"The Library","floor":19,"gold_loss":0},{"cards_removed":["Strike_B"],"damage_healed":0,"gold_gain":0,"player_choice":"Gave Gold","damage_taken":0,"max_hp_gain":0,"max_hp_loss":0,"event_name":"Beggar","floor":20,"gold_loss":75},{"damage_healed":0,"gold_gain":0,"player_choice":"Ignored","damage_taken":0,"max_hp_gain":0,"max_hp_loss":0,"event_name":"Vampires","floor":28,"gold_loss":0}],"is_beta":false,"boss_relics":[{"not_picked":["White Beast Statue","Coffee Dripper"],"picked":"Nuclear Battery"}],"items_purged_floors":[],"is_endless":false,"potions_floor_spawned":[1,5,7,16,24,27],"killed_by":"Cultist and Chosen","ascension_level":15}