{"gold_per_floor":[114,43,58,21,21,171,96,155,182,182,213,213,213,233,233,310,310,324,28,28,43,56,56],"floor_reached":23,"playtime":802,"items_purged":[],"score":327,"play_id":"e9c7ca3a-e2e8-408c-8f73-c2f29f40a4ee","local_time":"20190623234831","is_ascension_mode":true,"campfire_choices":[{"floor":10,"key":"REST"},{"data":"Zap","floor":13,"key":"SMITH"},{"floor":15,"key":"REST"}],"neow_cost":"PERCENT_DAMAGE","seed_source_timestamp":523399343767200,"circlet_count":0,"master_deck":["AscendersBane","Zap+1","Dualcast","White Noise","Darkness","Doom and Gloom","Cold Snap","BootSequence","Leap","Amplify","Hello World","Stack","Go for the Eyes","Compile Driver","Steam","Force Field","Capacitor","Magnetism","Ball Lightning","Conserve Battery"],"relics":["Cracked Core","Meat on the Bone","Juzu Bracelet","Strawberry","PreservedInsect","Pandora\u0027s Box"],"potions_floor_usage":[23],"damage_taken":[{"damage":2,"enemies":"2 Louse","floor":1,"turns":2},{"damage":2,"enemies":"Jaw Worm","floor":3,"turns":3},{"damage":28,"enemies":"Lagavulin Event","floor":8,"turns":5},{"damage":34,"enemies":"Gremlin Nob","floor":11,"turns":4},{"damage":5,"enemies":"Small Slimes","floor":14,"turns":3},{"damage":47,"enemies":"Hexaghost","floor":16,"turns":13},{"damage":20,"enemies":"Spheric Guardian","floor":18,"turns":5},{"damage":9,"enemies":"Chosen","floor":21,"turns":5},{"damage":28,"enemies":"Snake Plant","floor":22,"turns":4},{"damage":42,"enemies":"Gremlin Leader","floor":23,"turns":3}],"seed_played":"-8974462858504374612","potions_obtained":[{"floor":1,"key":"GamblersBrew"},{"floor":18,"key":"FearPotion"}],"is_trial":false,"path_per_floor":["M","?","M","$","?","?","?","?","T","R","E","T","R","M","R","B",null,"M","$","?","M","M","E"],"character_chosen":"DEFECT","items_purchased":["Doom and Gloom","Capacitor","Magnetism","Ball Lightning"],"campfire_rested":2,"item_purchase_floors":[4,19,19,19],"current_hp_per_floor":[44,44,42,42,47,47,47,19,19,41,26,26,26,33,57,22,68,48,48,48,51,35,0],"gold":56,"neow_bonus":"REMOVE_TWO","is_prod":false,"is_daily":false,"chose_seed":false,"campfire_upgraded":1,"win_rate":0,"timestamp":1561348111,"path_taken":["M","?","M","$","?","?","?","?","T","R","E","?","R","M","R","BOSS","M","$","?","M","M","E"],"build_version":"2019-01-23","purchased_purges":0,"victory":false,"max_hp_per_floor":[71,71,71,71,76,76,76,76,76,76,83,83,83,83,83,83,83,83,83,83,83,83,83],"card_choices":[{"not_picked":["Consume","Lockon"],"picked":"White Noise","floor":1},{"not_picked":["Conserve Battery","Gash"],"picked":"Darkness","floor":3},{"not_picked":["Gash","Streamline"],"picked":"Cold Snap","floor":8},{"not_picked":["Barrage","Go for the Eyes"],"picked":"BootSequence","floor":11},{"not_picked":["Fusion","Melter"],"picked":"Leap","floor":14},{"not_picked":["Hyperbeam","Multi-Cast"],"picked":"Amplify","floor":16},{"not_picked":["Skim","Static Discharge"],"picked":"Force Field","floor":18},{"not_picked":["Compile Driver+1","Genetic Algorithm"],"picked":"Conserve Battery","floor":21},{"not_picked":["Sweeping Beam","Go for the Eyes","Leap"],"picked":"SKIP","floor":22}],"player_experience":989548,"relics_obtained":[{"floor":8,"key":"Meat on the Bone"},{"floor":9,"key":"Juzu Bracelet"},{"floor":11,"key":"Strawberry"},{"floor":12,"key":"PreservedInsect"}],"event_choices":[{"damage_healed":0,"gold_gain":0,"player_choice":"Left Gold","damage_taken":0,"max_hp_gain":0,"max_hp_loss":0,"event_name":"World of Goop","floor":2,"gold_loss":71},{"damage_healed":0,"gold_gain":0,"player_choice":"Donut","damage_taken":0,"max_hp_gain":5,"max_hp_loss":0,"event_name":"Big Fish","floor":5,"gold_loss":0},{"damage_healed":0,"gold_gain":150,"player_choice":"AGREE","damage_taken":0,"max_hp_gain":0,"max_hp_loss":0,"event_name":"Liars Game","floor":6,"gold_loss":0,"cards_obtained":["Doubt"]},{"cards_removed":["Doubt"],"damage_healed":0,"gold_gain":0,"player_choice":"Card Removal","damage_taken":0,"max_hp_gain":0,"max_hp_loss":0,"event_name":"The Cleric","floor":7,"gold_loss":75},{"damage_healed":0,"gold_gain":0,"player_choice":"Searched \u00271\u0027 times","damage_taken":0,"max_hp_gain":0,"max_hp_loss":0,"event_name":"Dead Adventurer","floor":8,"gold_loss":0},{"cards_removed":["Rebound"],"damage_healed":0,"gold_gain":0,"player_choice":"Purged","damage_taken":0,"max_hp_gain":0,"max_hp_loss":0,"event_name":"Purifier","floor":20,"gold_loss":0}],"is_beta":false,"boss_relics":[{"not_picked":["Nuclear Battery","Lizard Tail"],"picked":"Pandora\u0027s Box"}],"items_purged_floors":[],"is_endless":false,"potions_floor_spawned":[1,18],"killed_by":"Gremlin Leader","ascension_level":15}