{"gold_per_floor":[117,117,129,404,417,417,449,449,449,475,400,400,418,418,418,494,494,512,512,531,456,456,456],"floor_reached":23,"playtime":1126,"items_purged":[],"score":389,"play_id":"65890d4f-8714-4745-ab5b-237d81218107","local_time":"20190726234929","is_ascension_mode":true,"campfire_choices":[{"data":"Hyperbeam","floor":6,"key":"SMITH"},{"data":"Reinforced Body","floor":8,"key":"SMITH"},{"data":"Zap","floor":12,"key":"SMITH"},{"floor":15,"key":"REST"}],"neow_cost":"NONE","seed_source_timestamp":0,"circlet_count":0,"master_deck":["AscendersBane","Strike_B","Strike_B","Strike_B","Defend_B","Defend_B","Defend_B","Zap+1","Dualcast","Reinforced Body+1","Gash","Ball Lightning","Leap","Self Repair","Coolheaded","All For One","Turbo","Chill","Loop","Sweeping Beam+1","Lockon+1","Decay"],"special_seed":0,"relics":["Cracked Core","NeowsBlessing","Dodecahedron","PreservedInsect","The Courier","Orrery"],"potions_floor_usage":[7,23,23],"damage_taken":[{"damage":0,"enemies":"Cultist","floor":1,"turns":1},{"damage":0,"enemies":"Jaw Worm","floor":3,"turns":1},{"damage":0,"enemies":"2 Louse","floor":5,"turns":1},{"damage":0,"enemies":"3 Sentries","floor":7,"turns":3},{"damage":10,"enemies":"Lagavulin","floor":10,"turns":4},{"damage":6,"enemies":"Looter","floor":13,"turns":2},{"damage":46,"enemies":"The Guardian","floor":16,"turns":13},{"damage":43,"enemies":"Shell Parasite","floor":18,"turns":10},{"damage":4,"enemies":"Chosen","floor":20,"turns":6},{"damage":33,"enemies":"Book of Stabbing","floor":23,"turns":4}],"seed_played":"5316875582213002332","potions_obtained":[{"floor":3,"key":"Block Potion"},{"floor":10,"key":"FocusPotion"},{"floor":16,"key":"GamblersBrew"},{"floor":18,"key":"EntropicBrew"}],"is_trial":false,"path_per_floor":["M","?","M","?","M","R","E","R","T","E","?","R","M","?","R","B",null,"M","?","M","?","?","E"],"character_chosen":"DEFECT","items_purchased":[],"campfire_rested":1,"item_purchase_floors":[],"current_hp_per_floor":[64,64,64,64,64,64,64,64,64,54,54,54,55,60,76,37,66,30,30,33,33,33,0],"gold":456,"neow_bonus":"THREE_ENEMY_KILL","is_prod":false,"is_daily":false,"chose_seed":false,"campfire_upgraded":3,"win_rate":0,"timestamp":1564199369,"path_taken":["M","?","M","?","?","R","E","R","T","E","?","R","M","?","R","BOSS","M","?","?","?","?","E"],"build_version":"2019-07-17","purchased_purges":0,"victory":false,"max_hp_per_floor":[71,71,71,71,71,71,71,71,71,71,71,71,71,76,76,76,76,76,76,76,76,76,76],"card_choices":[{"not_picked":["Hologram","Skim"],"picked":"Reinforced Body","floor":1},{"not_picked":["Cold Snap","Hologram"],"picked":"Gash","floor":3},{"not_picked":["Lockon","White Noise"],"picked":"Ball Lightning","floor":5},{"not_picked":["Blizzard","Rebound"],"picked":"Leap","floor":7},{"not_picked":["Auto Shields","Multi-Cast"],"picked":"Self Repair","floor":10},{"not_picked":["Doom and Gloom","Steam"],"picked":"Coolheaded","floor":13},{"not_picked":["Core Surge","Seek"],"picked":"All For One","floor":16},{"not_picked":["Ball Lightning","Conserve Battery"],"picked":"Turbo","floor":17},{"not_picked":["Coolheaded","Melter"],"picked":"Chill","floor":17},{"not_picked":["Sweeping Beam","Barrage"],"picked":"Loop","floor":17},{"not_picked":["Conserve Battery","Ball Lightning"],"picked":"Sweeping Beam+1","floor":18},{"not_picked":["Machine Learning","Double Energy"],"picked":"Lockon+1","floor":20}],"player_experience":1005848,"relics_obtained":[{"floor":7,"key":"Dodecahedron"},{"floor":9,"key":"PreservedInsect"},{"floor":10,"key":"The Courier"}],"event_choices":[{"damage_healed":0,"gold_gain":0,"cards_transformed":["Strike_B"],"player_choice":"Change","damage_taken":0,"max_hp_gain":0,"max_hp_loss":0,"event_name":"Living Wall","floor":2,"gold_loss":0,"cards_obtained":["Hyperbeam"]},{"damage_healed":0,"gold_gain":275,"player_choice":"Desecrate","damage_taken":0,"max_hp_gain":0,"max_hp_loss":0,"event_name":"Golden Shrine","floor":4,"gold_loss":0,"cards_obtained":["Regret"]},{"cards_removed":["Regret"],"damage_healed":0,"gold_gain":0,"player_choice":"Card Removal","damage_taken":0,"max_hp_gain":0,"max_hp_loss":0,"event_name":"The Cleric","floor":11,"gold_loss":75},{"damage_healed":0,"gold_gain":0,"player_choice":"Donut","damage_taken":0,"max_hp_gain":5,"max_hp_loss":0,"event_name":"Big Fish","floor":14,"gold_loss":0},{"cards_removed":["Hyperbeam"],"damage_healed":0,"gold_gain":0,"player_choice":"Purged","damage_taken":0,"max_hp_gain":0,"max_hp_loss":0,"event_name":"Purifier","floor":19,"gold_loss":0},{"cards_removed":["Defend_B"],"damage_healed":0,"gold_gain":0,"player_choice":"Gave Gold","damage_taken":0,"max_hp_gain":0,"max_hp_loss":0,"event_name":"Beggar","floor":21,"gold_loss":75},{"damage_healed":0,"gold_gain":0,"player_choice":"Cursed","damage_taken":0,"max_hp_gain":0,"max_hp_loss":0,"event_name":"Wheel of Change","floor":22,"gold_loss":0,"cards_obtained":["Decay"]}],"is_beta":false,"boss_relics":[{"not_picked":["Sozu","Calling Bell"],"picked":"Orrery"}],"items_purged_floors":[],"is_endless":false,"potions_floor_spawned":[3,10,16,18,20],"killed_by":"Book of Stabbing","ascension_level":15}