{"gold_per_floor":[113,113,131,56,75,101,119,119,142,142,153,164,196,214,214,214],"floor_reached":16,"playtime":686,"items_purged":[],"score":200,"play_id":"7e1df8c1-532a-4885-b7bb-28af0f0ea959","local_time":"20190915215741","is_ascension_mode":true,"campfire_choices":[{"floor":10,"key":"REST"},{"floor":15,"key":"REST"}],"neow_cost":"NONE","seed_source_timestamp":295701074498200,"circlet_count":0,"master_deck":["AscendersBane","Strike_B","Strike_B","Defend_B","Defend_B","Defend_B","Defend_B","Zap","Dualcast","Creative AI","Capacitor","Tempest","Fusion","Consume+1","White Noise+1","Capacitor","Parasite","Force Field","Glacier","Aggregate","Darkness"],"relics":["Cracked Core","Orichalcum","War Paint","Dream Catcher"],"potions_floor_usage":[6,7,13,13],"damage_taken":[{"damage":0,"enemies":"2 Louse","floor":1,"turns":2},{"damage":0,"enemies":"Cultist","floor":3,"turns":3},{"damage":19,"enemies":"Jaw Worm","floor":5,"turns":5},{"damage":24,"enemies":"Lagavulin","floor":6,"turns":6},{"damage":11,"enemies":"3 Louse","floor":7,"turns":3},{"damage":13,"enemies":"Large Slime","floor":11,"turns":4},{"damage":8,"enemies":"2 Fungi Beasts","floor":12,"turns":5},{"damage":13,"enemies":"3 Sentries","floor":13,"turns":6},{"damage":0,"enemies":"Red Slaver","floor":14,"turns":6},{"damage":46,"enemies":"The Guardian","floor":16,"turns":6}],"seed_played":"-5690494852290120984","potions_obtained":[{"floor":3,"key":"FearPotion"},{"floor":5,"key":"Explosive Potion"},{"floor":6,"key":"Fruit Juice"},{"floor":7,"key":"PowerPotion"},{"floor":12,"key":"Explosive Potion"},{"floor":14,"key":"Poison Potion"}],"is_trial":false,"path_per_floor":["M","?","M","?","M","E","M","?","T","R","M","M","E","M","R","B"],"character_chosen":"DEFECT","items_purchased":[],"campfire_rested":2,"item_purchase_floors":[],"current_hp_per_floor":[64,64,64,64,45,26,15,34,34,56,43,35,22,22,44,0],"gold":214,"neow_bonus":"ONE_RANDOM_RARE_CARD","is_prod":false,"is_daily":false,"chose_seed":false,"campfire_upgraded":0,"win_rate":0,"timestamp":1568599061,"path_taken":["M","?","?","?","M","E","M","?","T","R","M","M","E","M","R","BOSS"],"build_version":"2019-07-17","purchased_purges":0,"victory":false,"max_hp_per_floor":[71,71,71,71,71,76,76,76,76,76,76,76,76,76,76,76],"card_choices":[{"not_picked":["Gash","Sunder"],"picked":"Capacitor","floor":1},{"not_picked":["Hologram","Compile Driver"],"picked":"Fusion","floor":3},{"not_picked":["Force Field","Barrage"],"picked":"Consume","floor":5},{"not_picked":["Conserve Battery","Go for the Eyes"],"picked":"White Noise","floor":6},{"not_picked":["Glacier","Compile Driver"],"picked":"Capacitor","floor":7},{"not_picked":["Skim","Gash"],"picked":"Force Field","floor":11},{"not_picked":["Streamline","Ball Lightning"],"picked":"Glacier","floor":12},{"not_picked":["Redo","Steam"],"picked":"Aggregate","floor":13},{"not_picked":["Leap","BootSequence"],"picked":"Darkness","floor":14}],"player_experience":1012829,"relics_obtained":[{"floor":6,"key":"Orichalcum"},{"floor":9,"key":"War Paint"},{"floor":13,"key":"Dream Catcher"}],"event_choices":[{"damage_healed":0,"gold_gain":0,"cards_transformed":["Strike_B"],"player_choice":"Transformed","damage_taken":0,"max_hp_gain":0,"max_hp_loss":0,"event_name":"Transmorgrifier","floor":2,"gold_loss":0,"cards_obtained":["Tempest"]},{"cards_removed":["Strike_B"],"damage_healed":0,"gold_gain":0,"player_choice":"Card Removal","damage_taken":0,"max_hp_gain":0,"max_hp_loss":0,"event_name":"The Cleric","floor":4,"gold_loss":75},{"damage_healed":19,"gold_gain":0,"player_choice":"Healed and dodged fight","damage_taken":0,"max_hp_gain":0,"max_hp_loss":0,"event_name":"Mushrooms","floor":8,"gold_loss":0,"cards_obtained":["Parasite"]}],"is_beta":false,"boss_relics":[],"items_purged_floors":[],"is_endless":false,"potions_floor_spawned":[3,5,6,7,12,14],"killed_by":"The Guardian","ascension_level":15}