{"gold_per_floor":[113,28,28,28,28,28,57,57,80,92,105,122,122,142,142,142],"floor_reached":16,"playtime":510,"items_purged":[],"score":175,"play_id":"1c12a096-0c9d-4e36-937c-aa99da067298","local_time":"20190918134749","is_ascension_mode":true,"campfire_choices":[{"floor":6.0,"key":"DIG"},{"floor":8,"key":"REST"},{"floor":13,"key":"DIG"},{"floor":15,"key":"REST"}],"neow_cost":"PERCENT_DAMAGE","seed_source_timestamp":89623378112300,"circlet_count":0,"master_deck":["AscendersBane","Strike_B","Strike_B","Strike_B","Strike_B","Defend_B","Defend_B","Defend_B","Defend_B","Zap","Dualcast","BootSequence","Bandage Up","Cold Snap","Fusion","Rebound","Coolheaded"],"special_seed":0,"relics":["Cracked Core","Shovel","Bottled Lightning","Potion Belt","Oddly Smooth Stone"],"potions_floor_usage":[7,14],"damage_taken":[{"damage":10.0,"enemies":"Small Slimes","floor":1.0,"turns":3.0},{"damage":30,"enemies":"3 Sentries","floor":7,"turns":8},{"damage":0,"enemies":"Jaw Worm","floor":10,"turns":3},{"damage":1,"enemies":"Cultist","floor":11,"turns":3},{"damage":28,"enemies":"Lots of Slimes","floor":12,"turns":6},{"damage":13,"enemies":"Exordium Thugs","floor":14,"turns":3},{"damage":37,"enemies":"Slime Boss","floor":16,"turns":6}],"seed_played":"-8970411412654824068","potions_obtained":[{"floor":5.0,"key":"Fruit Juice"},{"floor":5.0,"key":"SteroidPotion"},{"floor":12,"key":"PowerPotion"},{"floor":14,"key":"Energy Potion"}],"is_trial":false,"path_per_floor":["M","$","?","?","?","R","E","R","T","M","M","M","R","M","R","B"],"character_chosen":"DEFECT","items_purchased":["Bandage Up"],"campfire_rested":2,"item_purchase_floors":[2],"current_hp_per_floor":[36,36,36,36,41,41,15,37,37,41,44,20,20,11,33,0],"gold":142,"neow_bonus":"ONE_RARE_RELIC","is_prod":false,"is_daily":false,"chose_seed":false,"campfire_upgraded":0,"win_rate":0,"timestamp":1568828869,"path_taken":["M","$","?","?","?","R","E","R","T","M","M","M","R","M","R","BOSS"],"build_version":"2019-07-17","purchased_purges":0,"victory":false,"max_hp_per_floor":[71,71,71,71,76,76,76,76,76,76,76,76,76,76,76,76],"card_choices":[{"not_picked":["Sweeping Beam","Rebound"],"picked":"BootSequence","floor":1.0},{"not_picked":["BootSequence","Turbo"],"picked":"Cold Snap","floor":7},{"not_picked":["Compile Driver","Tempest"],"picked":"Fusion","floor":10},{"not_picked":["BootSequence","Leap"],"picked":"Rebound","floor":11},{"not_picked":["Scrape","Compile Driver","Steam Power"],"picked":"SKIP","floor":12},{"not_picked":["Static Discharge","Turbo"],"picked":"Coolheaded","floor":14}],"player_experience":1015527,"relics_obtained":[{"floor":6.0,"key":"Bottled Lightning"},{"floor":7,"key":"Potion Belt"},{"floor":13,"key":"Oddly Smooth Stone"}],"event_choices":[{"damage_healed":0.0,"max_hp_gain":0.0,"max_hp_loss":0.0,"gold_gain":0.0,"event_name":"Shining Light","player_choice":"Ignored","floor":3.0,"gold_loss":0.0,"damage_taken":0.0},{"damage_healed":0.0,"max_hp_gain":0.0,"max_hp_loss":0.0,"gold_gain":0.0,"event_name":"Golden Idol","player_choice":"Ignored","floor":4.0,"gold_loss":0.0,"damage_taken":0.0},{"damage_healed":0.0,"max_hp_gain":0.0,"max_hp_loss":0.0,"gold_gain":0.0,"event_name":"Lab","player_choice":"Got Potions","floor":5.0,"gold_loss":0.0,"damage_taken":0.0}],"is_beta":false,"boss_relics":[],"items_purged_floors":[],"is_endless":false,"potions_floor_spawned":[12,14],"killed_by":"Slime Boss","ascension_level":15}