{"gold_per_floor":[111,111,76,90,165,198,198,231,231,231,242,242,255,255],"floor_reached":14,"playtime":432,"items_purged":[],"score":172,"play_id":"18ef1ed3-fa24-4191-be43-093afe27e958","local_time":"20190918182256","is_ascension_mode":true,"campfire_choices":[{"floor":7,"key":"DIG"},{"floor":10,"key":"REST"},{"floor":12,"key":"DIG"}],"neow_cost":"TEN_PERCENT_HP_LOSS","seed_source_timestamp":106294785886100,"circlet_count":0,"master_deck":["AscendersBane","Strike_B","Strike_B","Strike_B","Strike_B","Defend_B+1","Defend_B","Defend_B","Defend_B","Zap+1","Dualcast","Ball Lightning","Self Repair","Static Discharge","Conserve Battery","Thunder Strike","Storm","Beam Cell"],"relics":["Cracked Core","Shovel","NlothsMask","Blue Candle","Question Card","War Paint","Calipers"],"potions_floor_usage":[6,8,13],"damage_taken":[{"damage":6,"enemies":"Cultist","floor":1,"turns":4},{"damage":9,"enemies":"Jaw Worm","floor":4,"turns":4},{"damage":25,"enemies":"Gremlin Nob","floor":6,"turns":5},{"damage":16,"enemies":"Lagavulin","floor":8,"turns":6},{"damage":9,"enemies":"Small Slimes","floor":11,"turns":3},{"damage":19,"enemies":"Exordium Wildlife","floor":13,"turns":4},{"damage":25,"enemies":"3 Sentries","floor":14,"turns":3}],"seed_played":"8437947051302422706","potions_obtained":[{"floor":4,"key":"Weak Potion"},{"floor":6,"key":"AttackPotion"},{"floor":8,"key":"AttackPotion"}],"is_trial":false,"path_per_floor":["M","?","$","M","?","E","R","E","T","R","M","R","M","E"],"character_chosen":"DEFECT","items_purchased":["Self Repair"],"campfire_rested":1,"item_purchase_floors":[3],"current_hp_per_floor":[58,58,58,56,45,27,27,18,18,37,35,35,23,0],"gold":255,"neow_bonus":"ONE_RARE_RELIC","is_prod":false,"is_daily":false,"chose_seed":false,"campfire_upgraded":0,"win_rate":0,"timestamp":1568845376,"path_taken":["M","?","$","?","?","E","R","E","T","R","M","R","M","E"],"build_version":"2019-07-17","purchased_purges":0,"victory":false,"max_hp_per_floor":[64,64,64,64,64,64,64,64,64,64,64,64,64,64],"card_choices":[{"not_picked":["Barrage","Fusion"],"picked":"Ball Lightning","floor":1},{"not_picked":["Skim","Turbo"],"picked":"Static Discharge","floor":4},{"not_picked":["Lockon","Double Energy"],"picked":"Conserve Battery","floor":6},{"not_picked":["Recycle","Conserve Battery","Rebound"],"picked":"Thunder Strike","floor":8},{"not_picked":["Leap","Rebound","Cold Snap"],"picked":"Storm","floor":11},{"not_picked":["Turbo","Rebound","Stack"],"picked":"Beam Cell","floor":13}],"player_experience":1019121,"relics_obtained":[{"floor":6,"key":"Blue Candle"},{"floor":7,"key":"Question Card"},{"floor":8,"key":"War Paint"},{"floor":12,"key":"Calipers"}],"event_choices":[{"damage_healed":0,"gold_gain":0,"player_choice":"Trade","damage_taken":0,"relics_obtained":["NlothsMask"],"max_hp_gain":0,"max_hp_loss":0,"event_name":"FaceTrader","floor":2,"gold_loss":0},{"damage_healed":0,"gold_gain":75,"player_choice":"Gather Gold","damage_taken":11,"max_hp_gain":0,"max_hp_loss":0,"event_name":"World of Goop","floor":5,"gold_loss":0}],"is_beta":false,"boss_relics":[],"items_purged_floors":[],"is_endless":false,"potions_floor_spawned":[4,6,8],"killed_by":"3 Sentries","ascension_level":15}