{"gold_per_floor":[113,126,126,140,65,65,65,95,119,150,169,237,40,60,60,139,139,139,139,139,139,139,139,139,139,139,139,139],"floor_reached":28,"playtime":966,"items_purged":[],"score":431,"play_id":"0ac86cb1-9833-4c6a-836d-ac50ad6dbe89","local_time":"20190918185412","is_ascension_mode":true,"campfire_choices":[{"data":"Zap","floor":6,"key":"SMITH"},{"floor":15,"key":"REST"},{"data":"Defragment","floor":23,"key":"SMITH"},{"floor":25,"key":"REST"}],"neow_cost":"NONE","seed_source_timestamp":107636487343300,"circlet_count":0,"master_deck":["AscendersBane","Strike_B+1","Strike_B+1","Defend_B+1","Defend_B+1","Defend_B+1","Zap+1","Dualcast","Hello World","Conserve Battery","Scrape","Gash","Capacitor","Coolheaded","Gash","Rebound","Ball Lightning","Fission","Redo","Defragment+1","Defragment","Pain","Amplify","Chaos"],"relics":["Cracked Core","NeowsBlessing","Bag of Marbles","Oddly Smooth Stone","Centennial Puzzle","Pear","Strawberry","Ectoplasm","WarpedTongs","Pantograph","Lantern"],"potions_floor_usage":[8,24,24],"damage_taken":[{"damage":0,"enemies":"Small Slimes","floor":1,"turns":1},{"damage":0,"enemies":"Cultist","floor":2,"turns":1},{"damage":0,"enemies":"2 Louse","floor":4,"turns":1},{"damage":10,"enemies":"Gremlin Nob","floor":8,"turns":3},{"damage":36,"enemies":"3 Sentries","floor":10,"turns":7},{"damage":6,"enemies":"2 Fungi Beasts","floor":11,"turns":3},{"damage":9,"enemies":"Looter","floor":14,"turns":2},{"damage":16,"enemies":"Hexaghost","floor":16,"turns":9},{"damage":6,"enemies":"Chosen","floor":18,"turns":3},{"damage":8,"enemies":"Spheric Guardian","floor":21,"turns":3},{"damage":77,"enemies":"Book of Stabbing","floor":24,"turns":6},{"damage":26,"enemies":"Snake Plant","floor":27,"turns":5},{"damage":28,"enemies":"Centurion and Healer","floor":28,"turns":4}],"seed_played":"2089277783749944453","potions_obtained":[{"floor":1,"key":"Regen Potion"},{"floor":2,"key":"Swift Potion"},{"floor":8,"key":"Regen Potion"}],"is_trial":false,"path_per_floor":["M","M","?","M","?","R","?","E","T","E","M","T","$","M","R","B",null,"M","?","?","M","?","R","E","R","T","M","M"],"character_chosen":"DEFECT","items_purchased":["Rebound","Strawberry"],"campfire_rested":2,"item_purchase_floors":[13,13],"current_hp_per_floor":[64,64,64,64,64,64,57,47,47,11,5,15,22,13,39,23,72,66,66,66,58,58,58,21,47,47,21,0],"gold":139,"neow_bonus":"THREE_ENEMY_KILL","is_prod":false,"is_daily":false,"chose_seed":false,"campfire_upgraded":2,"win_rate":0,"timestamp":1568847252,"path_taken":["M","M","?","?","?","R","?","E","T","E","M","?","$","?","R","BOSS","M","?","?","M","?","R","E","R","T","?","M"],"build_version":"2019-07-17","purchased_purges":0,"victory":false,"max_hp_per_floor":[71,71,71,71,71,71,71,71,71,71,71,81,88,88,88,88,88,88,88,88,88,88,88,88,88,88,88,88],"card_choices":[{"not_picked":["Beam Cell","Reprogram"],"picked":"Hello World","floor":1},{"not_picked":["Steam","Aggregate"],"picked":"Conserve Battery","floor":2},{"not_picked":["Coolheaded","White Noise"],"picked":"Gash","floor":4},{"not_picked":["Conserve Battery","Steam"],"picked":"Capacitor","floor":8},{"not_picked":["Cold Snap","Barrage"],"picked":"Coolheaded","floor":10},{"not_picked":["Auto Shields","Biased Cognition"],"picked":"Gash","floor":11},{"not_picked":["Storm","Turbo"],"picked":"Ball Lightning","floor":14},{"not_picked":["Hyperbeam","Biased Cognition"],"picked":"Fission","floor":16},{"not_picked":["Conserve Battery","Reinforced Body"],"picked":"Redo","floor":18},{"not_picked":["Coolheaded","Compile Driver"],"picked":"Defragment","floor":21},{"not_picked":["Go for the Eyes","Leap"],"picked":"Amplify","floor":24},{"not_picked":["Leap","Turbo"],"picked":"Chaos","floor":27}],"player_experience":1020393,"relics_obtained":[{"floor":8,"key":"Bag of Marbles"},{"floor":9,"key":"Oddly Smooth Stone"},{"floor":10,"key":"Centennial Puzzle"},{"floor":12,"key":"Pear"},{"floor":24,"key":"Pantograph"},{"floor":26,"key":"Lantern"}],"event_choices":[{"damage_healed":0,"gold_gain":0,"cards_transformed":["Strike_B"],"player_choice":"Transformed","damage_taken":0,"max_hp_gain":0,"max_hp_loss":0,"event_name":"Transmorgrifier","floor":3,"gold_loss":0,"cards_obtained":["Scrape"]},{"cards_removed":["Strike_B"],"damage_healed":0,"gold_gain":0,"player_choice":"Card Removal","damage_taken":0,"max_hp_gain":0,"max_hp_loss":0,"event_name":"The Cleric","floor":5,"gold_loss":75},{"cards_removed":["Defend_B"],"damage_healed":0,"gold_gain":0,"player_choice":"Card Removal","damage_taken":7,"max_hp_gain":0,"max_hp_loss":0,"event_name":"Golden Wing","floor":7,"gold_loss":0},{"damage_healed":0,"gold_gain":0,"player_choice":"Read","damage_taken":0,"max_hp_gain":0,"max_hp_loss":0,"event_name":"The Library","floor":19,"gold_loss":0,"cards_obtained":["Defragment"]},{"damage_healed":0,"gold_gain":0,"player_choice":"Simplicity","damage_taken":0,"max_hp_gain":0,"max_hp_loss":0,"event_name":"Back to Basics","floor":20,"gold_loss":0,"cards_upgraded":["Strike_B","Strike_B","Defend_B","Defend_B","Defend_B"]},{"damage_healed":0,"gold_gain":0,"player_choice":"Rummage","damage_taken":0,"relics_obtained":["WarpedTongs"],"max_hp_gain":0,"max_hp_loss":0,"event_name":"Accursed Blacksmith","floor":22,"gold_loss":0,"cards_obtained":["Pain"]}],"is_beta":false,"boss_relics":[{"not_picked":["Pandora\u0027s Box","Runic Pyramid"],"picked":"Ectoplasm"}],"items_purged_floors":[],"is_endless":false,"potions_floor_spawned":[1,2,4,8,18,21],"killed_by":"Centurion and Healer","ascension_level":15}