{"gold_per_floor":[110,35,35,48,62,62,93,93,120,148,162,188,274,322,322,322],"floor_reached":16,"playtime":764,"items_purged":["Normality"],"score":250,"play_id":"e5e49375-51f8-489f-b3d4-d61457fed1ea","local_time":"20190918140044","is_ascension_mode":true,"campfire_choices":[{"data":"Zap","floor":6,"key":"SMITH"},{"data":"Multi-Cast","floor":15,"key":"SMITH"}],"neow_cost":"CURSE","seed_source_timestamp":90227300295500,"circlet_count":0,"master_deck":["AscendersBane","Strike_B","Strike_B","Defend_B","Defend_B","Defend_B","Defend_B","Zap+1","Dualcast","Sweeping Beam","Ball Lightning","Redo","Rebound","Sweeping Beam","Chill","Gash+1","Blizzard+1","Multi-Cast+1"],"relics":["Cracked Core","Ice Cream","Centennial Puzzle","PreservedInsect","Molten Egg 2","Pear","Tiny Chest"],"potions_floor_usage":[7,10,12],"damage_taken":[{"damage":7,"enemies":"Jaw Worm","floor":1,"turns":3},{"damage":4,"enemies":"Small Slimes","floor":4,"turns":3},{"damage":6,"enemies":"2 Louse","floor":5,"turns":2},{"damage":16,"enemies":"Gremlin Nob","floor":7,"turns":4},{"damage":10,"enemies":"3 Sentries","floor":10,"turns":3},{"damage":6,"enemies":"Looter","floor":11,"turns":2},{"damage":0,"enemies":"Gremlin Nob","floor":12,"turns":3},{"damage":5,"enemies":"3 Sentries","floor":13,"turns":4},{"damage":16,"enemies":"Hexaghost","floor":16,"turns":9}],"seed_played":"3856901461779552532","potions_obtained":[{"floor":4,"key":"Energy Potion"},{"floor":5,"key":"Poison Potion"},{"floor":7,"key":"Dexterity Potion"}],"is_trial":false,"path_per_floor":["M","$","?","M","M","R","E","?","T","E","M","E","?","T","R","B"],"character_chosen":"DEFECT","items_purchased":[],"campfire_rested":0,"item_purchase_floors":[],"current_hp_per_floor":[57,57,50,46,40,40,24,24,24,14,8,18,13,13,13,0],"gold":322,"neow_bonus":"ONE_RARE_RELIC","is_prod":false,"is_daily":false,"chose_seed":false,"campfire_upgraded":2,"win_rate":0,"timestamp":1568829644,"path_taken":["M","$","?","M","M","R","E","?","T","E","M","E","?","?","R","BOSS"],"build_version":"2019-07-17","purchased_purges":1,"victory":false,"max_hp_per_floor":[71,71,71,71,71,71,71,71,71,71,71,81,81,81,81,81],"card_choices":[{"not_picked":["Recycle","Chill"],"picked":"Sweeping Beam","floor":1},{"not_picked":["FTL","Stack"],"picked":"Ball Lightning","floor":4},{"not_picked":["Cold Snap","Barrage"],"picked":"Redo","floor":5},{"not_picked":["Hello World","Barrage"],"picked":"Rebound","floor":7},{"not_picked":["Beam Cell","Steam Power"],"picked":"Chill","floor":10},{"not_picked":["Skim","Redo"],"picked":"Gash+1","floor":11},{"not_picked":["Stack","Steam"],"picked":"Blizzard+1","floor":12},{"not_picked":["Aggregate","Sweeping Beam+1"],"picked":"Multi-Cast","floor":13}],"player_experience":1016037,"relics_obtained":[{"floor":7,"key":"Centennial Puzzle"},{"floor":9,"key":"PreservedInsect"},{"floor":10,"key":"Molten Egg 2"},{"floor":12,"key":"Pear"},{"floor":13,"key":"Tiny Chest"}],"event_choices":[{"cards_removed":["Strike_B"],"damage_healed":0,"gold_gain":0,"player_choice":"Card Removal","damage_taken":7,"max_hp_gain":0,"max_hp_loss":0,"event_name":"Golden Wing","floor":3,"gold_loss":0},{"damage_healed":0,"gold_gain":0,"cards_transformed":["Strike_B"],"player_choice":"Change","damage_taken":0,"max_hp_gain":0,"max_hp_loss":0,"event_name":"Living Wall","floor":8,"gold_loss":0,"cards_obtained":["Sweeping Beam"]},{"damage_healed":0,"gold_gain":0,"player_choice":"Searched \u00271\u0027 times","damage_taken":0,"max_hp_gain":0,"max_hp_loss":0,"event_name":"Dead Adventurer","floor":13,"gold_loss":0}],"is_beta":false,"boss_relics":[],"items_purged_floors":[2],"is_endless":false,"potions_floor_spawned":[4,5,7],"killed_by":"Hexaghost","ascension_level":15}