{"gold_per_floor":[19,19,19,34,46,46,78,129,177,177,177,197,160,123,123,123],"floor_reached":16,"playtime":383,"items_purged":[],"score":172,"play_id":"f62ba849-f224-4440-abd9-fae67b868502","local_time":"20190928142119","is_ascension_mode":true,"campfire_choices":[{"data":"Streamline","floor":6,"key":"SMITH"},{"data":"Genetic Algorithm","floor":10,"key":"SMITH"},{"floor":15,"key":"REST"}],"neow_cost":"NO_GOLD","seed_source_timestamp":202778912579300,"circlet_count":0,"master_deck":["AscendersBane","Strike_B","Strike_B","Defend_B+1","Defend_B+1","Defend_B","Defend_B","Zap","Dualcast","Beam Cell","Streamline+1","Skim","Coolheaded","Genetic Algorithm+1","Defragment","Capacitor"],"relics":["Cracked Core","Gambling Chip","Omamori","Orichalcum","War Paint"],"potions_floor_usage":[16],"damage_taken":[{"damage":1,"enemies":"2 Louse","floor":1,"turns":2},{"damage":1,"enemies":"Cultist","floor":4,"turns":3},{"damage":2,"enemies":"Jaw Worm","floor":5,"turns":3},{"damage":30,"enemies":"Gremlin Nob","floor":7,"turns":4},{"damage":5,"enemies":"Blue Slaver","floor":12,"turns":3},{"damage":70,"enemies":"Slime Boss","floor":16,"turns":7}],"seed_played":"-6019165701617152439","potions_obtained":[{"floor":4,"key":"Regen Potion"},{"floor":12,"key":"SmokeBomb"}],"is_trial":false,"path_per_floor":["M","?","?","M","M","R","E","T","T","R","?","M","?","$","R","B"],"character_chosen":"DEFECT","items_purchased":["Capacitor"],"campfire_rested":1,"item_purchase_floors":[14],"current_hp_per_floor":[63,63,63,62,60,60,30,30,30,30,30,25,25,25,46,0],"gold":123,"neow_bonus":"ONE_RARE_RELIC","is_prod":false,"is_daily":false,"chose_seed":false,"campfire_upgraded":2,"win_rate":0,"timestamp":1569694879,"path_taken":["M","?","?","?","M","R","E","?","T","R","?","M","?","$","R","BOSS"],"build_version":"2019-07-17","purchased_purges":0,"victory":false,"max_hp_per_floor":[71,71,71,71,71,71,71,71,71,71,71,71,71,71,71,71],"card_choices":[{"not_picked":["Hologram","Steam"],"picked":"Beam Cell","floor":1},{"not_picked":["Rebound","Compile Driver"],"picked":"Skim","floor":4},{"not_picked":["Consume","Turbo"],"picked":"Coolheaded","floor":5},{"not_picked":["Redo","Fusion"],"picked":"Genetic Algorithm","floor":7},{"not_picked":["FTL","Chaos"],"picked":"Defragment","floor":12}],"player_experience":1022459,"relics_obtained":[{"floor":7,"key":"Omamori"},{"floor":8,"key":"Orichalcum"},{"floor":9,"key":"War Paint"}],"event_choices":[{"damage_healed":0,"gold_gain":0,"cards_transformed":["Strike_B"],"player_choice":"Change","damage_taken":0,"max_hp_gain":0,"max_hp_loss":0,"event_name":"Living Wall","floor":2,"gold_loss":0,"cards_obtained":["Streamline"]},{"cards_removed":["Strike_B"],"damage_healed":0,"gold_gain":0,"player_choice":"Offered Basic","damage_taken":0,"max_hp_gain":0,"max_hp_loss":0,"event_name":"Bonfire Elementals","floor":3,"gold_loss":0},{"damage_healed":0,"gold_gain":0,"player_choice":"Ignored","damage_taken":0,"max_hp_gain":0,"max_hp_loss":0,"event_name":"Shining Light","floor":11,"gold_loss":0},{"damage_healed":0,"gold_gain":0,"player_choice":"Left Gold","damage_taken":0,"max_hp_gain":0,"max_hp_loss":0,"event_name":"World of Goop","floor":13,"gold_loss":37}],"is_beta":false,"boss_relics":[],"items_purged_floors":[],"is_endless":false,"potions_floor_spawned":[4,12],"killed_by":"Slime Boss","ascension_level":15}