{"gold_per_floor":[115,265,265,190,21,21,42,103,184,17,33,71,89,110,110,203,203,223,223,223,246,271,271,271],"floor_reached":24,"playtime":942,"items_purged":["Injury"],"score":343,"play_id":"d4101340-76cc-4870-9cdd-c4d533948515","local_time":"20191020182201","is_ascension_mode":true,"campfire_choices":[{"data":"Reinforced Body","floor":6,"key":"SMITH"},{"floor":15,"key":"REST"},{"floor":23,"key":"REST"}],"neow_cost":"NONE","seed_source_timestamp":1810742496562100,"circlet_count":0,"master_deck":["AscendersBane","Strike_B","Strike_B","Strike_B","Defend_B","Defend_B","Defend_B","Defend_B","Zap","Dualcast","Reinforced Body+1","Capacitor","Panacea","White Noise","Gash","Conserve Battery+1","Loop","Coolheaded+1","Gash","Defragment","Conserve Battery+1","Echo Form","Aggregate+1","Blizzard"],"relics":["Cracked Core","Potion Belt","Golden Idol","Happy Flower","Toxic Egg 2","Pen Nib","Busted Crown","Enchiridion"],"potions_floor_usage":[11,14,16,24],"damage_taken":[{"damage":2,"enemies":"Jaw Worm","floor":1,"turns":3},{"damage":4,"enemies":"2 Louse","floor":7,"turns":3},{"damage":42,"enemies":"Gremlin Nob","floor":8,"turns":6},{"damage":0,"enemies":"Small Slimes","floor":11,"turns":3},{"damage":3,"enemies":"Lagavulin","floor":12,"turns":9},{"damage":0,"enemies":"2 Fungi Beasts","floor":13,"turns":5},{"damage":8,"enemies":"Blue Slaver","floor":14,"turns":3},{"damage":24,"enemies":"Hexaghost","floor":16,"turns":13},{"damage":10,"enemies":"Chosen","floor":18,"turns":7},{"damage":20,"enemies":"Spheric Guardian","floor":21,"turns":5},{"damage":2,"enemies":"Snecko","floor":22,"turns":6},{"damage":29,"enemies":"Snake Plant","floor":24,"turns":3}],"seed_played":"-4155156411509385766","potions_obtained":[{"floor":7,"key":"Explosive Potion"},{"floor":12,"key":"PowerPotion"},{"floor":13,"key":"FearPotion"},{"floor":14,"key":"SkillPotion"},{"floor":18,"key":"FearPotion"},{"floor":22,"key":"GamblersBrew"}],"is_trial":false,"path_per_floor":["M","?","?","?","$","R","M","?","T","$","M","E","M","M","R","B",null,"M","?","?","M","M","R","M"],"character_chosen":"DEFECT","items_purchased":["Capacitor","Panacea","Conserve Battery+1","Loop"],"campfire_rested":2,"item_purchase_floors":[5,5,10,10],"current_hp_per_floor":[62,62,62,62,62,62,58,16,16,16,16,13,13,5,26,2,54,44,23,23,3,1,22,0],"gold":271,"neow_bonus":"RANDOM_COMMON_RELIC","is_prod":false,"is_daily":false,"chose_seed":false,"campfire_upgraded":1,"win_rate":0,"timestamp":1571610121,"path_taken":["M","?","?","?","$","R","M","?","T","$","M","E","M","M","R","BOSS","M","?","?","?","M","R","M"],"build_version":"2019-07-17","purchased_purges":1,"victory":false,"max_hp_per_floor":[71,71,71,71,71,71,71,71,71,71,71,71,71,71,71,71,71,71,71,71,71,71,71,71],"card_choices":[{"not_picked":["Stack","Turbo"],"picked":"Reinforced Body","floor":1},{"not_picked":["Undo","Double Energy"],"picked":"White Noise","floor":7},{"not_picked":["Go for the Eyes","Hello World"],"picked":"Gash","floor":8},{"not_picked":["Turbo+1","Go for the Eyes"],"picked":"Coolheaded+1","floor":11},{"not_picked":["Aggregate+1","Double Energy+1"],"picked":"Gash","floor":12},{"not_picked":["Go for the Eyes","Darkness+1"],"picked":"Defragment","floor":13},{"not_picked":["Leap+1","Cold Snap"],"picked":"Conserve Battery+1","floor":14},{"not_picked":["Fission+1","Multi-Cast+1"],"picked":"Echo Form","floor":16},{"not_picked":["Reprogram+1"],"picked":"SKIP","floor":18},{"not_picked":[],"picked":"Aggregate+1","floor":21},{"not_picked":[],"picked":"Blizzard","floor":22}],"player_experience":1036263,"relics_obtained":[{"floor":8,"key":"Happy Flower"},{"floor":9,"key":"Toxic Egg 2"},{"floor":12,"key":"Pen Nib"},{"floor":19,"key":"Enchiridion"}],"event_choices":[{"damage_healed":0,"gold_gain":150,"player_choice":"AGREE","damage_taken":0,"max_hp_gain":0,"max_hp_loss":0,"event_name":"Liars Game","floor":2,"gold_loss":0,"cards_obtained":["Doubt"]},{"damage_healed":0,"gold_gain":0,"player_choice":"Take Wound","damage_taken":0,"relics_obtained":["Golden Idol"],"max_hp_gain":0,"max_hp_loss":0,"event_name":"Golden Idol","floor":3,"gold_loss":0,"cards_obtained":["Injury"]},{"cards_removed":["Doubt"],"damage_healed":0,"gold_gain":0,"player_choice":"Card Removal","damage_taken":0,"max_hp_gain":0,"max_hp_loss":0,"event_name":"The Cleric","floor":4,"gold_loss":75},{"damage_healed":0,"gold_gain":30,"player_choice":"Searched \u00272\u0027 times","damage_taken":0,"max_hp_gain":0,"max_hp_loss":0,"event_name":"Dead Adventurer","floor":8,"gold_loss":0},{"damage_healed":0,"gold_gain":0,"player_choice":"Obtained Book","damage_taken":21,"max_hp_gain":0,"max_hp_loss":0,"event_name":"Cursed Tome","floor":19,"gold_loss":0},{"cards_removed":["Strike_B"],"damage_healed":0,"gold_gain":0,"player_choice":"Offered Basic","damage_taken":0,"max_hp_gain":0,"max_hp_loss":0,"event_name":"Bonfire Elementals","floor":20,"gold_loss":0}],"is_beta":false,"boss_relics":[{"not_picked":["Eternal Feather","Runic Pyramid"],"picked":"Busted Crown"}],"items_purged_floors":[10],"is_endless":false,"potions_floor_spawned":[7,12,13,14,18,22],"killed_by":"Snake Plant","ascension_level":15}