{"gold_per_floor":[17,33,51,69,69,69,88,88,139,139,155,188,188,220,220,220],"floor_reached":16,"playtime":764,"items_purged":[],"score":196,"play_id":"42367b50-977e-4c5d-b0f3-36affe639bb8","local_time":"20191017192312","is_ascension_mode":true,"campfire_choices":[{"data":"Sunder","floor":6,"key":"SMITH"},{"floor":10,"key":"REST"},{"floor":13,"key":"REST"},{"data":"Defragment","floor":15,"key":"SMITH"}],"neow_cost":"NO_GOLD","seed_source_timestamp":1555377112139000,"circlet_count":0,"master_deck":["AscendersBane","Strike_B","Defend_B","Defend_B","Defend_B","Defend_B","Zap","Dualcast","Sunder+1","Ball Lightning","Reinforced Body","Hello World","Biased Cognition","Redo","Recycle","White Noise","Fission","Self Repair","Defragment+1"],"relics":["Cracked Core","Dream Catcher","Shuriken","Boot"],"potions_floor_usage":[4,7,16],"damage_taken":[{"damage":1,"enemies":"Cultist","floor":1,"turns":3},{"damage":8,"enemies":"Jaw Worm","floor":2,"turns":4},{"damage":2,"enemies":"2 Louse","floor":3,"turns":2},{"damage":22,"enemies":"Gremlin Gang","floor":4,"turns":3},{"damage":0,"enemies":"Looter","floor":7,"turns":2},{"damage":11,"enemies":"Lots of Slimes","floor":11,"turns":3},{"damage":10,"enemies":"Lagavulin","floor":12,"turns":6},{"damage":41,"enemies":"3 Sentries","floor":14,"turns":6},{"damage":36,"enemies":"Hexaghost","floor":16,"turns":9}],"seed_played":"6908938952382027077","potions_obtained":[{"floor":1,"key":"AttackPotion"},{"floor":2,"key":"Poison Potion"},{"floor":12,"key":"Regen Potion"},{"floor":14,"key":"FearPotion"}],"is_trial":false,"path_per_floor":["M","M","M","M","?","R","M","?","T","R","M","E","R","E","R","B"],"character_chosen":"DEFECT","items_purchased":[],"campfire_rested":2,"item_purchase_floors":[],"current_hp_per_floor":[63,55,53,31,31,31,31,31,31,52,41,31,52,18,18,0],"gold":220,"neow_bonus":"REMOVE_TWO","is_prod":false,"is_daily":false,"chose_seed":false,"campfire_upgraded":2,"win_rate":0,"timestamp":1571354592,"path_taken":["M","M","?","M","?","R","?","?","T","R","M","E","R","E","R","BOSS"],"build_version":"2019-07-17","purchased_purges":0,"victory":false,"max_hp_per_floor":[71,71,71,71,71,71,71,71,71,71,71,71,71,71,71,71],"card_choices":[{"not_picked":["Go for the Eyes","Heatsinks"],"picked":"Sunder","floor":1},{"not_picked":["Stack","Gash"],"picked":"Ball Lightning","floor":2},{"not_picked":["Compile Driver","Turbo"],"picked":"Reinforced Body","floor":3},{"not_picked":["Melter","Steam Power"],"picked":"Hello World","floor":4},{"not_picked":["Rebound","Steam Power"],"picked":"Redo","floor":7},{"not_picked":["Static Discharge","Heatsinks"],"picked":"White Noise","floor":10},{"not_picked":["Redo","Leap","Hologram"],"picked":"SKIP","floor":11},{"not_picked":["Barrage","Rip and Tear"],"picked":"Fission","floor":12},{"not_picked":["Ball Lightning","Sunder"],"picked":"Self Repair","floor":13},{"not_picked":["Barrage","Coolheaded"],"picked":"Defragment","floor":14}],"player_experience":1035499,"relics_obtained":[{"floor":9,"key":"Dream Catcher"},{"floor":12,"key":"Shuriken"},{"floor":14,"key":"Boot"}],"event_choices":[{"damage_healed":0,"gold_gain":0,"player_choice":"1 cards matched","damage_taken":0,"max_hp_gain":0,"max_hp_loss":0,"event_name":"Match and Keep!","floor":5,"gold_loss":0,"cards_obtained":["Biased Cognition"]},{"damage_healed":0,"gold_gain":0,"cards_transformed":["Strike_B"],"player_choice":"Change","damage_taken":0,"max_hp_gain":0,"max_hp_loss":0,"event_name":"Living Wall","floor":8,"gold_loss":0,"cards_obtained":["Recycle"]}],"is_beta":false,"boss_relics":[],"items_purged_floors":[],"is_endless":false,"potions_floor_spawned":[1,2,12,14],"killed_by":"Hexaghost","ascension_level":15}