{"gold_per_floor":[109,109,124,124,124,124,150,162,174,211,223,255,267,307,319,404,416,444,475,537,549,561,573,616,628],"floor_reached":25,"playtime":933,"items_purged":[],"score":455,"play_id":"0a4cd6a2-dbb4-42be-98be-1863a4b98f3c","local_time":"20191122100840","is_ascension_mode":true,"campfire_choices":[{"data":"Dualcast","floor":6,"key":"SMITH"},{"floor":8,"key":"REST"},{"floor":13,"key":"REST"},{"floor":15,"key":"REST"},{"floor":23,"key":"REST"}],"neow_cost":"NONE","seed_source_timestamp":753566732367800,"circlet_count":0,"master_deck":["AscendersBane","Strike_B","Defend_B","Defend_B","Defend_B","Defend_B+1","Zap+1","Dualcast+1","Gash","Cold Snap","Echo Form","Electrodynamics","Capacitor","Beam Cell","Coolheaded","Amplify","Coolheaded","Redo","Necronomicurse","Coolheaded","Stack"],"relics":["Cracked Core","NeowsBlessing","Juzu Bracelet","MawBank","Mercury Hourglass","Symbiotic Virus","DataDisk","Black Star","Necronomicon","Du-Vu Doll","Anchor"],"potions_floor_usage":[24],"damage_taken":[{"damage":0,"enemies":"Small Slimes","floor":1,"turns":1},{"damage":0,"enemies":"Jaw Worm","floor":3,"turns":1},{"damage":0,"enemies":"Gremlin Nob","floor":7,"turns":1},{"damage":16,"enemies":"3 Sentries","floor":10,"turns":6},{"damage":0,"enemies":"Cultist","floor":12,"turns":3},{"damage":32,"enemies":"Lagavulin","floor":14,"turns":5},{"damage":21,"enemies":"Hexaghost","floor":16,"turns":8},{"damage":14,"enemies":"Chosen","floor":18,"turns":5},{"damage":14,"enemies":"2 Thieves","floor":19,"turns":4},{"damage":31,"enemies":"Gremlin Leader","floor":24,"turns":8},{"damage":1,"enemies":"Snecko","floor":25,"turns":3}],"seed_played":"-603081983574370900","potions_obtained":[{"floor":10,"key":"SteroidPotion"},{"floor":12,"key":"Fire Potion"},{"floor":16,"key":"AttackPotion"},{"floor":24,"key":"Fire Potion"}],"is_trial":false,"path_per_floor":["M","?","M","?","?","R","E","R","T","E","?","M","R","E","R","B",null,"M","M","?","?","?","R","E","M"],"character_chosen":"DEFECT","items_purchased":[],"campfire_rested":4,"item_purchase_floors":[],"current_hp_per_floor":[64,59,59,52,31,31,31,52,52,36,36,36,57,25,46,25,60,46,32,32,11,11,32,1,0],"gold":628,"neow_bonus":"THREE_ENEMY_KILL","is_prod":false,"is_daily":false,"chose_seed":false,"campfire_upgraded":1,"win_rate":0,"timestamp":1574435320,"path_taken":["M","?","M","?","?","R","E","R","T","E","?","M","R","E","R","BOSS","M","M","?","?","?","R","E","M"],"build_version":"2019-07-17","purchased_purges":0,"victory":false,"max_hp_per_floor":[71,71,71,71,71,71,71,71,71,71,71,71,71,71,71,71,71,71,71,71,71,71,71,71,71],"card_choices":[{"not_picked":["Go for the Eyes","Sweeping Beam"],"picked":"Gash","floor":1},{"not_picked":["Coolheaded","Conserve Battery"],"picked":"Cold Snap","floor":3},{"not_picked":["Beam Cell","Ball Lightning"],"picked":"Echo Form","floor":7},{"not_picked":["Beam Cell","Redo"],"picked":"Electrodynamics","floor":10},{"not_picked":["Go for the Eyes","Stack"],"picked":"Beam Cell","floor":12},{"not_picked":["Aggregate","Glacier"],"picked":"Coolheaded","floor":14},{"not_picked":["Biased Cognition","Multi-Cast"],"picked":"Amplify","floor":16},{"not_picked":["Beam Cell","Steam"],"picked":"Coolheaded","floor":18},{"not_picked":["Rebound","Scrape"],"picked":"Redo","floor":19},{"not_picked":["Coolheaded","Turbo"],"picked":"Stack","floor":24}],"player_experience":1040359,"relics_obtained":[{"floor":7,"key":"MawBank"},{"floor":9,"key":"Mercury Hourglass"},{"floor":10,"key":"Symbiotic Virus"},{"floor":14,"key":"DataDisk"},{"floor":21,"key":"Necronomicon"},{"floor":24,"key":"Du-Vu Doll"},{"floor":24,"key":"Anchor"}],"event_choices":[{"damage_healed":0,"gold_gain":0,"player_choice":"Success","damage_taken":5,"relics_obtained":["Juzu Bracelet"],"max_hp_gain":0,"max_hp_loss":0,"event_name":"Scrap Ooze","floor":2,"gold_loss":0},{"cards_removed":["Strike_B"],"damage_healed":0,"gold_gain":0,"player_choice":"Card Removal","damage_taken":7,"max_hp_gain":0,"max_hp_loss":0,"event_name":"Golden Wing","floor":4,"gold_loss":0},{"damage_healed":0,"gold_gain":0,"player_choice":"Entered Light","damage_taken":21,"max_hp_gain":0,"max_hp_loss":0,"event_name":"Shining Light","floor":5,"gold_loss":0,"cards_upgraded":["Zap","Defend_B"]},{"damage_healed":0,"gold_gain":0,"cards_transformed":["Strike_B"],"player_choice":"Transformed","damage_taken":0,"max_hp_gain":0,"max_hp_loss":0,"event_name":"Transmorgrifier","floor":11,"gold_loss":0,"cards_obtained":["Capacitor"]},{"damage_healed":0,"gold_gain":50,"player_choice":"Stole From Cult","damage_taken":0,"max_hp_gain":0,"max_hp_loss":0,"event_name":"Nest","floor":20,"gold_loss":0},{"damage_healed":0,"gold_gain":0,"player_choice":"Obtained Book","damage_taken":21,"max_hp_gain":0,"max_hp_loss":0,"event_name":"Cursed Tome","floor":21,"gold_loss":0},{"damage_healed":0,"gold_gain":0,"cards_transformed":["Strike_B"],"player_choice":"Transformed","damage_taken":0,"max_hp_gain":0,"max_hp_loss":0,"event_name":"Transmorgrifier","floor":22,"gold_loss":0,"cards_obtained":["Coolheaded"]}],"is_beta":false,"boss_relics":[{"not_picked":["Nuclear Battery","Empty Cage"],"picked":"Black Star"}],"items_purged_floors":[],"is_endless":false,"potions_floor_spawned":[10,12,16,24],"killed_by":"Snecko","ascension_level":15}