{"gold_per_floor":[111,111,111,123,27,27,55,68,68,88,88,102,64,81,81,158,158,168,218,143],"floor_reached":20,"playtime":643,"items_purged":[],"score":305,"play_id":"66bf67a9-ebe2-473d-927a-a3f8e1afcbc9","local_time":"20200112180114","is_ascension_mode":true,"campfire_choices":[{"floor":11,"key":"REST"},{"floor":15,"key":"REST"}],"neow_cost":"NONE","seed_source_timestamp":102756099100100,"circlet_count":0,"master_deck":["AscendersBane","Strike_B","Strike_B","Strike_B","Strike_B","Defend_B","Defend_B","Defend_B","Zap","Dualcast","Undo","Sweeping Beam","Gash","Conserve Battery","Pain","Gash","Aggregate","Ball Lightning","Streamline","Defragment","Machine Learning","Fusion"],"relics":["Cracked Core","Lantern","WarpedTongs","Darkstone Periapt","Ginger","Fusion Hammer"],"potions_floor_usage":[16,20],"damage_taken":[{"damage":0,"enemies":"2 Louse","floor":1,"turns":2},{"damage":2,"enemies":"Jaw Worm","floor":4,"turns":3},{"damage":26,"enemies":"3 Sentries","floor":7,"turns":7},{"damage":5,"enemies":"Cultist","floor":8,"turns":3},{"damage":13,"enemies":"Large Slime","floor":10,"turns":4},{"damage":7,"enemies":"Exordium Wildlife","floor":12,"turns":3},{"damage":3,"enemies":"2 Fungi Beasts","floor":14,"turns":3},{"damage":39,"enemies":"Hexaghost","floor":16,"turns":9},{"damage":24,"enemies":"Shell Parasite","floor":18,"turns":6},{"damage":46,"enemies":"2 Thieves","floor":20,"turns":3}],"seed_played":"4439630984347983370","potions_obtained":[{"floor":1,"key":"Regen Potion"},{"floor":4,"key":"FocusPotion"},{"floor":16,"key":"SpeedPotion"}],"is_trial":false,"path_per_floor":["M","?","?","M","$","?","E","M","T","M","R","M","?","M","R","B",null,"M","?","M"],"character_chosen":"DEFECT","items_purchased":["Gash","Conserve Battery"],"campfire_rested":2,"item_purchase_floors":[5,5],"current_hp_per_floor":[64,57,62,60,60,60,34,29,29,16,38,31,31,28,50,26,64,40,40,0],"gold":143,"neow_bonus":"RANDOM_COMMON_RELIC","is_prod":false,"is_daily":false,"chose_seed":false,"campfire_upgraded":0,"win_rate":0,"timestamp":1578870074,"path_taken":["M","?","?","M","$","?","E","M","T","?","R","M","?","M","R","BOSS","M","?","M"],"build_version":"2019-07-17","purchased_purges":0,"victory":false,"max_hp_per_floor":[71,71,76,76,76,76,76,76,76,76,76,76,76,76,76,76,76,76,76,76],"card_choices":[{"not_picked":["Aggregate","Beam Cell"],"picked":"Undo","floor":1},{"not_picked":["Leap","Cold Snap"],"picked":"Sweeping Beam","floor":4},{"not_picked":["Turbo","Barrage"],"picked":"Gash","floor":7},{"not_picked":["Leap","Storm"],"picked":"Aggregate","floor":8},{"not_picked":["Sweeping Beam","Rebound"],"picked":"Ball Lightning","floor":10},{"not_picked":["Conserve Battery","Coolheaded"],"picked":"Streamline","floor":12},{"not_picked":["Double Energy","Skim"],"picked":"Defragment","floor":14},{"not_picked":["Multi-Cast","Seek"],"picked":"Machine Learning","floor":16},{"not_picked":["Scrape","Doom and Gloom"],"picked":"Fusion","floor":18}],"player_experience":1044472,"relics_obtained":[{"floor":7,"key":"Darkstone Periapt"},{"floor":9,"key":"Ginger"}],"event_choices":[{"cards_removed":["Defend_B"],"damage_healed":0,"gold_gain":0,"player_choice":"Card Removal","damage_taken":7,"max_hp_gain":0,"max_hp_loss":0,"event_name":"Golden Wing","floor":2,"gold_loss":0},{"damage_healed":0,"gold_gain":0,"player_choice":"Donut","damage_taken":0,"max_hp_gain":5,"max_hp_loss":0,"event_name":"Big Fish","floor":3,"gold_loss":0},{"damage_healed":0,"gold_gain":0,"player_choice":"Rummage","damage_taken":0,"relics_obtained":["WarpedTongs"],"max_hp_gain":0,"max_hp_loss":0,"event_name":"Accursed Blacksmith","floor":6,"gold_loss":0,"cards_obtained":["Pain"]},{"damage_healed":0,"gold_gain":0,"player_choice":"Left Gold","damage_taken":0,"max_hp_gain":0,"max_hp_loss":0,"event_name":"World of Goop","floor":13,"gold_loss":38},{"damage_healed":0,"gold_gain":50,"player_choice":"Stole From Cult","damage_taken":0,"max_hp_gain":0,"max_hp_loss":0,"event_name":"Nest","floor":19,"gold_loss":0}],"is_beta":false,"boss_relics":[{"not_picked":["Tiny House","Eternal Feather"],"picked":"Fusion Hammer"}],"items_purged_floors":[],"is_endless":false,"potions_floor_spawned":[1,4,10,16],"killed_by":"2 Thieves","ascension_level":15}