{"gold_per_floor":[119,119,132,144,157,157,6,34,88,88,107,125,159,159,159,236,236,247,261,261,261,261],"floor_reached":22,"playtime":2464,"items_purged":[],"score":343,"play_id":"5a965d27-282c-48f5-8ace-5a135c3e645b","local_time":"20200910000723","is_ascension_mode":true,"campfire_choices":[{"data":"Defragment","floor":6,"key":"SMITH"},{"floor":10,"key":"REST"},{"data":"Defragment","floor":15,"key":"SMITH"}],"neow_cost":"NONE","seed_source_timestamp":462508029166600,"circlet_count":0,"master_deck":["AscendersBane","Strike_B","Strike_B+1","Strike_B+1","Defend_B","Defend_B","Defend_B","Zap","Dualcast","Rebound","Doubt","Self Repair","FTL","Gash","Defragment+1","All For One","Defragment+1","Gash","Steam","Leap","Beam Cell","Echo Form","Turbo","Rebound","Thunder Strike"],"relics":["Cracked Core","NeowsBlessing","Ornamental Fan","Whetstone","Oddly Smooth Stone","Fusion Hammer"],"potions_floor_usage":[12,13,16,19],"damage_taken":[{"damage":0,"enemies":"2 Louse","floor":1,"turns":1},{"damage":0,"enemies":"Cultist","floor":3,"turns":1},{"damage":0,"enemies":"Jaw Worm","floor":4,"turns":1},{"damage":17,"enemies":"2 Fungi Beasts","floor":5,"turns":3},{"damage":41,"enemies":"Gremlin Nob","floor":8,"turns":5},{"damage":9,"enemies":"Blue Slaver","floor":11,"turns":3},{"damage":6,"enemies":"3 Louse","floor":12,"turns":3},{"damage":15,"enemies":"Lagavulin","floor":13,"turns":6},{"damage":29,"enemies":"The Guardian","floor":16,"turns":8},{"damage":13,"enemies":"2 Thieves","floor":18,"turns":4},{"damage":29,"enemies":"3 Byrds","floor":19,"turns":4},{"damage":28,"enemies":"3 Cultists","floor":22,"turns":3}],"seed_played":"7136248343083107520","potions_obtained":[{"floor":3,"key":"DistilledChaos"},{"floor":5,"key":"Regen Potion"},{"floor":12,"key":"ColorlessPotion"},{"floor":13,"key":"Explosive Potion"},{"floor":19,"key":"Energy Potion"}],"is_trial":false,"path_per_floor":["M","?","M","M","M","R","$","E","T","R","M","M","E","?","R","B",null,"M","M","?","?","M"],"character_chosen":"DEFECT","items_purchased":["All For One","Defragment"],"campfire_rested":1,"item_purchase_floors":[7,7],"current_hp_per_floor":[64,64,71,71,61,61,61,20,20,41,32,35,20,43,43,21,59,46,24,24,24,0],"gold":261,"neow_bonus":"THREE_ENEMY_KILL","is_prod":false,"is_daily":false,"chose_seed":false,"campfire_upgraded":2,"win_rate":0,"timestamp":1599710843,"path_taken":["M","?","M","?","M","R","?","E","T","R","M","?","E","?","R","BOSS","M","M","?","?","M"],"build_version":"2020-07-30","purchased_purges":0,"victory":false,"max_hp_per_floor":[71,71,71,71,71,71,71,71,71,71,71,71,71,71,71,71,71,71,71,71,71,71],"card_choices":[{"not_picked":["Compile Driver","Barrage"],"picked":"Rebound","floor":1},{"not_picked":["Sweeping Beam","Turbo"],"picked":"FTL","floor":3},{"not_picked":["Redo","FTL"],"picked":"Gash","floor":4},{"not_picked":["Self Repair","Leap"],"picked":"Defragment","floor":5},{"not_picked":["Beam Cell","Buffer"],"picked":"Gash","floor":8},{"not_picked":["Compile Driver","Consume"],"picked":"Steam","floor":11},{"not_picked":["Loop","Streamline"],"picked":"Leap","floor":12},{"not_picked":["Steam","Auto Shields"],"picked":"Beam Cell","floor":13},{"not_picked":["Thunder Strike","Amplify"],"picked":"Echo Form","floor":16},{"not_picked":["Rebound","Beam Cell+1"],"picked":"Turbo","floor":18},{"not_picked":["Genetic Algorithm","Recycle","Force Field"],"picked":"SKIP","floor":19}],"player_experience":1136238,"relics_obtained":[{"floor":8,"key":"Ornamental Fan"},{"floor":9,"key":"Whetstone"},{"floor":13,"key":"Oddly Smooth Stone"}],"event_choices":[{"damage_healed":0,"gold_gain":0,"player_choice":"2 cards matched","damage_taken":0,"max_hp_gain":0,"max_hp_loss":0,"event_name":"Match and Keep!","floor":2,"gold_loss":0,"cards_obtained":["Doubt","Self Repair"]},{"damage_healed":23,"gold_gain":0,"player_choice":"Banana","damage_taken":0,"max_hp_gain":0,"max_hp_loss":0,"event_name":"Big Fish","floor":14,"gold_loss":0},{"damage_healed":0,"gold_gain":0,"cards_transformed":["Strike_B","Defend_B"],"player_choice":"Became Test Subject","damage_taken":0,"max_hp_gain":0,"max_hp_loss":0,"event_name":"Drug Dealer","floor":20,"gold_loss":0,"cards_obtained":["Rebound","Thunder Strike"]},{"damage_healed":0,"gold_gain":0,"player_choice":"Ignored","damage_taken":0,"max_hp_gain":0,"max_hp_loss":0,"event_name":"The Mausoleum","floor":21,"gold_loss":0}],"is_beta":false,"boss_relics":[{"not_picked":["Philosopher\u0027s Stone","SlaversCollar"],"picked":"Fusion Hammer"}],"items_purged_floors":[],"is_endless":false,"potions_floor_spawned":[3,5,11,12,13,19],"killed_by":"3 Cultists","ascension_level":15}