{"gold_per_floor":[115,139,414,426,56,56,74,74,74,105,105,130,130,156,156,235,235,252,252,61,79,79,79,108,108,108,127,152,207,221,221,221,221],"floor_reached":33,"playtime":1541,"items_purged":["Regret"],"score":622,"play_id":"72b7c26d-369d-44ae-a4cd-7bd625da6aca","local_time":"20201007133312","is_ascension_mode":true,"campfire_choices":[{"data":"Genetic Algorithm","floor":6,"key":"SMITH"},{"data":"Redo","floor":11,"key":"SMITH"},{"data":"Zap","floor":13,"key":"SMITH"},{"data":"Dualcast","floor":15,"key":"SMITH"},{"data":"Immolate","floor":23,"key":"SMITH"},{"floor":25,"key":"REST"},{"floor":32,"key":"REST"}],"neow_cost":"PERCENT_DAMAGE","seed_source_timestamp":138452847100,"circlet_count":0,"master_deck":["AscendersBane","Strike_B","Strike_B","Strike_B","Strike_B","Defend_B","Defend_B","Defend_B","Defend_B","Zap+1","Dualcast+1","Genetic Algorithm+1","Redo+1","Sanctity","Prostrate","Backstab","Immolate+1","Fusion","PiercingWail","FTL","Body Slam+1","Armaments"],"relics":["Cracked Core","Tiny Chest","PrismaticShard","PreservedInsect","HornCleat","DataDisk","Oddly Smooth Stone","Omamori","Cursed Key","Toolbox","Dead Branch","Pear","Potion Belt","InkBottle"],"potions_floor_usage":[24,24,33],"damage_taken":[{"damage":0,"enemies":"Cultist","floor":1,"turns":3},{"damage":3,"enemies":"Small Slimes","floor":4,"turns":4},{"damage":7,"enemies":"Jaw Worm","floor":7,"turns":3},{"damage":21,"enemies":"Lagavulin","floor":10,"turns":6},{"damage":0,"enemies":"Gremlin Nob","floor":14,"turns":3},{"damage":22,"enemies":"The Guardian","floor":16,"turns":12},{"damage":20,"enemies":"3 Byrds","floor":18,"turns":4},{"damage":0,"enemies":"Shell Parasite","floor":21,"turns":4},{"damage":28,"enemies":"Book of Stabbing","floor":24,"turns":5},{"damage":13,"enemies":"Centurion and Healer","floor":27,"turns":6},{"damage":0,"enemies":"Slavers","floor":28,"turns":3},{"damage":12,"enemies":"Shelled Parasite and Fungi","floor":29,"turns":5},{"damage":20,"enemies":"Snake Plant","floor":30,"turns":4},{"damage":77,"enemies":"Automaton","floor":33,"turns":12}],"seed_played":"777653229789698174","potions_obtained":[{"floor":4,"key":"SkillPotion"},{"floor":7,"key":"GamblersBrew"},{"floor":24,"key":"EssenceOfSteel"},{"floor":27,"key":"Explosive Potion"}],"is_trial":false,"path_per_floor":["M","T","?","M","$","R","M","?","T","E","R","T","R","E","R","B",null,"M","?","$","M","$","R","E","R","T","M","E","M","M","T","R","B"],"character_chosen":"DEFECT","items_purchased":["PrismaticShard","PreservedInsect","Toolbox","Fusion"],"campfire_rested":2,"item_purchase_floors":[5,5,20,20],"current_hp_per_floor":[60,60,60,57,57,57,50,71,71,50,50,50,50,50,50,28,71,51,51,51,51,51,51,23,47,57,44,44,32,12,12,39,0],"gold":221,"neow_bonus":"TWENTY_PERCENT_HP_BONUS","is_prod":false,"is_daily":false,"chose_seed":false,"campfire_upgraded":5,"win_rate":0,"timestamp":1602091992,"path_taken":["M","?","?","M","$","R","?","?","T","E","R","?","R","E","R","BOSS","M","?","?","M","$","R","E","R","T","M","E","M","?","?","R","BOSS"],"build_version":"2020-07-30","purchased_purges":1,"victory":false,"max_hp_per_floor":[85,85,85,85,85,85,85,85,85,85,85,85,85,85,85,85,85,85,82,82,82,82,82,82,82,92,92,92,92,92,92,92,92],"card_choices":[{"not_picked":["Turbo","Hello World"],"picked":"Genetic Algorithm","floor":1},{"not_picked":["Consume","Rebound"],"picked":"Redo","floor":4},{"not_picked":["Perfected Strike","Headbutt"],"picked":"Sanctity","floor":7},{"not_picked":["Enlightenment","Iron Wave"],"picked":"Prostrate","floor":10},{"not_picked":["Genetic Algorithm","ReachHeaven"],"picked":"Backstab","floor":14},{"not_picked":["Exhume","Thunder Strike"],"picked":"Immolate","floor":16},{"not_picked":["Sucker Punch","Evaluate","SandsOfTime"],"picked":"SKIP","floor":18},{"not_picked":["Cleave","Crescendo","Deadly Poison"],"picked":"SKIP","floor":21},{"not_picked":["Impatience","Sword Boomerang"],"picked":"PiercingWail","floor":24},{"not_picked":["Acrobatics","Flex","Gash+1"],"picked":"SKIP","floor":27},{"not_picked":["Beam Cell","Compile Driver+1"],"picked":"FTL","floor":28},{"not_picked":["Hello World","SandsOfTime"],"picked":"Body Slam+1","floor":29},{"not_picked":["Coolheaded","Bullet Time"],"picked":"Armaments","floor":30}],"player_experience":1198241,"relics_obtained":[{"floor":2,"key":"Tiny Chest"},{"floor":9,"key":"HornCleat"},{"floor":10,"key":"DataDisk"},{"floor":12,"key":"Oddly Smooth Stone"},{"floor":14,"key":"Omamori"},{"floor":24,"key":"Dead Branch"},{"floor":26,"key":"Pear"},{"floor":28,"key":"Potion Belt"},{"floor":31,"key":"InkBottle"}],"event_choices":[{"damage_healed":0,"gold_gain":275,"player_choice":"Desecrate","damage_taken":0,"max_hp_gain":0,"max_hp_loss":0,"event_name":"Golden Shrine","floor":3,"gold_loss":0,"cards_obtained":["Regret"]},{"damage_healed":21,"gold_gain":0,"player_choice":"Healed and dodged fight","damage_taken":0,"max_hp_gain":0,"max_hp_loss":0,"event_name":"Mushrooms","floor":8,"gold_loss":0,"cards_obtained":["Parasite"]},{"cards_removed":["Parasite"],"damage_healed":0,"gold_gain":0,"player_choice":"Elegance","damage_taken":0,"max_hp_gain":0,"max_hp_loss":0,"event_name":"Back to Basics","floor":19,"gold_loss":0}],"is_beta":false,"boss_relics":[{"not_picked":["SacredBark","Runic Dome"],"picked":"Cursed Key"}],"items_purged_floors":[5],"is_endless":false,"potions_floor_spawned":[4,7,14,18,24,27],"killed_by":"Automaton","ascension_level":15}