{"gold_per_floor":[113,113,113,127,202,235,235,260,260,260,114,124,138,138,138,138],"floor_reached":16,"playtime":345,"items_purged":[],"score":189,"play_id":"5606b042-4ddd-41d2-ab47-ebee4a56638c","local_time":"20201007143016","is_ascension_mode":true,"campfire_choices":[{"floor":7,"key":"REST"},{"data":"Static Discharge","floor":10,"key":"SMITH"},{"floor":15,"key":"REST"}],"neow_cost":"TEN_PERCENT_HP_LOSS","seed_source_timestamp":4755845898400,"circlet_count":0,"master_deck":["AscendersBane","Strike_B","Strike_B","Defend_B","Defend_B","Defend_B","Zap","Dualcast","Rip and Tear","Static Discharge+1","Sweeping Beam","Multi-Cast","Cold Snap","Biased Cognition","Conserve Battery","Glacier","Creative AI","BootSequence","Injury"],"relics":["Cracked Core","Ornamental Fan","Sundial","Bottled Tornado","Golden Idol"],"potions_floor_usage":[13,16],"damage_taken":[{"damage":3,"enemies":"Small Slimes","floor":1,"turns":2},{"damage":6,"enemies":"Cultist","floor":4,"turns":3},{"damage":31,"enemies":"Gremlin Nob","floor":6,"turns":4},{"damage":11,"enemies":"3 Sentries","floor":8,"turns":6},{"damage":5,"enemies":"2 Louse","floor":12,"turns":3},{"damage":2,"enemies":"Exordium Thugs","floor":13,"turns":3},{"damage":38,"enemies":"The Guardian","floor":16,"turns":4}],"seed_played":"-8472786101110637515","potions_obtained":[{"floor":6,"key":"Energy Potion"},{"floor":12,"key":"Block Potion"}],"is_trial":false,"path_per_floor":["M","?","?","M","?","E","R","E","T","R","$","M","M","?","R","B"],"character_chosen":"DEFECT","items_purchased":["Glacier","Creative AI"],"campfire_rested":2,"item_purchase_floors":[11,11],"current_hp_per_floor":[61,61,64,58,47,16,35,24,24,24,24,19,17,17,36,0],"gold":138,"neow_bonus":"TRANSFORM_TWO_CARDS","is_prod":false,"is_daily":false,"chose_seed":false,"campfire_upgraded":1,"win_rate":0,"timestamp":1602095416,"path_taken":["M","?","?","?","?","E","R","E","T","R","?","M","M","?","R","BOSS"],"build_version":"2020-07-30","purchased_purges":0,"victory":false,"max_hp_per_floor":[64,64,64,64,64,64,64,64,64,64,64,64,64,64,64,64],"card_choices":[{"not_picked":["Redo","Turbo"],"picked":"Sweeping Beam","floor":1},{"not_picked":["Storm","Redo"],"picked":"Cold Snap","floor":4},{"not_picked":["Compile Driver","Heatsinks"],"picked":"Biased Cognition","floor":6},{"not_picked":["Hologram","Stack"],"picked":"Conserve Battery","floor":8},{"not_picked":["Rebound","Streamline"],"picked":"BootSequence","floor":12},{"not_picked":["Conserve Battery","Turbo","Leap"],"picked":"SKIP","floor":13}],"player_experience":1199782,"relics_obtained":[{"floor":6,"key":"Ornamental Fan"},{"floor":8,"key":"Sundial"},{"floor":9,"key":"Bottled Tornado"}],"event_choices":[{"damage_healed":0,"gold_gain":0,"cards_transformed":["Strike_B"],"player_choice":"Change","damage_taken":0,"max_hp_gain":0,"max_hp_loss":0,"event_name":"Living Wall","floor":2,"gold_loss":0,"cards_obtained":["Multi-Cast"]},{"damage_healed":3,"gold_gain":0,"player_choice":"Full Heal","damage_taken":0,"max_hp_gain":0,"max_hp_loss":0,"event_name":"Wheel of Change","floor":3,"gold_loss":0},{"damage_healed":0,"gold_gain":75,"player_choice":"Gather Gold","damage_taken":11,"max_hp_gain":0,"max_hp_loss":0,"event_name":"World of Goop","floor":5,"gold_loss":0},{"damage_healed":0,"gold_gain":0,"player_choice":"Take Wound","damage_taken":0,"relics_obtained":["Golden Idol"],"max_hp_gain":0,"max_hp_loss":0,"event_name":"Golden Idol","floor":14,"gold_loss":0,"cards_obtained":["Injury"]}],"is_beta":false,"boss_relics":[],"items_purged_floors":[],"is_endless":false,"potions_floor_spawned":[6,12],"killed_by":"The Guardian","ascension_level":15}