{"gold_per_floor":[112,112,112,132,146,146,177,177,177,177,210,210,245,265,265,343,343,343,343,162,162,162,162],"floor_reached":23,"playtime":556,"items_purged":["Zap+1"],"score":366,"play_id":"632309d6-ee24-4889-b7ad-86efd4ba3c35","local_time":"20201025181508","is_ascension_mode":true,"campfire_choices":[{"data":"Redo","floor":6,"key":"SMITH"},{"data":"Zap","floor":8,"key":"SMITH"},{"floor":12,"key":"REST"},{"data":"Redo","floor":15,"key":"SMITH"}],"neow_cost":"NONE","seed_source_timestamp":514576359373700,"circlet_count":0,"master_deck":["AscendersBane","Strike_B","Strike_B","Strike_B","Defend_B","Defend_B","Defend_B","Dualcast","Beam Cell","Leap","Redo+1","Sweeping Beam","Doom and Gloom","Redo+1","Core Surge","Decay"],"relics":["Cracked Core","NeowsBlessing","NlothsMask","Gremlin Horn","Symbiotic Virus","MealTicket","Ectoplasm","Membership Card"],"potions_floor_usage":[7,21,23],"damage_taken":[{"damage":0,"enemies":"Small Slimes","floor":1,"turns":1},{"damage":0,"enemies":"Jaw Worm","floor":4,"turns":1},{"damage":0,"enemies":"Cultist","floor":5,"turns":1},{"damage":31,"enemies":"Gremlin Nob","floor":7,"turns":4},{"damage":22,"enemies":"3 Sentries","floor":11,"turns":7},{"damage":9,"enemies":"Gremlin Nob","floor":13,"turns":3},{"damage":0,"enemies":"3 Louse","floor":14,"turns":2},{"damage":6,"enemies":"Hexaghost","floor":16,"turns":8},{"damage":16,"enemies":"Shell Parasite","floor":18,"turns":4},{"damage":2,"enemies":"Spheric Guardian","floor":19,"turns":3},{"damage":14,"enemies":"Snecko","floor":21,"turns":4},{"damage":44,"enemies":"Slavers","floor":23,"turns":3}],"seed_played":"-5818971010571497131","potions_obtained":[{"floor":1,"key":"DistilledChaos"},{"floor":5,"key":"Strength Potion"},{"floor":13,"key":"Swift Potion"},{"floor":19,"key":"Block Potion"}],"is_trial":false,"path_per_floor":["M","?","?","M","M","R","E","R","T","?","E","R","E","M","R","B",null,"M","M","$","M","?","E"],"character_chosen":"DEFECT","items_purchased":["Membership Card"],"campfire_rested":1,"item_purchase_floors":[20],"current_hp_per_floor":[64,57,57,57,57,57,26,26,26,26,4,25,16,16,16,10,56,40,38,53,39,39,0],"gold":162,"neow_bonus":"THREE_ENEMY_KILL","is_prod":false,"is_daily":false,"chose_seed":false,"campfire_upgraded":3,"win_rate":0,"timestamp":1603664108,"path_taken":["M","?","?","M","?","R","E","R","T","?","E","R","E","M","R","BOSS","M","?","$","M","?","E"],"build_version":"2020-07-30","purchased_purges":1,"victory":false,"max_hp_per_floor":[71,71,71,71,71,71,71,71,71,71,71,71,71,71,71,71,71,71,71,71,71,71,71],"card_choices":[{"not_picked":["Aggregate","Static Discharge"],"picked":"Beam Cell","floor":1},{"not_picked":["Reprogram","Recycle"],"picked":"Leap","floor":4},{"not_picked":["Go for the Eyes","Barrage"],"picked":"Redo","floor":5},{"not_picked":["Redo","Ball Lightning"],"picked":"Sweeping Beam","floor":7},{"not_picked":["Undo","Fusion"],"picked":"Doom and Gloom","floor":11},{"not_picked":["Machine Learning","Turbo","Hologram"],"picked":"SKIP","floor":13},{"not_picked":["Conserve Battery","Leap"],"picked":"Redo","floor":14},{"not_picked":["Fission","Buffer"],"picked":"Core Surge","floor":16},{"not_picked":["Beam Cell","Stack","Leap"],"picked":"SKIP","floor":18},{"not_picked":["Chill","Streamline","Stack"],"picked":"SKIP","floor":19},{"not_picked":["Gash","Consume","Genetic Algorithm"],"picked":"SKIP","floor":21}],"player_experience":1229859,"relics_obtained":[{"floor":7,"key":"Gremlin Horn"},{"floor":11,"key":"Symbiotic Virus"},{"floor":13,"key":"MealTicket"}],"event_choices":[{"cards_removed":["Strike_B"],"damage_healed":0,"gold_gain":0,"player_choice":"Card Removal","damage_taken":7,"max_hp_gain":0,"max_hp_loss":0,"event_name":"Golden Wing","floor":2,"gold_loss":0},{"damage_healed":0,"gold_gain":0,"player_choice":"Trade","damage_taken":0,"relics_obtained":["NlothsMask"],"max_hp_gain":0,"max_hp_loss":0,"event_name":"FaceTrader","floor":3,"gold_loss":0},{"cards_removed":["Defend_B"],"damage_healed":0,"gold_gain":0,"player_choice":"Purged","damage_taken":0,"max_hp_gain":0,"max_hp_loss":0,"event_name":"Purifier","floor":10,"gold_loss":0},{"damage_healed":0,"gold_gain":0,"player_choice":"Smashed Altar","damage_taken":0,"max_hp_gain":0,"max_hp_loss":0,"event_name":"Forgotten Altar","floor":22,"gold_loss":0,"cards_obtained":["Decay"]}],"is_beta":false,"boss_relics":[{"not_picked":["Velvet Choker","Snecko Eye"],"picked":"Ectoplasm"}],"items_purged_floors":[20],"is_endless":false,"potions_floor_spawned":[1,5,13,18,19],"killed_by":"Slavers","ascension_level":15}