{"gold_per_floor":[158,158,308,342,267,303,303,321,321,321,321,17,17],"floor_reached":13,"playtime":243,"items_purged":[],"score":142,"play_id":"bad864b0-2811-4227-a65b-2dd43a42ef79","local_time":"20201024124853","is_ascension_mode":true,"campfire_choices":[{"floor":7,"key":"REST"},{"data":"HandOfGreed","floor":11,"key":"SMITH"}],"neow_cost":"CURSE","seed_source_timestamp":408909998597100,"circlet_count":0,"master_deck":["AscendersBane","Strike_B","Strike_B","Strike_B","Strike_B","Defend_B","Defend_B","Defend_B","Defend_B","Zap","Dualcast","HandOfGreed+1","Streamline","Injury","Doubt","Sweeping Beam","Coolheaded"],"relics":["Cracked Core","Golden Idol","CaptainsWheel","Singing Bowl","Juzu Bracelet","Runic Capacitor","Bronze Scales"],"potions_floor_usage":[4,13],"damage_taken":[{"damage":0,"enemies":"Small Slimes","floor":1,"turns":3},{"damage":9,"enemies":"Jaw Worm","floor":4,"turns":3},{"damage":52,"enemies":"Lagavulin","floor":6,"turns":7},{"damage":1,"enemies":"2 Louse","floor":8,"turns":2},{"damage":37,"enemies":"Gremlin Nob","floor":13,"turns":4}],"seed_played":"-454108525085526862","potions_obtained":[{"floor":4,"key":"Fruit Juice"},{"floor":8,"key":"SpeedPotion"}],"is_trial":false,"path_per_floor":["M","?","?","M","?","E","R","M","T","T","R","$","E"],"character_chosen":"DEFECT","items_purchased":["Runic Capacitor","Bronze Scales"],"campfire_rested":1,"item_purchase_floors":[12,12],"current_hp_per_floor":[64,64,64,60,60,8,30,29,29,29,29,29,0],"gold":17,"neow_bonus":"RANDOM_COLORLESS_2","is_prod":false,"is_daily":false,"chose_seed":false,"campfire_upgraded":1,"win_rate":0,"timestamp":1603558133,"path_taken":["M","?","?","M","?","E","R","M","T","?","R","$","E"],"build_version":"2020-07-30","purchased_purges":0,"victory":false,"max_hp_per_floor":[71,71,71,76,76,76,76,76,76,76,76,76,76],"card_choices":[{"not_picked":["Transmutation","Violence"],"picked":"HandOfGreed","floor":0},{"not_picked":["Recycle","Double Energy"],"picked":"Streamline","floor":1},{"not_picked":["Hello World","Gash"],"picked":"Sweeping Beam","floor":4},{"not_picked":["Sweeping Beam","Cold Snap"],"picked":"Coolheaded","floor":6},{"not_picked":["Sweeping Beam","Recycle","Hologram"],"picked":"SKIP","floor":8}],"player_experience":1228150,"relics_obtained":[{"floor":6,"key":"CaptainsWheel"},{"floor":9,"key":"Singing Bowl"},{"floor":10,"key":"Juzu Bracelet"}],"event_choices":[{"damage_healed":0,"gold_gain":0,"player_choice":"Take Wound","damage_taken":0,"relics_obtained":["Golden Idol"],"max_hp_gain":0,"max_hp_loss":0,"event_name":"Golden Idol","floor":2,"gold_loss":0,"cards_obtained":["Injury"]},{"damage_healed":0,"gold_gain":150,"player_choice":"AGREE","damage_taken":0,"max_hp_gain":0,"max_hp_loss":0,"event_name":"Liars Game","floor":3,"gold_loss":0,"cards_obtained":["Doubt"]},{"cards_removed":["Normality"],"damage_healed":0,"gold_gain":0,"player_choice":"Card Removal","damage_taken":0,"max_hp_gain":0,"max_hp_loss":0,"event_name":"The Cleric","floor":5,"gold_loss":75}],"is_beta":false,"boss_relics":[],"items_purged_floors":[],"is_endless":false,"potions_floor_spawned":[4,8],"killed_by":"Gremlin Nob","ascension_level":15}