{"gold_per_floor":[19,19,19,42,63,97,62,95,120,134,134,134,165,181,181,276,276,301,576,576],"floor_reached":20,"playtime":842,"items_purged":[],"score":336,"play_id":"29bc66e8-f0b4-457d-b0f0-b2b17bf1e5fe","local_time":"20201227231154","is_ascension_mode":true,"campfire_choices":[{"floor":11,"key":"REST"},{"floor":15,"key":"REST"}],"neow_cost":"NO_GOLD","seed_source_timestamp":358367946401400,"circlet_count":0,"master_deck":["AscendersBane","Strike_B","Strike_B+1","Strike_B","Defend_B","Defend_B","Defend_B","Defend_B","Zap","Dualcast+1","Apotheosis+1","Cold Snap","Consume","Seek","Loop","Tempest","Thunder Strike","Regret"],"relics":["Cracked Core","Golden Idol","Anchor","Strawberry","Ancient Tea Set","Singing Bowl","Empty Cage"],"potions_floor_usage":[5,8,13],"damage_taken":[{"damage":2,"enemies":"Cultist","floor":1,"turns":4},{"damage":0,"enemies":"Small Slimes","floor":4,"turns":3},{"damage":11,"enemies":"2 Louse","floor":5,"turns":2},{"damage":18,"enemies":"Gremlin Nob","floor":6,"turns":4},{"damage":11,"enemies":"3 Sentries","floor":8,"turns":8},{"damage":3,"enemies":"Looter","floor":10,"turns":3},{"damage":10,"enemies":"Gremlin Nob","floor":13,"turns":3},{"damage":22,"enemies":"Exordium Wildlife","floor":14,"turns":4},{"damage":28,"enemies":"Hexaghost","floor":16,"turns":9},{"damage":18,"enemies":"2 Thieves","floor":18,"turns":4},{"damage":48,"enemies":"3 Byrds","floor":20,"turns":4}],"seed_played":"1291936219791163742","potions_obtained":[{"floor":4,"key":"AttackPotion"},{"floor":5,"key":"SpeedPotion"},{"floor":6,"key":"ColorlessPotion"},{"floor":16,"key":"PotionOfCapacity"}],"is_trial":false,"path_per_floor":["M","?","?","M","M","E","?","E","T","M","R","?","E","M","R","B",null,"M","?","M"],"character_chosen":"DEFECT","items_purchased":[],"campfire_rested":2,"item_purchase_floors":[],"current_hp_per_floor":[62,62,62,62,51,33,50,46,46,43,66,43,35,13,37,9,62,46,46,0],"gold":576,"neow_bonus":"RANDOM_COLORLESS_2","is_prod":false,"is_daily":false,"chose_seed":false,"campfire_upgraded":0,"win_rate":0,"timestamp":1609128714,"path_taken":["M","?","?","M","?","E","?","E","T","M","R","?","E","M","R","BOSS","M","?","?"],"build_version":"2020-12-22","purchased_purges":0,"victory":false,"max_hp_per_floor":[71,71,71,71,71,71,71,78,78,78,78,78,80,80,80,80,80,82,82,82],"card_choices":[{"not_picked":["Thinking Ahead","Sadistic Nature"],"picked":"Apotheosis","floor":0},{"not_picked":["Go for the Eyes","Heatsinks"],"picked":"Cold Snap","floor":1},{"not_picked":["White Noise","Leap"],"picked":"Consume","floor":4},{"not_picked":["Rebound","Thunder Strike","Consume"],"picked":"SKIP","floor":5},{"not_picked":["Darkness","Barrage","Turbo"],"picked":"SKIP","floor":6},{"not_picked":["Consume","Undo"],"picked":"Seek","floor":8},{"not_picked":["Skim","Steam"],"picked":"Loop","floor":10},{"not_picked":["Scrape","Leap","Auto Shields"],"picked":"Singing Bowl","floor":13},{"not_picked":["Steam Power","Defragment"],"picked":"Tempest","floor":14},{"not_picked":["Buffer","All For One"],"picked":"Thunder Strike","floor":16},{"not_picked":["Reinforced Body","Compile Driver","Barrage+1"],"picked":"Singing Bowl","floor":18}],"player_experience":1236661,"relics_obtained":[{"floor":6,"key":"Anchor"},{"floor":8,"key":"Strawberry"},{"floor":9,"key":"Ancient Tea Set"},{"floor":13,"key":"Singing Bowl"}],"event_choices":[{"damage_healed":0,"gold_gain":0,"player_choice":"Take Wound","damage_taken":0,"relics_obtained":["Golden Idol"],"max_hp_gain":0,"max_hp_loss":0,"event_name":"Golden Idol","floor":2,"gold_loss":0,"cards_obtained":["Injury"]},{"damage_healed":0,"gold_gain":0,"player_choice":"Forge","damage_taken":0,"max_hp_gain":0,"max_hp_loss":0,"event_name":"Accursed Blacksmith","floor":3,"gold_loss":0,"cards_upgraded":["Apotheosis"]},{"damage_healed":17,"gold_gain":0,"player_choice":"Healed","damage_taken":0,"max_hp_gain":0,"max_hp_loss":0,"event_name":"The Cleric","floor":7,"gold_loss":35},{"damage_healed":0,"gold_gain":0,"player_choice":"Entered Light","damage_taken":23,"max_hp_gain":0,"max_hp_loss":0,"event_name":"Shining Light","floor":12,"gold_loss":0,"cards_upgraded":["Strike_B","Dualcast"]},{"damage_healed":0,"gold_gain":275,"player_choice":"Desecrate","damage_taken":0,"max_hp_gain":0,"max_hp_loss":0,"event_name":"Golden Shrine","floor":19,"gold_loss":0,"cards_obtained":["Regret"]}],"is_beta":false,"boss_relics":[{"not_picked":["Astrolabe","Runic Pyramid"],"picked":"Empty Cage"}],"items_purged_floors":[],"is_endless":false,"potions_floor_spawned":[4,5,6,16],"killed_by":"3 Byrds","ascension_level":15}