{"gold_per_floor":[369,385,385,32,32,73,73,9,32,32,64,85,85,104,104,184,256,283,283,283,114,103,133,133,152,178,203,231,231],"floor_reached":29,"playtime":1519,"items_purged":["Injury"],"score":499,"play_id":"451dd34c-1126-486c-9773-56105ba760ae","local_time":"20210126142558","is_ascension_mode":true,"campfire_choices":[{"data":"Defragment","floor":7,"key":"SMITH"},{"floor":10,"key":"REST"},{"data":"Blizzard","floor":13,"key":"SMITH"},{"data":"Fission","floor":15,"key":"SMITH"},{"floor":24,"key":"REST"}],"neow_cost":"CURSE","seed_source_timestamp":941156308135400,"circlet_count":0,"master_deck":["AscendersBane","Zap","Dualcast","Cold Snap","Streamline","Glacier","Capacitor","Defragment+1","Fission+1","Blizzard+1","Fission","Gash","Streamline","Self Repair","Stack","Skim","Amplify","Darkness","Consume+1","Redo","Force Field+1"],"relics":["Cracked Core","CeramicFish","Regal Pillow","Mango","Nunchaku","Bag of Marbles","Pandora\u0027s Box","Bronze Scales","Vajra","Toxic Egg 2"],"potions_floor_usage":[22,23,23,27],"damage_taken":[{"damage":7,"enemies":"Small Slimes","floor":1,"turns":4},{"damage":3,"enemies":"2 Louse","floor":2,"turns":2},{"damage":29,"enemies":"Gremlin Nob","floor":6,"turns":5},{"damage":3,"enemies":"Lagavulin","floor":11,"turns":8},{"damage":5,"enemies":"Jaw Worm","floor":12,"turns":3},{"damage":0,"enemies":"Large Slime","floor":14,"turns":5},{"damage":4,"enemies":"The Guardian","floor":16,"turns":11},{"damage":19,"enemies":"Shell Parasite","floor":18,"turns":5},{"damage":23,"enemies":"2 Thieves","floor":22,"turns":4},{"damage":52,"enemies":"Slavers","floor":23,"turns":9},{"damage":19,"enemies":"Chosen and Byrds","floor":25,"turns":6},{"damage":41,"enemies":"Gremlin Leader","floor":27,"turns":7},{"damage":26,"enemies":"Cultist and Chosen","floor":28,"turns":7},{"damage":21,"enemies":"Book of Stabbing","floor":29,"turns":4}],"seed_played":"-4754561534553361240","potions_obtained":[{"floor":6,"key":"Energy Potion"},{"floor":12,"key":"Ancient Potion"},{"floor":22,"key":"ColorlessPotion"},{"floor":25,"key":"Block Potion"}],"is_trial":false,"path_per_floor":["M","M","?","$","?","E","R","$","T","R","E","M","R","M","R","B",null,"M","?","?","$","M","E","R","M","T","E","M","E"],"character_chosen":"DEFECT","items_purchased":["Regal Pillow","Glacier","Capacitor","Fission","Redo","Bronze Scales"],"campfire_rested":2,"item_purchase_floors":[4,4,4,8,21,21],"current_hp_per_floor":[57,54,43,43,48,33,33,33,33,75,72,67,67,67,67,63,83,71,71,90,90,74,36,78,66,66,32,20,0],"gold":231,"neow_bonus":"TWO_FIFTY_GOLD","is_prod":false,"is_daily":false,"chose_seed":false,"campfire_upgraded":3,"win_rate":0,"timestamp":1611689158,"path_taken":["M","M","?","$","?","E","R","?","T","R","E","M","R","M","R","BOSS","M","?","?","$","?","E","R","M","T","E","M","E"],"build_version":"2020-12-22","purchased_purges":1,"victory":false,"max_hp_per_floor":[71,71,71,71,76,90,90,90,90,90,90,90,90,90,90,90,90,90,90,90,90,90,90,90,90,90,90,90,90],"card_choices":[{"not_picked":["Blizzard","Double Energy"],"picked":"Cold Snap","floor":1},{"not_picked":["Leap","Recycle"],"picked":"Streamline","floor":2},{"not_picked":["Fusion","Streamline"],"picked":"Defragment","floor":6},{"not_picked":["Sunder","Steam","Stack"],"picked":"SKIP","floor":11},{"not_picked":["Glacier","Darkness"],"picked":"Blizzard","floor":12},{"not_picked":["Reinforced Body","FTL","Aggregate"],"picked":"SKIP","floor":14},{"not_picked":["Hyperbeam","Multi-Cast"],"picked":"Fission","floor":16},{"not_picked":["Barrage","Compile Driver"],"picked":"Consume+1","floor":18},{"not_picked":["Hologram","Skim","Steam"],"picked":"SKIP","floor":22},{"not_picked":["Skim","Reboot","Go for the Eyes"],"picked":"SKIP","floor":23},{"not_picked":["Darkness","Steam","Leap"],"picked":"SKIP","floor":25},{"not_picked":["Cold Snap","Stack+1","Hologram+1"],"picked":"SKIP","floor":27},{"not_picked":["Rebound+1","Stack+1"],"picked":"Force Field+1","floor":28}],"player_experience":1254674,"relics_obtained":[{"floor":6,"key":"Mango"},{"floor":9,"key":"Nunchaku"},{"floor":11,"key":"Bag of Marbles"},{"floor":23,"key":"Vajra"},{"floor":27,"key":"Toxic Egg 2"}],"event_choices":[{"damage_healed":0,"gold_gain":0,"player_choice":"Success","damage_taken":11,"relics_obtained":["CeramicFish"],"max_hp_gain":0,"max_hp_loss":0,"event_name":"Scrap Ooze","floor":3,"gold_loss":0},{"damage_healed":0,"gold_gain":0,"player_choice":"Donut","damage_taken":0,"max_hp_gain":5,"max_hp_loss":0,"event_name":"Big Fish","floor":5,"gold_loss":0},{"damage_healed":0,"gold_gain":0,"player_choice":"Ignored","damage_taken":0,"max_hp_gain":0,"max_hp_loss":0,"event_name":"Ghosts","floor":19,"gold_loss":0},{"cards_removed":["Sunder"],"damage_healed":19,"gold_gain":0,"player_choice":"Offered Uncommon","damage_taken":0,"max_hp_gain":0,"max_hp_loss":0,"event_name":"Bonfire Elementals","floor":20,"gold_loss":0}],"is_beta":false,"boss_relics":[{"not_picked":["Runic Dome","Calling Bell"],"picked":"Pandora\u0027s Box"}],"items_purged_floors":[4],"is_endless":false,"potions_floor_spawned":[6,12,14,16,22,25],"killed_by":"Book of Stabbing","ascension_level":15}