{"gold_per_floor":[211,140,140,42,61,61,72,105,128,128,13,13,13,46,46,117,117,131,131,147,147,112,144,144,172,172,172],"floor_reached":27,"playtime":930,"items_purged":["Pain"],"score":446,"play_id":"b04a81c0-8599-4511-ad37-bb824f013ed8","local_time":"20210211232904","is_ascension_mode":true,"campfire_choices":[{"data":"Doom and Gloom","floor":6,"key":"SMITH"},{"data":"Genetic Algorithm","floor":13,"key":"SMITH"},{"data":"Redo","floor":15,"key":"SMITH"},{"data":"Defragment","floor":24,"key":"SMITH"}],"neow_cost":"NONE","seed_source_timestamp":2356833722181300,"circlet_count":0,"master_deck":["AscendersBane","Strike_B","Defend_B","Defend_B","Defend_B","Zap","Dualcast","Ball Lightning","Glacier","Doom and Gloom+1","Redo+1","Genetic Algorithm+1","Blizzard","Buffer","Rainbow+1","Aggregate+1","Go for the Eyes+1","Coolheaded+1","Defragment","Aggregate+1","Defragment+1","Compile Driver","Meteor Strike"],"relics":["Cracked Core","Happy Flower","Art of War","WarpedTongs","Symbiotic Virus","Bag of Marbles","Astrolabe","Toxic Egg 2","Boot","Bird Faced Urn"],"potions_floor_usage":[4,5,23,25,25],"damage_taken":[{"damage":0,"enemies":"Cultist","floor":1,"turns":3},{"damage":7,"enemies":"2 Louse","floor":5,"turns":2},{"damage":12,"enemies":"Jaw Worm","floor":7,"turns":2},{"damage":16,"enemies":"3 Sentries","floor":8,"turns":10},{"damage":16,"enemies":"Gremlin Nob","floor":14,"turns":3},{"damage":1,"enemies":"Hexaghost","floor":16,"turns":10},{"damage":5,"enemies":"Shell Parasite","floor":18,"turns":3},{"damage":0,"enemies":"Chosen","floor":20,"turns":4},{"damage":13,"enemies":"Slavers","floor":23,"turns":4},{"damage":25,"enemies":"Gremlin Leader","floor":25,"turns":9},{"damage":26,"enemies":"Book of Stabbing","floor":27,"turns":5}],"seed_played":"4062943376196084753","potions_obtained":[{"floor":5,"key":"Fruit Juice"},{"floor":14,"key":"SmokeBomb"},{"floor":16,"key":"DuplicationPotion"},{"floor":20,"key":"DistilledChaos"},{"floor":23,"key":"AttackPotion"}],"is_trial":false,"path_per_floor":["M","$","?","$","M","R","M","E","T","?","$","T","R","E","R","B",null,"M","T","M","?","$","E","R","E","T","E"],"character_chosen":"DEFECT","items_purchased":["Glacier","Fruit Juice","Blizzard","Defragment"],"campfire_rested":0,"item_purchase_floors":[2,4,11,22],"current_hp_per_floor":[64,64,57,62,60,60,48,32,32,32,32,32,32,16,16,15,65,60,60,60,60,60,47,47,22,22,0],"gold":172,"neow_bonus":"HUNDRED_GOLD","is_prod":false,"is_daily":false,"chose_seed":false,"campfire_upgraded":4,"win_rate":0,"timestamp":1613104144,"path_taken":["M","?","?","$","M","R","?","E","T","?","?","?","R","E","R","BOSS","M","?","?","?","$","E","R","E","T","E"],"build_version":"2020-12-22","purchased_purges":1,"victory":false,"max_hp_per_floor":[71,71,71,76,81,81,81,81,81,81,81,81,81,81,81,81,81,81,81,81,81,81,81,81,81,81,81],"card_choices":[{"not_picked":["Conserve Battery","Consume"],"picked":"Ball Lightning","floor":1},{"not_picked":["Gash","Ball Lightning"],"picked":"Doom and Gloom","floor":5},{"not_picked":["Stack","Streamline"],"picked":"Redo","floor":7},{"not_picked":["Seek","Conserve Battery"],"picked":"Genetic Algorithm","floor":8},{"not_picked":["Hologram","Steam","Turbo"],"picked":"SKIP","floor":14},{"not_picked":["Electrodynamics","Seek"],"picked":"Buffer","floor":16},{"not_picked":["Undo","Auto Shields"],"picked":"Coolheaded+1","floor":18},{"not_picked":["Tempest+1","Hologram+1"],"picked":"Defragment","floor":20},{"not_picked":["Undo+1","Redo+1"],"picked":"Compile Driver","floor":23},{"not_picked":["Redo+1","Cold Snap"],"picked":"Meteor Strike","floor":25}],"player_experience":1287942,"relics_obtained":[{"floor":8,"key":"Happy Flower"},{"floor":9,"key":"Art of War"},{"floor":12,"key":"Symbiotic Virus"},{"floor":14,"key":"Bag of Marbles"},{"floor":19,"key":"Toxic Egg 2"},{"floor":23,"key":"Boot"},{"floor":25,"key":"Bird Faced Urn"}],"event_choices":[{"cards_removed":["Strike_B"],"damage_healed":0,"gold_gain":0,"player_choice":"Card Removal","damage_taken":7,"max_hp_gain":0,"max_hp_loss":0,"event_name":"Golden Wing","floor":3,"gold_loss":0},{"damage_healed":0,"gold_gain":0,"player_choice":"Rummage","damage_taken":0,"relics_obtained":["WarpedTongs"],"max_hp_gain":0,"max_hp_loss":0,"event_name":"Accursed Blacksmith","floor":10,"gold_loss":0,"cards_obtained":["Pain"]},{"damage_healed":0,"gold_gain":0,"player_choice":"Copied","damage_taken":0,"max_hp_gain":0,"max_hp_loss":0,"event_name":"Duplicator","floor":21,"gold_loss":0,"cards_obtained":["Aggregate"]}],"is_beta":false,"boss_relics":[{"not_picked":["Fusion Hammer","SlaversCollar"],"picked":"Astrolabe"}],"items_purged_floors":[11],"is_endless":false,"potions_floor_spawned":[5,14,16,20,23],"killed_by":"Book of Stabbing","ascension_level":15}