{"gold_per_floor":[113,74,149,162,16,53,53,97,124,124,124,149,149,221,221,302,302,312,136,204,231,248,248,248],"floor_reached":24,"playtime":761,"items_purged":[],"score":415,"play_id":"349e35bf-5315-4336-8f3f-c2f40d779556","local_time":"20210211131534","is_ascension_mode":true,"campfire_choices":[{"data":"Sweeping Beam","floor":7,"key":"SMITH"},{"floor":10,"key":"REST"},{"floor":13,"key":"REST"},{"floor":15,"key":"REST"},{"floor":23,"key":"REST"}],"neow_cost":"NONE","seed_source_timestamp":2320192664582700,"circlet_count":0,"master_deck":["AscendersBane","Strike_B","Strike_B","Strike_B","Defend_B","Defend_B","Defend_B","Zap","Dualcast","Gash","Sunder","Auto Shields","Sweeping Beam+1","Reinforced Body","Gash","Creative AI","Violence","Auto Shields","Leap","Scrape+1"],"relics":["Cracked Core","NeowsBlessing","CeramicFish","Potion Belt","Pen Nib","DataDisk","SsserpentHead","Bronze Scales","SacredBark"],"potions_floor_usage":[12,21,24],"damage_taken":[{"damage":0,"enemies":"Jaw Worm","floor":1,"turns":1},{"damage":0,"enemies":"Small Slimes","floor":4,"turns":1},{"damage":0,"enemies":"Gremlin Nob","floor":6,"turns":1},{"damage":39,"enemies":"3 Sentries","floor":8,"turns":8},{"damage":20,"enemies":"Lagavulin","floor":12,"turns":8},{"damage":0,"enemies":"Cultist","floor":14,"turns":3},{"damage":52,"enemies":"Slime Boss","floor":16,"turns":7},{"damage":5,"enemies":"3 Byrds","floor":18,"turns":4},{"damage":20,"enemies":"Shell Parasite","floor":21,"turns":6},{"damage":26,"enemies":"Snake Plant","floor":22,"turns":6},{"damage":27,"enemies":"Gremlin Leader","floor":24,"turns":5}],"seed_played":"-3739493365278833997","potions_obtained":[{"floor":1,"key":"Weak Potion"},{"floor":8,"key":"SteroidPotion"},{"floor":12,"key":"PotionOfCapacity"},{"floor":18,"key":"ColorlessPotion"}],"is_trial":false,"path_per_floor":["M","$","?","M","$","E","R","E","T","R","?","E","R","M","R","B",null,"M","$","?","M","M","R","E"],"character_chosen":"DEFECT","items_purchased":["Sunder","CeramicFish","Violence"],"campfire_rested":4,"item_purchase_floors":[2,5,19],"current_hp_per_floor":[64,64,53,53,53,53,53,14,14,35,35,15,36,36,57,5,55,50,50,50,30,4,25,0],"gold":248,"neow_bonus":"THREE_ENEMY_KILL","is_prod":false,"is_daily":false,"chose_seed":false,"campfire_upgraded":1,"win_rate":0,"timestamp":1613067334,"path_taken":["M","$","?","M","$","E","R","E","T","R","?","E","R","?","R","BOSS","M","$","?","M","M","R","E"],"build_version":"2020-12-22","purchased_purges":0,"victory":false,"max_hp_per_floor":[71,71,71,71,71,71,71,71,71,71,71,71,71,71,71,71,71,71,71,71,71,71,71,71],"card_choices":[{"not_picked":["Self Repair","Sunder"],"picked":"Gash","floor":1},{"not_picked":["Consume","Undo"],"picked":"Auto Shields","floor":4},{"not_picked":["Storm","Heatsinks"],"picked":"Sweeping Beam","floor":6},{"not_picked":["Force Field","Sunder"],"picked":"Reinforced Body","floor":8},{"not_picked":["Beam Cell","Biased Cognition","Leap"],"picked":"SKIP","floor":12},{"not_picked":["Leap","Storm"],"picked":"Gash","floor":14},{"not_picked":["Buffer","Fission"],"picked":"Creative AI","floor":16},{"not_picked":["Consume+1","Beam Cell","Tempest"],"picked":"SKIP","floor":18},{"not_picked":["Reinforced Body","Melter"],"picked":"Scrape+1","floor":21},{"not_picked":["Compile Driver","Melter","Coolheaded"],"picked":"SKIP","floor":22}],"player_experience":1283699,"relics_obtained":[{"floor":6,"key":"Potion Belt"},{"floor":8,"key":"Pen Nib"},{"floor":9,"key":"DataDisk"},{"floor":12,"key":"Bronze Scales"}],"event_choices":[{"damage_healed":0,"gold_gain":75,"player_choice":"Gather Gold","damage_taken":11,"max_hp_gain":0,"max_hp_loss":0,"event_name":"World of Goop","floor":3,"gold_loss":0},{"damage_healed":0,"gold_gain":0,"player_choice":"Trade","damage_taken":0,"relics_obtained":["SsserpentHead"],"max_hp_gain":0,"max_hp_loss":0,"event_name":"FaceTrader","floor":11,"gold_loss":0},{"damage_healed":0,"gold_gain":0,"cards_transformed":["Strike_B","Defend_B"],"player_choice":"Became Test Subject","damage_taken":0,"max_hp_gain":0,"max_hp_loss":0,"event_name":"Drug Dealer","floor":20,"gold_loss":0,"cards_obtained":["Auto Shields","Leap"]}],"is_beta":false,"boss_relics":[{"not_picked":["Runic Dome","Inserter"],"picked":"SacredBark"}],"items_purged_floors":[],"is_endless":false,"potions_floor_spawned":[1,8,12,18],"killed_by":"Gremlin Leader","ascension_level":15}