{"gold_per_floor":[117,117,117,143,171,211,240,280,292,304,466,20,20,20,20,97,97,114,39,39,89,14,14,14,14,93,193,3,3,23,37,37,111,111,111],"floor_reached":35,"playtime":1367,"items_purged":["Shame"],"score":628,"play_id":"4bc2fdbe-e68b-4003-9f03-70643367a8fd","local_time":"20210210215655","is_ascension_mode":true,"campfire_choices":[{"floor":13,"key":"DIG"},{"floor":15,"key":"DIG"},{"floor":23,"key":"DIG"},{"floor":24,"key":"DIG"},{"floor":25,"key":"DIG"},{"floor":29,"key":"DIG"},{"floor":32,"key":"DIG"}],"neow_cost":"CURSE","seed_source_timestamp":2264462429250900,"circlet_count":0,"master_deck":["AscendersBane","Strike_B","Strike_B","Defend_B","Defend_B","Zap","Dualcast","Core Surge","Cold Snap","Redo","Coolheaded","Biased Cognition+1","Loop","Reboot","Chill","Hologram","Biased Cognition+1","Buffer+1"],"relics":["FrozenCore","MawBank","Lantern","Mercury Hourglass","Letter Opener","Lee\u0027s Waffle","Shovel","Turnip","WingedGreaves","Empty Cage","Centennial Puzzle","Eternal Feather","Bird Faced Urn","Toy Ornithopter","InkBottle","Incense Burner","StrikeDummy","MealTicket","Frozen Egg 2","Matryoshka"],"potions_floor_usage":[6,27,33,35],"damage_taken":[{"damage":10,"enemies":"Small Slimes","floor":1,"turns":3},{"damage":4,"enemies":"2 Louse","floor":4,"turns":2},{"damage":1,"enemies":"Cultist","floor":5,"turns":3},{"damage":11,"enemies":"3 Sentries","floor":6,"turns":9},{"damage":3,"enemies":"Blue Slaver","floor":7,"turns":2},{"damage":19,"enemies":"Gremlin Nob","floor":8,"turns":4},{"damage":3,"enemies":"The Guardian","floor":16,"turns":9},{"damage":5,"enemies":"Chosen","floor":18,"turns":4},{"damage":25,"enemies":"Colosseum Slavers","floor":27,"turns":4},{"damage":50,"enemies":"Colosseum Nobs","floor":27,"turns":6},{"damage":3,"enemies":"Shell Parasite","floor":30,"turns":4},{"damage":0,"enemies":"3 Cultists","floor":31,"turns":5},{"damage":29,"enemies":"Collector","floor":33,"turns":10},{"damage":84,"enemies":"3 Darklings","floor":35,"turns":13}],"seed_played":"2203751844967655348","potions_obtained":[{"floor":4,"key":"DistilledChaos"},{"floor":6,"key":"Explosive Potion"},{"floor":27,"key":"EssenceOfDarkness"},{"floor":30,"key":"SkillPotion"},{"floor":33,"key":"PotionOfCapacity"}],"is_trial":false,"path_per_floor":["M","?","?","M","M","E","M","E","T","?","?","$","R","?","R","B",null,"M","?","?","?","$","R","R","R","T","?","$","R","M","M","R","B",null,"M"],"character_chosen":"DEFECT","items_purchased":["Lee\u0027s Waffle","Shovel","MealTicket","Chill"],"campfire_rested":0,"item_purchase_floors":[12,12,28,28],"current_hp_per_floor":[54,47,47,43,42,31,28,9,9,4,4,78,78,78,78,75,77,72,72,72,72,72,72,78,78,78,12,12,21,22,26,35,17,63,0],"gold":111,"neow_bonus":"TRANSFORM_TWO_CARDS","is_prod":false,"is_daily":false,"chose_seed":false,"campfire_upgraded":0,"win_rate":0,"timestamp":1613012215,"path_taken":["M","?","?","M","?","E","M","E","T","?","?","$","R","?","R","BOSS","M","?","?","?","$","R","R","R","T","?","$","R","M","M","R","BOSS","M"],"build_version":"2020-12-22","purchased_purges":1,"victory":false,"max_hp_per_floor":[71,71,71,71,71,71,71,71,71,71,71,78,78,78,78,78,78,78,78,78,78,78,78,78,78,78,78,78,78,78,78,78,78,78,78],"card_choices":[{"not_picked":["Recycle","Stack"],"picked":"Chill","floor":1},{"not_picked":["Barrage","Conserve Battery"],"picked":"Redo","floor":4},{"not_picked":["Storm","Leap"],"picked":"Coolheaded","floor":5},{"not_picked":["Core Surge","Gash"],"picked":"Biased Cognition","floor":6},{"not_picked":["Ball Lightning","Force Field","Undo"],"picked":"SKIP","floor":7},{"not_picked":["Echo Form","Ball Lightning"],"picked":"Loop","floor":8},{"not_picked":["Fission","Buffer"],"picked":"Reboot","floor":16},{"not_picked":["Double Energy","Redo","Rebound"],"picked":"SKIP","floor":18},{"not_picked":["Rebound","Redo"],"picked":"Hologram","floor":30},{"not_picked":["Loop+1","Reprogram"],"picked":"Biased Cognition+1","floor":31},{"not_picked":["Hyperbeam","Reboot"],"picked":"Buffer+1","floor":33}],"player_experience":1280694,"relics_obtained":[{"floor":6,"key":"Lantern"},{"floor":8,"key":"Mercury Hourglass"},{"floor":9,"key":"Letter Opener"},{"floor":13,"key":"Turnip"},{"floor":15,"key":"WingedGreaves"},{"floor":23,"key":"Eternal Feather"},{"floor":24,"key":"Bird Faced Urn"},{"floor":25,"key":"Toy Ornithopter"},{"floor":26,"key":"InkBottle"},{"floor":27,"key":"Incense Burner"},{"floor":27,"key":"StrikeDummy"},{"floor":29,"key":"Frozen Egg 2"},{"floor":32,"key":"Matryoshka"}],"event_choices":[{"cards_removed":["Doubt"],"damage_healed":0,"gold_gain":0,"player_choice":"Card Removal","damage_taken":7,"max_hp_gain":0,"max_hp_loss":0,"event_name":"Golden Wing","floor":2,"gold_loss":0},{"cards_removed":["Chill"],"damage_healed":0,"gold_gain":0,"player_choice":"Gave Card","damage_taken":0,"relics_obtained":["MawBank"],"max_hp_gain":0,"max_hp_loss":0,"event_name":"WeMeetAgain","floor":3,"gold_loss":0},{"damage_healed":0,"gold_gain":0,"player_choice":"Fled","damage_taken":5,"max_hp_gain":0,"max_hp_loss":0,"event_name":"Scrap Ooze","floor":10,"gold_loss":0},{"damage_healed":0,"gold_gain":150,"player_choice":"AGREE","damage_taken":0,"max_hp_gain":0,"max_hp_loss":0,"event_name":"Liars Game","floor":11,"gold_loss":0,"cards_obtained":["Doubt"]},{"damage_healed":0,"gold_gain":0,"player_choice":"Forge","damage_taken":0,"max_hp_gain":0,"max_hp_loss":0,"event_name":"Accursed Blacksmith","floor":14,"gold_loss":0,"cards_upgraded":["Biased Cognition"]},{"cards_removed":["Defend_B"],"damage_healed":0,"gold_gain":0,"player_choice":"Gave Gold","damage_taken":0,"max_hp_gain":0,"max_hp_loss":0,"event_name":"Beggar","floor":19,"gold_loss":75},{"damage_healed":0,"gold_gain":0,"player_choice":"Stole Relic","damage_taken":0,"relics_obtained":["Centennial Puzzle"],"max_hp_gain":0,"max_hp_loss":0,"event_name":"Addict","floor":20,"gold_loss":0,"cards_obtained":["Shame"]},{"damage_healed":0,"gold_gain":50,"player_choice":"Stole From Cult","damage_taken":0,"max_hp_gain":0,"max_hp_loss":0,"event_name":"Nest","floor":21,"gold_loss":0},{"damage_healed":0,"gold_gain":0,"player_choice":"Fight","damage_taken":0,"max_hp_gain":0,"max_hp_loss":0,"event_name":"Colosseum","floor":27,"gold_loss":0},{"damage_healed":0,"gold_gain":0,"player_choice":"Fought Nobs","damage_taken":0,"max_hp_gain":0,"max_hp_loss":0,"event_name":"Colosseum","floor":27,"gold_loss":0}],"is_beta":false,"boss_relics":[{"not_picked":["Runic Pyramid","Black Star"],"picked":"Empty Cage"},{"not_picked":["Calling Bell","Sozu"],"picked":"FrozenCore"}],"items_purged_floors":[22],"is_endless":false,"potions_floor_spawned":[4,6,27,27,30,33],"killed_by":"3 Darklings","ascension_level":15}