{"gold_per_floor":[115,115,115,134,59,72,98,125,125,125,159,159,159,159],"floor_reached":14,"playtime":377,"items_purged":[],"score":168,"play_id":"946699ef-a9c0-4cf0-920f-b62e65e7c377","local_time":"20210211234327","is_ascension_mode":true,"campfire_choices":[{"floor":10,"key":"REST"},{"data":"Loop","floor":12,"key":"SMITH"}],"neow_cost":"NONE","seed_source_timestamp":2358251373979500,"circlet_count":0,"master_deck":["AscendersBane","Strike_B","Strike_B","Strike_B","Defend_B","Defend_B","Defend_B","Zap","Dualcast","Darkness","Conserve Battery","Lockon","Loop+1"],"relics":["Cracked Core","Regal Pillow","Juzu Bracelet","Omamori","Eternal Feather","Sundial","Blue Candle"],"potions_floor_usage":[7],"damage_taken":[{"damage":4,"enemies":"Jaw Worm","floor":1,"turns":4},{"damage":1,"enemies":"Small Slimes","floor":4,"turns":3},{"damage":9,"enemies":"2 Louse","floor":6,"turns":3},{"damage":27,"enemies":"Lagavulin","floor":7,"turns":8},{"damage":18,"enemies":"3 Sentries","floor":11,"turns":7},{"damage":75,"enemies":"Gremlin Nob","floor":14,"turns":5}],"seed_played":"3799393994471870163","potions_obtained":[{"floor":6,"key":"Weak Potion"}],"is_trial":false,"path_per_floor":["M","?","?","M","?","M","E","T","T","R","E","R","?","E"],"character_chosen":"DEFECT","items_purchased":[],"campfire_rested":1,"item_purchase_floors":[],"current_hp_per_floor":[67,62,55,54,54,45,18,18,18,62,44,50,50,0],"gold":159,"neow_bonus":"TEN_PERCENT_HP_BONUS","is_prod":false,"is_daily":false,"chose_seed":false,"campfire_upgraded":1,"win_rate":0,"timestamp":1613105007,"path_taken":["M","?","?","M","?","M","E","?","T","R","E","R","?","E"],"build_version":"2020-12-22","purchased_purges":0,"victory":false,"max_hp_per_floor":[78,78,78,78,78,78,78,78,78,78,78,78,78,78],"card_choices":[{"not_picked":["Ball Lightning","Double Energy"],"picked":"Darkness","floor":1},{"not_picked":["Recycle","Undo"],"picked":"Conserve Battery","floor":4},{"not_picked":["Barrage","Amplify"],"picked":"Rebound","floor":6},{"not_picked":["Sweeping Beam","Gash"],"picked":"Lockon","floor":7},{"not_picked":["Steam","Heatsinks"],"picked":"Loop","floor":11}],"player_experience":1289335,"relics_obtained":[{"floor":7,"key":"Juzu Bracelet"},{"floor":8,"key":"Omamori"},{"floor":9,"key":"Eternal Feather"},{"floor":11,"key":"Sundial"}],"event_choices":[{"damage_healed":0,"gold_gain":0,"player_choice":"Success","damage_taken":5,"relics_obtained":["Regal Pillow"],"max_hp_gain":0,"max_hp_loss":0,"event_name":"Scrap Ooze","floor":2,"gold_loss":0},{"cards_removed":["Strike_B"],"damage_healed":0,"gold_gain":0,"player_choice":"Card Removal","damage_taken":7,"max_hp_gain":0,"max_hp_loss":0,"event_name":"Golden Wing","floor":3,"gold_loss":0},{"cards_removed":["Defend_B"],"damage_healed":0,"gold_gain":0,"player_choice":"Card Removal","damage_taken":0,"max_hp_gain":0,"max_hp_loss":0,"event_name":"The Cleric","floor":5,"gold_loss":75},{"cards_removed":["Rebound"],"damage_healed":0,"gold_gain":0,"player_choice":"Gave Card","damage_taken":0,"relics_obtained":["Blue Candle"],"max_hp_gain":0,"max_hp_loss":0,"event_name":"WeMeetAgain","floor":13,"gold_loss":0}],"is_beta":false,"boss_relics":[],"items_purged_floors":[],"is_endless":false,"potions_floor_spawned":[6],"killed_by":"Gremlin Nob","ascension_level":15}