{"gold_per_floor":[111,111,186,111,134,177,215,215,215,250,68,81,81,122,122,215,215,233,158,181,181,204,204,222,242,242,242,263,263,263,278,278,278],"floor_reached":33,"playtime":1055,"items_purged":[],"score":551,"play_id":"017547d3-f6f1-4667-a39a-f5798ce8dc8a","local_time":"20210228002539","is_ascension_mode":true,"campfire_choices":[{"floor":8,"key":"REST"},{"data":"Reprogram","floor":13,"key":"SMITH"},{"data":"Sunder","floor":15,"key":"SMITH"},{"data":"1","floor":23,"key":"LIFT"},{"floor":27,"key":"REST"},{"data":"2","floor":30,"key":"LIFT"},{"floor":32,"key":"REST"}],"neow_cost":"TEN_PERCENT_HP_LOSS","seed_source_timestamp":964777154369000,"circlet_count":0,"master_deck":["AscendersBane","Strike_B","Strike_B","Strike_B","Strike_B","Defend_B","Defend_B","Defend_B","Defend_B","Dualcast","Hyperbeam","Auto Shields","Gash","Reprogram+1","Melter","Sunder+1","Hyperbeam","White Noise","Turbo","Skim","RitualDagger"],"relics":["Cracked Core","Golden Idol","Matryoshka","Odd Mushroom","Orichalcum","The Courier","Pantograph","ClockworkSouvenir","Mercury Hourglass","Philosopher\u0027s Stone","Girya","Regal Pillow","Symbiotic Virus"],"potions_floor_usage":[6,10,10,14,24,31,33],"damage_taken":[{"damage":4,"enemies":"Jaw Worm","floor":1,"turns":4},{"damage":0,"enemies":"Small Slimes","floor":5,"turns":1},{"damage":15,"enemies":"3 Sentries","floor":6,"turns":5},{"damage":6,"enemies":"The Mushroom Lair","floor":7,"turns":3},{"damage":14,"enemies":"Lagavulin","floor":10,"turns":7},{"damage":0,"enemies":"2 Louse","floor":12,"turns":3},{"damage":6,"enemies":"Gremlin Nob","floor":14,"turns":4},{"damage":0,"enemies":"Slime Boss","floor":16,"turns":6},{"damage":10,"enemies":"Shell Parasite","floor":18,"turns":4},{"damage":18,"enemies":"2 Thieves","floor":20,"turns":2},{"damage":18,"enemies":"Centurion and Healer","floor":22,"turns":5},{"damage":13,"enemies":"Snecko","floor":24,"turns":4},{"damage":8,"enemies":"3 Cultists","floor":25,"turns":3},{"damage":0,"enemies":"Cultist and Chosen","floor":28,"turns":3},{"damage":18,"enemies":"Centurion and Healer","floor":31,"turns":4},{"damage":86,"enemies":"Collector","floor":33,"turns":8}],"seed_played":"7859414045882781375","potions_obtained":[{"floor":1,"key":"SneckoOil"},{"floor":5,"key":"PowerPotion"},{"floor":7,"key":"Weak Potion"},{"floor":10,"key":"Fruit Juice"},{"floor":18,"key":"Regen Potion"},{"floor":24,"key":"CultistPotion"},{"floor":25,"key":"Block Potion"}],"is_trial":false,"path_per_floor":["M","?","?","?","M","E","?","R","T","E","$","M","R","E","R","B",null,"M","?","M","?","M","R","M","M","T","R","M","?","R","M","R","B"],"character_chosen":"DEFECT","items_purchased":["ClockworkSouvenir","Melter"],"campfire_rested":3,"item_purchase_floors":[11,11],"current_hp_per_floor":[60,60,49,49,49,34,28,47,47,38,38,38,38,32,32,57,66,56,56,38,38,20,20,19,11,11,46,46,40,40,22,57,0],"gold":278,"neow_bonus":"THREE_RARE_CARDS","is_prod":false,"is_daily":false,"chose_seed":false,"campfire_upgraded":2,"win_rate":0,"timestamp":1614489939,"path_taken":["M","?","?","?","?","E","?","R","T","E","$","M","R","E","R","BOSS","M","?","M","?","M","R","?","M","T","R","M","?","R","M","R","BOSS"],"build_version":"2020-12-22","purchased_purges":0,"victory":false,"max_hp_per_floor":[64,64,64,64,64,64,64,64,64,69,69,69,69,69,69,69,69,69,69,69,69,69,69,69,69,69,69,69,69,69,69,69,69],"card_choices":[{"not_picked":["Machine Learning","Echo Form"],"picked":"Hyperbeam","floor":0},{"not_picked":["Coolheaded","Go for the Eyes"],"picked":"Auto Shields","floor":1},{"not_picked":["Streamline","Rebound"],"picked":"Tempest","floor":5},{"not_picked":["Reboot","Leap"],"picked":"Gash","floor":6},{"not_picked":["Chill","Barrage"],"picked":"Reprogram","floor":7},{"not_picked":["Lockon","Stack","Coolheaded"],"picked":"SKIP","floor":10},{"not_picked":["Ball Lightning","Blizzard","Heatsinks"],"picked":"SKIP","floor":12},{"not_picked":["Hologram","Undo"],"picked":"Sunder","floor":14},{"not_picked":["Amplify","Creative AI"],"picked":"Hyperbeam","floor":16},{"not_picked":["Lockon","Coolheaded","BootSequence"],"picked":"SKIP","floor":18},{"not_picked":["Conserve Battery","Tempest"],"picked":"White Noise","floor":20},{"not_picked":["Compile Driver","Scrape","Static Discharge"],"picked":"SKIP","floor":22},{"not_picked":["Rip and Tear","Compile Driver+1","Tempest"],"picked":"SKIP","floor":24},{"not_picked":["Sunder","Storm"],"picked":"Turbo","floor":25},{"not_picked":["Sweeping Beam","Barrage+1"],"picked":"Skim","floor":28},{"not_picked":["Hello World","Glacier","Sweeping Beam"],"picked":"SKIP","floor":31}],"player_experience":1303645,"relics_obtained":[{"floor":6,"key":"Matryoshka"},{"floor":7,"key":"Odd Mushroom"},{"floor":9,"key":"Orichalcum"},{"floor":9,"key":"The Courier"},{"floor":10,"key":"Pantograph"},{"floor":14,"key":"Mercury Hourglass"},{"floor":26,"key":"Regal Pillow"},{"floor":26,"key":"Symbiotic Virus"}],"event_choices":[{"damage_healed":0,"gold_gain":0,"player_choice":"Take Wound","damage_taken":0,"relics_obtained":["Golden Idol"],"max_hp_gain":0,"max_hp_loss":0,"event_name":"Golden Idol","floor":2,"gold_loss":0,"cards_obtained":["Injury"]},{"damage_healed":0,"gold_gain":75,"player_choice":"Gather Gold","damage_taken":11,"max_hp_gain":0,"max_hp_loss":0,"event_name":"World of Goop","floor":3,"gold_loss":0},{"cards_removed":["Injury"],"damage_healed":0,"gold_gain":0,"player_choice":"Card Removal","damage_taken":0,"max_hp_gain":0,"max_hp_loss":0,"event_name":"The Cleric","floor":4,"gold_loss":75},{"damage_healed":0,"gold_gain":0,"player_choice":"Fought Mushrooms","damage_taken":0,"max_hp_gain":0,"max_hp_loss":0,"event_name":"Mushrooms","floor":7,"gold_loss":0},{"cards_removed":["Zap"],"damage_healed":0,"gold_gain":0,"player_choice":"Gave Gold","damage_taken":0,"max_hp_gain":0,"max_hp_loss":0,"event_name":"Beggar","floor":19,"gold_loss":75},{"cards_removed":["Tempest"],"damage_healed":0,"gold_gain":0,"player_choice":"Gave Card","damage_taken":0,"relics_obtained":["Girya"],"max_hp_gain":0,"max_hp_loss":0,"event_name":"WeMeetAgain","floor":21,"gold_loss":0},{"damage_healed":0,"gold_gain":0,"player_choice":"Joined the Cult","damage_taken":6,"max_hp_gain":0,"max_hp_loss":0,"event_name":"Nest","floor":29,"gold_loss":0,"cards_obtained":["RitualDagger"]}],"is_beta":false,"boss_relics":[{"not_picked":["Cursed Key","FrozenCore"],"picked":"Philosopher\u0027s Stone"}],"items_purged_floors":[],"is_endless":false,"potions_floor_spawned":[1,5,7,10,18,24,25,28],"killed_by":"Collector","ascension_level":15}