{"gold_per_floor":[115,115,126,126,142,142,142,183,207,228,228,2,79,79],"floor_reached":14,"playtime":363,"items_purged":["Injury"],"score":154,"play_id":"29cdc23d-2bfc-41a2-b229-3ca741d1a78d","local_time":"20210228003700","is_ascension_mode":true,"campfire_choices":[{"data":"Reinforced Body","floor":6,"key":"SMITH"},{"floor":11,"key":"REST"}],"neow_cost":"NONE","seed_source_timestamp":966151981553200,"circlet_count":0,"master_deck":["AscendersBane","Strike_B","Strike_B","Strike_B","Strike_B","Defend_B","Defend_B","Defend_B","Defend_B","Zap","Dualcast","Defragment+1","Reinforced Body+1","Melter","Genetic Algorithm","Conserve Battery"],"relics":["Cracked Core","NeowsBlessing","Golden Idol","Bag of Preparation","Omamori","Chemical X","Shuriken"],"potions_floor_usage":[10,10],"damage_taken":[{"damage":0,"enemies":"Small Slimes","floor":1,"turns":1},{"damage":0,"enemies":"Cultist","floor":3,"turns":1},{"damage":0,"enemies":"2 Louse","floor":5,"turns":1},{"damage":25,"enemies":"Gremlin Nob","floor":8,"turns":5},{"damage":35,"enemies":"Exordium Thugs","floor":10,"turns":5},{"damage":42,"enemies":"3 Sentries","floor":14,"turns":16}],"seed_played":"-3780124405535122983","potions_obtained":[{"floor":4,"key":"Explosive Potion"},{"floor":4,"key":"Regen Potion"},{"floor":10,"key":"Ancient Potion"}],"is_trial":false,"path_per_floor":["M","?","M","?","M","R","?","E","T","M","R","$","T","E"],"character_chosen":"DEFECT","items_purchased":["Chemical X"],"campfire_rested":1,"item_purchase_floors":[12],"current_hp_per_floor":[64,64,64,64,64,64,64,39,39,18,39,39,39,0],"gold":79,"neow_bonus":"THREE_ENEMY_KILL","is_prod":false,"is_daily":false,"chose_seed":false,"campfire_upgraded":1,"win_rate":0,"timestamp":1614490620,"path_taken":["M","?","?","?","?","R","?","E","T","M","R","$","?","E"],"build_version":"2020-12-22","purchased_purges":1,"victory":false,"max_hp_per_floor":[71,71,71,71,71,71,71,71,71,71,71,71,71,71],"card_choices":[{"not_picked":["Ball Lightning","Hologram"],"picked":"Defragment","floor":1},{"not_picked":["Aggregate","Storm","Reinforced Body"],"picked":"SKIP","floor":3},{"not_picked":["Aggregate","Storm"],"picked":"Reinforced Body","floor":3},{"not_picked":["Gash","Stack"],"picked":"Melter","floor":5},{"not_picked":["Hologram","Ball Lightning"],"picked":"Genetic Algorithm","floor":8},{"not_picked":["Steam Power","Beam Cell"],"picked":"Conserve Battery","floor":10}],"player_experience":1304988,"relics_obtained":[{"floor":8,"key":"Bag of Preparation"},{"floor":9,"key":"Omamori"},{"floor":13,"key":"Shuriken"}],"event_choices":[{"damage_healed":0,"gold_gain":0,"player_choice":"Forge","damage_taken":0,"max_hp_gain":0,"max_hp_loss":0,"event_name":"Accursed Blacksmith","floor":2,"gold_loss":0,"cards_upgraded":["Defragment"]},{"damage_healed":0,"gold_gain":0,"player_choice":"Got Potions","damage_taken":0,"max_hp_gain":0,"max_hp_loss":0,"event_name":"Lab","floor":4,"gold_loss":0},{"damage_healed":0,"gold_gain":0,"player_choice":"Take Wound","damage_taken":0,"relics_obtained":["Golden Idol"],"max_hp_gain":0,"max_hp_loss":0,"event_name":"Golden Idol","floor":7,"gold_loss":0,"cards_obtained":["Injury"]}],"is_beta":false,"boss_relics":[],"items_purged_floors":[12],"is_endless":false,"potions_floor_spawned":[5,10],"killed_by":"3 Sentries","ascension_level":15}