{"gold_per_floor":[117,128,128,143,143,143,39,39,39,71,71,71,105,105,105,105],"floor_reached":16,"playtime":361,"items_purged":["Regret"],"score":194,"play_id":"acd7a483-859c-4bbf-9664-c752edd0daa4","local_time":"20210327222926","is_ascension_mode":true,"campfire_choices":[{"data":"Darkness","floor":6,"key":"SMITH"},{"data":"Redo","floor":8,"key":"SMITH"},{"data":"Zap","floor":12,"key":"SMITH"},{"data":"Undo","floor":15,"key":"SMITH"}],"neow_cost":"NONE","seed_source_timestamp":32979127339600,"circlet_count":0,"master_deck":["AscendersBane","Strike_B","Strike_B","Strike_B","Strike_B","Defend_B","Defend_B","Defend_B","Defend_B","Zap+1","Dualcast","Darkness+1","Gash","Redo+1","Gash","Undo+1","Injury"],"relics":["Cracked Core","NeowsBlessing","Ancient Tea Set","Unceasing Top","Bag of Preparation","MealTicket","Golden Idol"],"potions_floor_usage":[11,13],"damage_taken":[{"damage":0,"enemies":"Small Slimes","floor":1,"turns":1},{"damage":0,"enemies":"Cultist","floor":2,"turns":1},{"damage":0,"enemies":"2 Louse","floor":4,"turns":1},{"damage":25,"enemies":"Lagavulin","floor":10,"turns":5},{"damage":0,"enemies":"Blue Slaver","floor":11,"turns":2},{"damage":15,"enemies":"3 Sentries","floor":13,"turns":6},{"damage":31,"enemies":"Hexaghost","floor":16,"turns":7}],"seed_played":"-747202661767755896","potions_obtained":[{"floor":1,"key":"SmokeBomb"},{"floor":10,"key":"SpeedPotion"},{"floor":13,"key":"Fire Potion"}],"is_trial":false,"path_per_floor":["M","M","?","M","?","R","$","R","T","E","M","R","E","?","R","B"],"character_chosen":"DEFECT","items_purchased":["Gash"],"campfire_rested":0,"item_purchase_floors":[7],"current_hp_per_floor":[64,64,71,71,71,71,71,71,71,46,46,46,31,31,31,0],"gold":105,"neow_bonus":"THREE_ENEMY_KILL","is_prod":false,"is_daily":false,"chose_seed":false,"campfire_upgraded":4,"win_rate":0,"timestamp":1616898566,"path_taken":["M","M","?","?","?","R","$","R","T","E","M","R","E","?","R","BOSS"],"build_version":"2020-12-22","purchased_purges":1,"victory":false,"max_hp_per_floor":[71,71,71,71,71,71,71,71,71,71,71,71,71,71,71,71],"card_choices":[{"not_picked":["BootSequence","Conserve Battery"],"picked":"Darkness","floor":1},{"not_picked":["Steam","Beam Cell"],"picked":"Gash","floor":2},{"not_picked":["Melter","Reinforced Body"],"picked":"Redo","floor":4},{"not_picked":["Sweeping Beam","Stack","Reboot"],"picked":"SKIP","floor":10},{"not_picked":["Streamline","Aggregate"],"picked":"Undo","floor":13}],"player_experience":1342735,"relics_obtained":[{"floor":9,"key":"Unceasing Top"},{"floor":10,"key":"Bag of Preparation"},{"floor":13,"key":"MealTicket"}],"event_choices":[{"damage_healed":7,"gold_gain":0,"player_choice":"Full Heal","damage_taken":0,"max_hp_gain":0,"max_hp_loss":0,"event_name":"Wheel of Change","floor":3,"gold_loss":0},{"damage_healed":0,"gold_gain":0,"player_choice":"Box","damage_taken":0,"relics_obtained":["Ancient Tea Set"],"max_hp_gain":0,"max_hp_loss":0,"event_name":"Big Fish","floor":5,"gold_loss":0,"cards_obtained":["Regret"]},{"damage_healed":0,"gold_gain":0,"player_choice":"Take Wound","damage_taken":0,"relics_obtained":["Golden Idol"],"max_hp_gain":0,"max_hp_loss":0,"event_name":"Golden Idol","floor":14,"gold_loss":0,"cards_obtained":["Injury"]}],"is_beta":false,"boss_relics":[],"items_purged_floors":[7],"is_endless":false,"potions_floor_spawned":[1,10,11,13],"killed_by":"Hexaghost","ascension_level":16}