{"gold_per_floor":[113,113,113,54,54,54,93,38,38,38,38,81,94,94,94,190,190,208,208,208,208,258,276,276,319,319,15,31,31,71,0,0,0],"floor_reached":33,"playtime":1039,"items_purged":["Strike_B"],"score":603,"play_id":"87528947-46ec-4e6b-be98-d07136fbb9c0","local_time":"20210327002209","is_ascension_mode":true,"campfire_choices":[{"data":"Zap","floor":6,"key":"SMITH"},{"data":"Buffer","floor":15,"key":"SMITH"},{"floor":24,"key":"REST"},{"floor":29,"key":"REST"},{"floor":32,"key":"REST"}],"neow_cost":"NONE","seed_source_timestamp":334493343809600,"circlet_count":0,"master_deck":["AscendersBane","Strike_B","Strike_B","Defend_B","Defend_B","Defend_B","Defend_B","Zap+1","Dualcast","Gash","Gash","Reprogram+1","Buffer+1","Melter","Core Surge","CurseOfTheBell","Scrape","Beam Cell","Auto Shields+1","Swift Strike","Gash"],"relics":["Cracked Core","NeowsBlessing","Juzu Bracelet","Golden Idol","Turnip","Thread and Needle","Question Card","Toy Ornithopter","Calling Bell","Akabeko","Pear","Torii","Enchiridion","Smiling Mask","Shuriken","Orichalcum","StrikeDummy"],"potions_floor_usage":[25,28,30],"damage_taken":[{"damage":0,"enemies":"Small Slimes","floor":1,"turns":1},{"damage":0,"enemies":"Gremlin Nob","floor":7,"turns":1},{"damage":0,"enemies":"3 Sentries","floor":12,"turns":1},{"damage":0,"enemies":"Cultist","floor":13,"turns":4},{"damage":23,"enemies":"Slime Boss","floor":16,"turns":15},{"damage":0,"enemies":"Spheric Guardian","floor":18,"turns":4},{"damage":15,"enemies":"Chosen","floor":23,"turns":5},{"damage":49,"enemies":"Book of Stabbing","floor":25,"turns":6},{"damage":11,"enemies":"Centurion and Healer","floor":28,"turns":6},{"damage":15,"enemies":"Slavers","floor":30,"turns":7},{"damage":52,"enemies":"Champ","floor":33,"turns":10}],"seed_played":"8053566490574804837","potions_obtained":[{"floor":12,"key":"Energy Potion"},{"floor":13,"key":"Energy Potion"},{"floor":25,"key":"Weak Potion"}],"is_trial":false,"path_per_floor":["M","?","?","$","?","R","E","?","T","?","$","E","M","?","R","B",null,"M","?","?","?","?","M","R","E","T","$","M","R","E","?","R","B"],"character_chosen":"DEFECT","items_purchased":["Gash","Orichalcum","Swift Strike"],"campfire_rested":3,"item_purchase_floors":[4,27,27],"current_hp_per_floor":[64,59,52,52,52,52,52,52,52,52,52,52,52,52,52,29,71,71,71,71,50,50,35,59,15,15,15,9,33,23,23,47,0],"gold":0,"neow_bonus":"THREE_ENEMY_KILL","is_prod":false,"is_daily":false,"chose_seed":false,"campfire_upgraded":2,"win_rate":0,"timestamp":1616818929,"path_taken":["M","?","?","$","?","R","E","?","T","?","?","E","M","?","R","BOSS","M","?","?","?","?","M","R","E","T","$","M","R","E","?","R","BOSS"],"build_version":"2020-12-22","purchased_purges":1,"victory":false,"max_hp_per_floor":[71,71,71,71,71,71,71,71,71,71,71,71,71,71,71,71,81,81,81,81,81,81,81,81,81,81,81,81,81,81,81,81,81],"card_choices":[{"not_picked":["Steam","Barrage"],"picked":"Gash","floor":1},{"not_picked":["Creative AI","Skim"],"picked":"Reprogram","floor":7},{"not_picked":["Chaos","Steam","Redo"],"picked":"Buffer","floor":12},{"not_picked":["Stack","Go for the Eyes","FTL"],"picked":"Melter","floor":13},{"not_picked":["Rainbow","Creative AI","Fission"],"picked":"Core Surge","floor":16},{"not_picked":["Fusion","Static Discharge","Coolheaded"],"picked":"Scrape","floor":18},{"not_picked":["Hologram","Streamline","Steam"],"picked":"Beam Cell","floor":23},{"not_picked":["Sweeping Beam","Compile Driver","Redo"],"picked":"Auto Shields+1","floor":25},{"not_picked":["Go for the Eyes","Cold Snap","Redo"],"picked":"Gash","floor":28},{"not_picked":["Coolheaded","Electrodynamics","Cold Snap","Redo"],"picked":"SKIP","floor":30}],"player_experience":1338739,"relics_obtained":[{"floor":7,"key":"Turnip"},{"floor":9,"key":"Question Card"},{"floor":12,"key":"Toy Ornithopter"},{"floor":17,"key":"Akabeko"},{"floor":17,"key":"Pear"},{"floor":17,"key":"Torii"},{"floor":21,"key":"Enchiridion"},{"floor":25,"key":"Smiling Mask"},{"floor":26,"key":"Shuriken"},{"floor":30,"key":"StrikeDummy"}],"event_choices":[{"damage_healed":0,"gold_gain":0,"player_choice":"Success","damage_taken":5,"relics_obtained":["Juzu Bracelet"],"max_hp_gain":0,"max_hp_loss":0,"event_name":"Scrap Ooze","floor":2,"gold_loss":0},{"cards_removed":["Strike_B"],"damage_healed":0,"gold_gain":0,"player_choice":"Card Removal","damage_taken":7,"max_hp_gain":0,"max_hp_loss":0,"event_name":"Golden Wing","floor":3,"gold_loss":0},{"damage_healed":0,"gold_gain":0,"player_choice":"Take Wound","damage_taken":0,"relics_obtained":["Golden Idol"],"max_hp_gain":0,"max_hp_loss":0,"event_name":"Golden Idol","floor":5,"gold_loss":0,"cards_obtained":["Injury"]},{"damage_healed":0,"gold_gain":0,"player_choice":"Paid Gold","damage_taken":0,"relics_obtained":["Thread and Needle"],"max_hp_gain":0,"max_hp_loss":0,"event_name":"WeMeetAgain","floor":8,"gold_loss":55},{"damage_healed":0,"gold_gain":0,"player_choice":"Upgraded","damage_taken":0,"max_hp_gain":0,"max_hp_loss":0,"event_name":"Upgrade Shrine","floor":10,"gold_loss":0,"cards_upgraded":["Reprogram"]},{"damage_healed":0,"gold_gain":0,"player_choice":"Ignored","damage_taken":0,"max_hp_gain":0,"max_hp_loss":0,"event_name":"Liars Game","floor":14,"gold_loss":0},{"damage_healed":0,"gold_gain":0,"player_choice":"Ignored","damage_taken":0,"max_hp_gain":0,"max_hp_loss":0,"event_name":"Vampires","floor":19,"gold_loss":0},{"cards_removed":["Injury"],"damage_healed":0,"gold_gain":0,"player_choice":"Purged","damage_taken":0,"max_hp_gain":0,"max_hp_loss":0,"event_name":"Purifier","floor":20,"gold_loss":0},{"damage_healed":0,"gold_gain":0,"player_choice":"Obtained Book","damage_taken":21,"max_hp_gain":0,"max_hp_loss":0,"event_name":"Cursed Tome","floor":21,"gold_loss":0},{"damage_healed":0,"gold_gain":50,"player_choice":"Stole From Cult","damage_taken":0,"max_hp_gain":0,"max_hp_loss":0,"event_name":"Nest","floor":22,"gold_loss":0},{"damage_healed":0,"gold_gain":0,"player_choice":"Paid Fearfully","damage_taken":0,"max_hp_gain":0,"max_hp_loss":0,"event_name":"Masked Bandits","floor":31,"gold_loss":71}],"is_beta":false,"boss_relics":[{"not_picked":["Philosopher\u0027s Stone","SlaversCollar"],"picked":"Calling Bell"}],"items_purged_floors":[27],"is_endless":false,"potions_floor_spawned":[12,13,16,25],"killed_by":"Champ","ascension_level":16}