{"gold_per_floor":[112,112,86,165,2,36,36,69,145,179,179,235,235,252,252,328,328,338,338,338,353,268,268,295,295,295,323,338,355,355],"floor_reached":30,"playtime":1828,"items_purged":[],"score":598,"play_id":"8dc0a545-3539-4bba-8f9a-e32a41f76b07","local_time":"20210420123229","is_ascension_mode":true,"campfire_choices":[{"data":"Zap","floor":7,"key":"SMITH"},{"floor":13,"key":"REST"},{"data":"Chaos","floor":15,"key":"SMITH"},{"data":"Capacitor","floor":23,"key":"SMITH"},{"data":"Consume","floor":25,"key":"SMITH"}],"neow_cost":"NONE","seed_source_timestamp":58454951878700,"circlet_count":0,"master_deck":["AscendersBane","Strike_B","Strike_B","Strike_B+1","Defend_B","Defend_B","Defend_B","Defend_B","Zap+1","Dualcast","Sweeping Beam","Conserve Battery","Beam Cell+1","Auto Shields","Chaos+1","Echo Form","Lockon","Rainbow","Capacitor+1","Consume+1","Capacitor+1","Reboot+1"],"relics":["Cracked Core","NeowsBlessing","Shuriken","Runic Capacitor","Oddly Smooth Stone","TungstenRod","Matryoshka","DataDisk","InkBottle","Meat on the Bone","Nuclear Battery","Toy Ornithopter","Bag of Marbles","Ancient Tea Set","Whetstone","Toxic Egg 2"],"potions_floor_usage":[12,24,27,28,30],"damage_taken":[{"damage":0,"enemies":"Jaw Worm","floor":1,"turns":1},{"damage":0,"enemies":"Gremlin Nob","floor":6,"turns":1},{"damage":0,"enemies":"3 Sentries","floor":8,"turns":1},{"damage":22,"enemies":"Gremlin Nob","floor":10,"turns":5},{"damage":11,"enemies":"Lagavulin Event","floor":12,"turns":7},{"damage":0,"enemies":"Cultist","floor":14,"turns":3},{"damage":16,"enemies":"Slime Boss","floor":16,"turns":6},{"damage":3,"enemies":"Chosen","floor":18,"turns":4},{"damage":6,"enemies":"Shell Parasite","floor":21,"turns":5},{"damage":15,"enemies":"Book of Stabbing","floor":24,"turns":6},{"damage":27,"enemies":"Gremlin Leader","floor":27,"turns":6},{"damage":15,"enemies":"Centurion and Healer","floor":28,"turns":7},{"damage":15,"enemies":"Snake Plant","floor":29,"turns":3},{"damage":60,"enemies":"Slavers","floor":30,"turns":4}],"seed_played":"-521525169719180656","potions_obtained":[{"floor":10,"key":"Weak Potion"},{"floor":12,"key":"Explosive Potion"},{"floor":16,"key":"DistilledChaos"},{"floor":27,"key":"EssenceOfSteel"},{"floor":28,"key":"Fruit Juice"},{"floor":29,"key":"LiquidBronze"}],"is_trial":false,"path_per_floor":["M","?","$","T","$","E","R","E","T","E","?","?","R","M","R","B",null,"M","?","?","M","$","R","E","R","T","E","M","M","E"],"character_chosen":"DEFECT","items_purchased":["Conserve Battery","Runic Capacitor","Consume"],"campfire_rested":1,"item_purchase_floors":[3,5,22],"current_hp_per_floor":[64,64,64,64,64,64,64,64,64,42,20,9,30,42,42,38,63,60,60,60,54,54,54,44,44,44,34,41,38,0],"gold":355,"neow_bonus":"THREE_ENEMY_KILL","is_prod":false,"is_daily":false,"chose_seed":false,"campfire_upgraded":4,"win_rate":0,"timestamp":1618936349,"path_taken":["M","?","$","?","$","E","R","E","T","E","?","?","R","M","R","BOSS","M","?","?","M","$","R","E","R","T","E","M","?","E"],"build_version":"2020-12-22","purchased_purges":0,"victory":false,"max_hp_per_floor":[71,71,71,71,71,71,71,71,71,71,71,71,71,71,71,71,71,71,71,71,71,71,71,71,71,71,71,76,76,76],"card_choices":[{"not_picked":["Chill","Compile Driver"],"picked":"Sweeping Beam","floor":1},{"not_picked":["Barrage","Force Field"],"picked":"Beam Cell","floor":6},{"not_picked":["Beam Cell","Conserve Battery"],"picked":"Auto Shields","floor":8},{"not_picked":["Gash","Leap"],"picked":"Chaos","floor":10},{"not_picked":["Sweeping Beam","Ball Lightning"],"picked":"Echo Form","floor":12},{"not_picked":["Undo","Go for the Eyes"],"picked":"Lockon","floor":14},{"not_picked":["Reboot","All For One"],"picked":"Rainbow","floor":16},{"not_picked":["Skim","Beam Cell","Leap"],"picked":"SKIP","floor":18},{"not_picked":["Streamline","Stack"],"picked":"Capacitor","floor":21},{"not_picked":["Coolheaded","Rebound"],"picked":"Capacitor+1","floor":24},{"not_picked":["Conserve Battery+1","Sunder","Cold Snap+1"],"picked":"SKIP","floor":27},{"not_picked":["Double Energy+1","Fusion+1"],"picked":"Reboot+1","floor":28},{"not_picked":["Streamline+1","Go for the Eyes+1","Blizzard"],"picked":"SKIP","floor":29}],"player_experience":1384117,"relics_obtained":[{"floor":4,"key":"Shuriken"},{"floor":6,"key":"Oddly Smooth Stone"},{"floor":8,"key":"TungstenRod"},{"floor":9,"key":"Matryoshka"},{"floor":10,"key":"DataDisk"},{"floor":12,"key":"Meat on the Bone"},{"floor":20,"key":"Toy Ornithopter"},{"floor":24,"key":"Bag of Marbles"},{"floor":26,"key":"Ancient Tea Set"},{"floor":26,"key":"Whetstone"},{"floor":27,"key":"Toxic Egg 2"}],"event_choices":[{"cards_removed":["Strike_B"],"damage_healed":0,"gold_gain":0,"player_choice":"Purged","damage_taken":0,"max_hp_gain":0,"max_hp_loss":0,"event_name":"Purifier","floor":2,"gold_loss":0},{"damage_healed":0,"gold_gain":0,"player_choice":"Success","damage_taken":26,"relics_obtained":["InkBottle"],"max_hp_gain":0,"max_hp_loss":0,"event_name":"Scrap Ooze","floor":11,"gold_loss":0},{"damage_healed":0,"gold_gain":0,"player_choice":"Searched \u00271\u0027 times","damage_taken":0,"max_hp_gain":0,"max_hp_loss":0,"event_name":"Dead Adventurer","floor":12,"gold_loss":0},{"damage_healed":0,"gold_gain":0,"player_choice":"Ignored","damage_taken":0,"max_hp_gain":0,"max_hp_loss":0,"event_name":"Ghosts","floor":19,"gold_loss":0},{"damage_healed":0,"gold_gain":0,"player_choice":"Relic","damage_taken":0,"max_hp_gain":0,"max_hp_loss":0,"event_name":"Wheel of Change","floor":20,"gold_loss":0}],"is_beta":false,"boss_relics":[{"not_picked":["Tiny House","Snecko Eye"],"picked":"Nuclear Battery"}],"items_purged_floors":[],"is_endless":false,"potions_floor_spawned":[10,12,16,21,27,28,29],"killed_by":"Slavers","ascension_level":16}