{"gold_per_floor":[119,119,130,157,307,307,342,342,342,417,443,96,146,163,163,240,240,250,92,64,64,79,79,112,130,130,130,181,181,89,89,89,89],"floor_reached":33,"playtime":7223,"items_purged":["Doubt"],"score":526,"play_id":"f4d9a6b9-5587-4da2-b124-7b94430355f7","local_time":"20210416112454","is_ascension_mode":true,"campfire_choices":[{"data":"Streamline","floor":6,"key":"SMITH"},{"data":"Rainbow","floor":8,"key":"SMITH"},{"floor":15,"key":"REST"},{"data":"Genetic Algorithm","floor":23,"key":"SMITH"},{"floor":29,"key":"REST"},{"data":"Mind Blast","floor":32,"key":"SMITH"}],"neow_cost":"NONE","seed_source_timestamp":608136795908500,"circlet_count":0,"master_deck":["AscendersBane","Zap","Dualcast","Sweeping Beam","Streamline+1","Steam","Rainbow+1","Fission","Genetic Algorithm+1","Jack Of All Trades","Fission","Double Energy","Storm","Fission","Skim","Melter","Streamline","Barrage","Scrape","Coolheaded","Lockon","Compile Driver","Recycle","Mind Blast+1","Writhe"],"relics":["Cracked Core","NeowsBlessing","Ancient Tea Set","Mercury Hourglass","Dead Branch","InkBottle","Pandora\u0027s Box","Runic Capacitor","StoneCalendar","Bottled Lightning","Smiling Mask","Oddly Smooth Stone"],"potions_floor_usage":[33],"damage_taken":[{"damage":0,"enemies":"Jaw Worm","floor":1,"turns":1},{"damage":0,"enemies":"Cultist","floor":3,"turns":1},{"damage":0,"enemies":"Gremlin Nob","floor":7,"turns":1},{"damage":31,"enemies":"Lagavulin","floor":11,"turns":6},{"damage":0,"enemies":"Small Slimes","floor":14,"turns":3},{"damage":17,"enemies":"The Guardian","floor":16,"turns":13},{"damage":15,"enemies":"Shell Parasite","floor":18,"turns":3},{"damage":0,"enemies":"Spheric Guardian","floor":22,"turns":3},{"damage":1,"enemies":"Gremlin Leader","floor":24,"turns":5},{"damage":25,"enemies":"Snecko","floor":25,"turns":6},{"damage":55,"enemies":"Collector","floor":33,"turns":6}],"seed_played":"-409271489999807827","potions_obtained":[{"floor":1,"key":"LiquidMemories"},{"floor":3,"key":"PotionOfCapacity"},{"floor":11,"key":"SteroidPotion"},{"floor":24,"key":"BlessingOfTheForge"}],"is_trial":false,"path_per_floor":["M","?","M","T","?","R","E","R","T","?","E","$","?","M","R","B",null,"M","$","$","?","M","R","E","M","T","?","T","R","$","?","R","B"],"character_chosen":"DEFECT","items_purchased":["Fission","Genetic Algorithm","Jack Of All Trades","Runic Capacitor","Coolheaded","Mind Blast"],"campfire_rested":2,"item_purchase_floors":[12,12,12,19,20,30],"current_hp_per_floor":[64,64,64,64,64,64,64,64,64,53,22,22,22,22,43,26,60,45,45,45,45,45,45,44,19,19,19,19,40,40,40,40,0],"gold":89,"neow_bonus":"THREE_ENEMY_KILL","is_prod":false,"is_daily":false,"chose_seed":false,"campfire_upgraded":4,"win_rate":0,"timestamp":1618586694,"path_taken":["M","?","?","?","?","R","E","R","T","?","E","$","?","M","R","BOSS","M","?","$","?","?","R","E","M","T","?","?","R","$","?","R","BOSS"],"build_version":"2020-12-22","purchased_purges":1,"victory":false,"max_hp_per_floor":[71,71,71,71,71,71,71,71,71,71,71,71,71,71,71,71,71,71,71,71,71,71,71,71,71,71,71,71,71,71,71,71,71],"card_choices":[{"not_picked":["Loop","Beam Cell"],"picked":"Sweeping Beam","floor":1},{"not_picked":["White Noise","Barrage"],"picked":"Steam","floor":3},{"not_picked":["Turbo","Loop"],"picked":"Rainbow","floor":7},{"not_picked":["Streamline","Barrage","Aggregate"],"picked":"SKIP","floor":11},{"not_picked":["Hologram","Stack"],"picked":"Gash","floor":14},{"not_picked":["Reboot","Multi-Cast"],"picked":"Fission","floor":16},{"not_picked":["Rebound","Lockon"],"picked":"Scrape","floor":18},{"not_picked":["Steam","Reinforced Body","Hello World"],"picked":"SKIP","floor":22},{"not_picked":["Cold Snap","Beam Cell"],"picked":"Compile Driver","floor":24},{"not_picked":["Beam Cell","Blizzard"],"picked":"Recycle","floor":25}],"player_experience":1370305,"relics_obtained":[{"floor":4,"key":"Ancient Tea Set"},{"floor":7,"key":"Mercury Hourglass"},{"floor":9,"key":"Dead Branch"},{"floor":11,"key":"InkBottle"},{"floor":24,"key":"StoneCalendar"},{"floor":26,"key":"Bottled Lightning"},{"floor":28,"key":"Smiling Mask"}],"event_choices":[{"damage_healed":0,"gold_gain":0,"cards_transformed":["Strike_B"],"player_choice":"Transformed","damage_taken":0,"max_hp_gain":0,"max_hp_loss":0,"event_name":"Transmorgrifier","floor":2,"gold_loss":0,"cards_obtained":["Streamline"]},{"damage_healed":0,"gold_gain":150,"player_choice":"AGREE","damage_taken":0,"max_hp_gain":0,"max_hp_loss":0,"event_name":"Liars Game","floor":5,"gold_loss":0,"cards_obtained":["Doubt"]},{"damage_healed":0,"gold_gain":75,"player_choice":"Gather Gold","damage_taken":11,"max_hp_gain":0,"max_hp_loss":0,"event_name":"World of Goop","floor":10,"gold_loss":0},{"damage_healed":0,"gold_gain":50,"player_choice":"Pray","damage_taken":0,"max_hp_gain":0,"max_hp_loss":0,"event_name":"Golden Shrine","floor":13,"gold_loss":0},{"damage_healed":0,"gold_gain":0,"cards_transformed":["Gash"],"player_choice":"Transformed","damage_taken":0,"max_hp_gain":0,"max_hp_loss":0,"event_name":"Transmorgrifier","floor":21,"gold_loss":0,"cards_obtained":["Lockon"]},{"damage_healed":0,"gold_gain":0,"player_choice":"Ignored","damage_taken":0,"max_hp_gain":0,"max_hp_loss":0,"event_name":"Beggar","floor":27,"gold_loss":0},{"damage_healed":0,"gold_gain":0,"player_choice":"Opened","damage_taken":0,"relics_obtained":["Oddly Smooth Stone"],"max_hp_gain":0,"max_hp_loss":0,"event_name":"The Mausoleum","floor":31,"gold_loss":0,"cards_obtained":["Writhe"]}],"is_beta":false,"boss_relics":[{"not_picked":["Runic Pyramid","Nuclear Battery"],"picked":"Pandora\u0027s Box"}],"items_purged_floors":[12],"is_endless":false,"potions_floor_spawned":[1,3,11,22,24,25],"killed_by":"Collector","ascension_level":16}