{"gold_per_floor":[13,32,32,48,48,48,13,38,50,87,75,92,119,138,138,138],"floor_reached":16,"playtime":529,"items_purged":[],"score":216,"play_id":"52b8abf7-19e0-42b4-b7a9-693313584594","local_time":"20210419211053","is_ascension_mode":true,"campfire_choices":[{"data":"Pain","floor":6,"key":"PURGE"},{"floor":15,"key":"REST"}],"neow_cost":"NO_GOLD","seed_source_timestamp":4461216829900,"circlet_count":0,"master_deck":["AscendersBane","Strike_B","Strike_B","Strike_B","Strike_B","Defend_B","Defend_B","Defend_B","Defend_B","Zap","Dualcast","Leap","Sunder","Beam Cell","Gash","Cold Snap","Streamline","Scrape","Reprogram"],"relics":["Cracked Core","Peace Pipe","WarpedTongs","Sundial","MawBank","Bottled Lightning","Pen Nib","DataDisk"],"potions_floor_usage":[8,10,16],"damage_taken":[{"damage":4,"enemies":"Jaw Worm","floor":1,"turns":4},{"damage":0,"enemies":"Cultist","floor":2,"turns":3},{"damage":1,"enemies":"2 Louse","floor":4,"turns":2},{"damage":19,"enemies":"3 Sentries","floor":8,"turns":6},{"damage":7,"enemies":"Lagavulin","floor":10,"turns":6},{"damage":4,"enemies":"Looter","floor":12,"turns":2},{"damage":20,"enemies":"3 Sentries","floor":13,"turns":6},{"damage":13,"enemies":"3 Louse","floor":14,"turns":2},{"damage":25,"enemies":"The Guardian","floor":16,"turns":9}],"seed_played":"224433752681242367","potions_obtained":[{"floor":4,"key":"DuplicationPotion"},{"floor":8,"key":"FocusPotion"},{"floor":14,"key":"Strength Potion"}],"is_trial":false,"path_per_floor":["M","M","?","M","?","R","?","E","T","E","$","M","E","M","R","B"],"character_chosen":"DEFECT","items_purchased":["Cold Snap"],"campfire_rested":1,"item_purchase_floors":[11],"current_hp_per_floor":[60,60,60,59,48,48,65,46,46,39,39,35,15,2,23,0],"gold":138,"neow_bonus":"ONE_RARE_RELIC","is_prod":false,"is_daily":false,"chose_seed":false,"campfire_upgraded":0,"win_rate":0,"timestamp":1618881053,"path_taken":["M","M","?","?","?","R","?","E","T","E","$","M","E","M","R","BOSS"],"build_version":"2020-12-22","purchased_purges":0,"victory":false,"max_hp_per_floor":[71,71,71,71,71,71,71,71,71,71,71,71,71,71,71,71],"card_choices":[{"not_picked":["Rebound","Force Field"],"picked":"Leap","floor":1},{"not_picked":["Tempest","Turbo"],"picked":"Sunder","floor":2},{"not_picked":["Scrape","Compile Driver"],"picked":"Beam Cell","floor":4},{"not_picked":["Storm","Aggregate","Static Discharge"],"picked":"SKIP","floor":8},{"not_picked":["Go for the Eyes","Recycle"],"picked":"Gash","floor":10},{"not_picked":["Aggregate","Compile Driver"],"picked":"Streamline","floor":12},{"not_picked":["Hologram","Cold Snap"],"picked":"Scrape","floor":13},{"not_picked":["Leap","Reinforced Body"],"picked":"Reprogram","floor":14}],"player_experience":1383470,"relics_obtained":[{"floor":8,"key":"MawBank"},{"floor":9,"key":"Bottled Lightning"},{"floor":10,"key":"Pen Nib"},{"floor":13,"key":"DataDisk"}],"event_choices":[{"damage_healed":0,"gold_gain":0,"player_choice":"Rummage","damage_taken":0,"relics_obtained":["WarpedTongs"],"max_hp_gain":0,"max_hp_loss":0,"event_name":"Accursed Blacksmith","floor":3,"gold_loss":0,"cards_obtained":["Pain"]},{"damage_healed":0,"gold_gain":0,"player_choice":"Success","damage_taken":11,"relics_obtained":["Sundial"],"max_hp_gain":0,"max_hp_loss":0,"event_name":"Scrap Ooze","floor":5,"gold_loss":0},{"damage_healed":17,"gold_gain":0,"player_choice":"Healed","damage_taken":0,"max_hp_gain":0,"max_hp_loss":0,"event_name":"The Cleric","floor":7,"gold_loss":35}],"is_beta":false,"boss_relics":[],"items_purged_floors":[],"is_endless":false,"potions_floor_spawned":[4,8,14],"killed_by":"The Guardian","ascension_level":16}