{"gold_per_floor":[360,435,452,49,49,49,84,101,101,101,101,121,121,138,138,210,210,229,240,76,89,139,139,152,0,0,0,0,34,34,44,44,44],"floor_reached":33,"playtime":1369,"items_purged":[],"score":567,"play_id":"deb337f7-d56a-4655-a5c1-8ff5e7208ac2","local_time":"20210420125937","is_ascension_mode":true,"campfire_choices":[{"data":"Hyperbeam","floor":6.0,"key":"SMITH"},{"data":"Zap","floor":10.0,"key":"SMITH"},{"floor":13.0,"key":"REST"},{"floor":15.0,"key":"REST"},{"floor":23,"key":"REST"},{"floor":28,"key":"REST"},{"floor":30,"key":"REST"},{"floor":32,"key":"REST"}],"neow_cost":"PERCENT_DAMAGE","seed_source_timestamp":60470039045900,"circlet_count":0,"master_deck":["AscendersBane","Strike_B","Strike_B","Strike_B","Defend_B","Defend_B","Defend_B","Zap+1","Dualcast","Self Repair","Undo","Doom and Gloom","Hyperbeam+1","Lockon","Compile Driver","Core Surge","Reinforced Body+1","Redo","Loop+1","Capacitor+1"],"special_seed":0,"relics":["Cracked Core","DataDisk","Medical Kit","Sundial","Pen Nib","Snecko Eye","Chemical X","Frozen Egg 2","Matryoshka"],"potions_floor_usage":[31,33],"damage_taken":[{"damage":7.0,"enemies":"Jaw Worm","floor":1.0,"turns":3.0},{"damage":0.0,"enemies":"Small Slimes","floor":3.0,"turns":4.0},{"damage":15.0,"enemies":"Lagavulin","floor":7.0,"turns":4.0},{"damage":0.0,"enemies":"Cultist","floor":8.0,"turns":3.0},{"damage":15.0,"enemies":"Exordium Wildlife","floor":12.0,"turns":3.0},{"damage":0.0,"enemies":"3 Louse","floor":14.0,"turns":1.0},{"damage":0.0,"enemies":"Slime Boss","floor":16.0,"turns":6.0},{"damage":7.0,"enemies":"Chosen","floor":18.0,"turns":4.0},{"damage":39,"enemies":"2 Thieves","floor":19,"turns":4},{"damage":28,"enemies":"Centurion and Healer","floor":21,"turns":4},{"damage":1,"enemies":"Snake Plant","floor":24,"turns":4},{"damage":34,"enemies":"Slavers","floor":29,"turns":3},{"damage":0,"enemies":"Sentry and Sphere","floor":31,"turns":4},{"damage":62,"enemies":"Collector","floor":33,"turns":7}],"seed_played":"-5023199759482911790","potions_obtained":[{"floor":1.0,"key":"DistilledChaos"},{"floor":12.0,"key":"SpeedPotion"},{"floor":14.0,"key":"LiquidMemories"},{"floor":21,"key":"LiquidMemories"},{"floor":29,"key":"AttackPotion"}],"is_trial":false,"path_per_floor":["M","?","M","$","?","R","E","M","T","R","?","M","R","M","R","B",null,"M","M","$","M","?","R","M","?","T","?","R","E","R","M","R","B"],"character_chosen":"DEFECT","items_purchased":["DataDisk","Doom and Gloom","Medical Kit","Chemical X"],"campfire_rested":6,"item_purchase_floors":[4,4,4,20],"current_hp_per_floor":[39,28,35,35,35,35,27,34,34,34,24,9,30,30,51,58,68,68,29,29,1,1,22,28,28,28,28,49,15,36,36,57,0],"gold":44,"neow_bonus":"TWO_FIFTY_GOLD","is_prod":false,"is_daily":false,"chose_seed":false,"campfire_upgraded":2,"win_rate":0,"timestamp":1618937977,"path_taken":["M","?","M","$","?","R","E","M","T","R","?","M","R","M","R","BOSS","M","M","$","?","?","R","M","?","T","?","R","E","R","M","R","BOSS"],"build_version":"2020-12-22","purchased_purges":0,"victory":false,"max_hp_per_floor":[71,71,71,71,71,71,71,71,71,71,71,71,71,71,71,71,71,71,71,71,71,71,71,71,71,71,71,71,71,71,71,71,71],"card_choices":[{"not_picked":["Barrage","Capacitor"],"picked":"Self Repair","floor":1.0},{"not_picked":["Steam","Rebound"],"picked":"Undo","floor":3.0},{"not_picked":["Steam Power","Ball Lightning"],"picked":"Lockon","floor":7.0},{"not_picked":["Doom and Gloom","Stack","Cold Snap"],"picked":"SKIP","floor":8.0},{"not_picked":["Barrage","Go for the Eyes","Coolheaded"],"picked":"SKIP","floor":12.0},{"not_picked":["Static Discharge","Turbo"],"picked":"Compile Driver","floor":14.0},{"not_picked":["Thunder Strike","Rainbow"],"picked":"Core Surge","floor":16.0},{"not_picked":["Leap","Barrage","Conserve Battery"],"picked":"SKIP","floor":18.0},{"not_picked":["Heatsinks","Self Repair"],"picked":"Reinforced Body+1","floor":19},{"not_picked":["Gash","Compile Driver","Storm"],"picked":"SKIP","floor":21},{"not_picked":["Streamline","Go for the Eyes"],"picked":"Redo","floor":24},{"not_picked":["Leap","Rebound"],"picked":"Loop+1","floor":29},{"not_picked":["BootSequence","Blizzard"],"picked":"Capacitor+1","floor":31}],"player_experience":1385945,"relics_obtained":[{"floor":7.0,"key":"Sundial"},{"floor":9.0,"key":"Pen Nib"},{"floor":26,"key":"Frozen Egg 2"},{"floor":29,"key":"Matryoshka"}],"event_choices":[{"damage_healed":0.0,"max_hp_gain":0.0,"max_hp_loss":0.0,"gold_gain":75.0,"event_name":"World of Goop","player_choice":"Gather Gold","floor":2.0,"gold_loss":0.0,"damage_taken":11.0},{"damage_healed":0.0,"max_hp_gain":0.0,"max_hp_loss":0.0,"gold_gain":0.0,"cards_transformed":["Defend_B"],"event_name":"Living Wall","player_choice":"Change","floor":5.0,"gold_loss":0.0,"damage_taken":0.0,"cards_obtained":["Hyperbeam"]},{"damage_healed":0.0,"max_hp_gain":0.0,"max_hp_loss":0.0,"gold_gain":0.0,"event_name":"Wheel of Change","player_choice":"Damaged","floor":11.0,"gold_loss":0.0,"damage_taken":10.0},{"damage_healed":0,"gold_gain":50,"player_choice":"Stole From Cult","damage_taken":0,"max_hp_gain":0,"max_hp_loss":0,"event_name":"Nest","floor":22,"gold_loss":0},{"damage_healed":0,"gold_gain":0,"player_choice":"Paid Fearfully","damage_taken":0,"max_hp_gain":0,"max_hp_loss":0,"event_name":"Masked Bandits","floor":25,"gold_loss":152},{"cards_removed":["Strike_B"],"damage_healed":0,"gold_gain":0,"player_choice":"Purged","damage_taken":0,"max_hp_gain":0,"max_hp_loss":0,"event_name":"Purifier","floor":27,"gold_loss":0}],"is_beta":false,"boss_relics":[{"not_picked":["Philosopher\u0027s Stone","SacredBark"],"picked":"Snecko Eye"}],"items_purged_floors":[],"is_endless":false,"potions_floor_spawned":[1,12,14,21,29],"killed_by":"Collector","ascension_level":16}