{"gold_per_floor":[117,89,14,14,14,54,72,95,95,95,151,170,56,89,89,185,185,208,232,248,248,248,248,279,279,306,306,344,358,371,4,4,4],"floor_reached":33,"playtime":1226,"items_purged":["Injury"],"score":626,"play_id":"b7c45b82-002c-4ee0-ab2e-f4039d22163c","local_time":"20210422144702","is_ascension_mode":true,"campfire_choices":[{"data":"Zap","floor":10,"key":"SMITH"},{"data":"Lockon","floor":15,"key":"SMITH"},{"floor":23,"key":"REST"},{"data":"Defragment","floor":25,"key":"SMITH"},{"data":"Defragment","floor":32,"key":"SMITH"}],"neow_cost":"PERCENT_DAMAGE","seed_source_timestamp":239931606873500,"circlet_count":0,"master_deck":["AscendersBane","Strike_B","Strike_B","Defend_B","Defend_B","Defend_B","Zap+1","Dualcast","Ball Lightning","Streamline","Coolheaded+1","Tempest+1","Rebound","Stack+1","Auto Shields+1","Lockon+1","Reboot+1","Defragment+1","Rainbow+1","Skim+1","Aggregate+1","PanicButton+1","Barrage+1","Sweeping Beam+1","Double Energy+1","Defragment+1","Core Surge"],"relics":["Cracked Core","Meat on the Bone","Golden Idol","Toxic Egg 2","Akabeko","Matryoshka","SacredBark","Mango","Pen Nib","Strawberry","Ice Cream","Oddly Smooth Stone"],"potions_floor_usage":[14,27,28,33],"damage_taken":[{"damage":0,"enemies":"2 Louse","floor":1,"turns":2},{"damage":48,"enemies":"Gremlin Nob","floor":6,"turns":5},{"damage":7,"enemies":"Jaw Worm","floor":7,"turns":3},{"damage":1,"enemies":"Small Slimes","floor":8,"turns":2},{"damage":12,"enemies":"Exordium Wildlife","floor":12,"turns":3},{"damage":0,"enemies":"3 Sentries","floor":14,"turns":5},{"damage":26,"enemies":"Hexaghost","floor":16,"turns":9},{"damage":10,"enemies":"Shell Parasite","floor":18,"turns":5},{"damage":2,"enemies":"Chosen","floor":19,"turns":4},{"damage":36,"enemies":"Shelled Parasite and Fungi","floor":20,"turns":6},{"damage":61,"enemies":"Gremlin Leader","floor":24,"turns":12},{"damage":0,"enemies":"3 Cultists","floor":27,"turns":1},{"damage":23,"enemies":"Book of Stabbing","floor":28,"turns":4},{"damage":0,"enemies":"Centurion and Healer","floor":29,"turns":5},{"damage":0,"enemies":"Snecko","floor":30,"turns":3},{"damage":65,"enemies":"Collector","floor":33,"turns":5}],"seed_played":"6121736329474319873","potions_obtained":[{"floor":6,"key":"FairyPotion"},{"floor":8,"key":"AttackPotion"},{"floor":19,"key":"Strength Potion"},{"floor":24,"key":"SmokeBomb"},{"floor":30,"key":"PowerPotion"}],"is_trial":false,"path_per_floor":["M","$","?","?","?","E","M","M","T","R","?","M","$","E","R","B",null,"M","M","M","?","?","R","E","R","T","M","E","M","M","$","R","B"],"character_chosen":"DEFECT","items_purchased":["Streamline","Auto Shields+1","Oddly Smooth Stone","Defragment","Core Surge"],"campfire_rested":1,"item_purchase_floors":[2,13,31,31,31],"current_hp_per_floor":[60,60,60,49,49,13,18,29,29,29,29,29,29,41,41,27,71,61,59,35,35,23,48,65,65,72,72,61,61,61,61,61,0],"gold":4,"neow_bonus":"TWENTY_PERCENT_HP_BONUS","is_prod":false,"is_daily":false,"chose_seed":false,"campfire_upgraded":4,"win_rate":0,"timestamp":1619117222,"path_taken":["M","$","?","?","?","E","M","?","T","R","?","M","?","E","R","BOSS","M","M","?","?","?","R","E","R","T","?","E","M","M","$","R","BOSS"],"build_version":"2020-12-22","purchased_purges":1,"victory":false,"max_hp_per_floor":[85,85,85,85,85,85,85,85,85,85,85,85,85,85,85,85,85,85,85,85,85,85,85,99,99,106,106,106,106,106,106,106,106],"card_choices":[{"not_picked":["Go for the Eyes","Scrape"],"picked":"Ball Lightning","floor":1},{"not_picked":["Blizzard","Gash"],"picked":"Coolheaded+1","floor":6},{"not_picked":["Undo+1","Doom and Gloom"],"picked":"Tempest+1","floor":7},{"not_picked":["Beam Cell","Force Field+1"],"picked":"Rebound","floor":8},{"not_picked":["Blizzard","Reprogram+1"],"picked":"Stack+1","floor":12},{"not_picked":["Blizzard","Chaos+1"],"picked":"Lockon","floor":14},{"not_picked":["Machine Learning","Creative AI"],"picked":"Reboot+1","floor":16},{"not_picked":["Steam+1","Ball Lightning","Streamline"],"picked":"SKIP","floor":18},{"not_picked":["Steam+1","Ball Lightning","Streamline"],"picked":"SKIP","floor":18},{"not_picked":["Go for the Eyes","Cold Snap"],"picked":"Defragment","floor":19},{"not_picked":["Beam Cell","Stack+1"],"picked":"Rainbow+1","floor":20},{"not_picked":["Gash","Undo+1"],"picked":"Barrage+1","floor":24},{"not_picked":["Steam Power+1","Rainbow+1"],"picked":"Sweeping Beam+1","floor":28},{"not_picked":["Hologram+1","Static Discharge","Steam+1"],"picked":"SKIP","floor":29},{"not_picked":["Consume+1","Skim+1"],"picked":"Double Energy+1","floor":30}],"player_experience":1387995,"relics_obtained":[{"floor":6,"key":"Toxic Egg 2"},{"floor":9,"key":"Akabeko"},{"floor":14,"key":"Matryoshka"},{"floor":24,"key":"Mango"},{"floor":26,"key":"Pen Nib"},{"floor":26,"key":"Strawberry"},{"floor":28,"key":"Ice Cream"}],"event_choices":[{"cards_removed":["Strike_B"],"damage_healed":0,"gold_gain":0,"player_choice":"Card Removal","damage_taken":0,"max_hp_gain":0,"max_hp_loss":0,"event_name":"The Cleric","floor":3,"gold_loss":75},{"damage_healed":0,"gold_gain":0,"player_choice":"Success","damage_taken":11,"relics_obtained":["Meat on the Bone"],"max_hp_gain":0,"max_hp_loss":0,"event_name":"Scrap Ooze","floor":4,"gold_loss":0},{"damage_healed":0,"gold_gain":0,"player_choice":"Take Wound","damage_taken":0,"relics_obtained":["Golden Idol"],"max_hp_gain":0,"max_hp_loss":0,"event_name":"Golden Idol","floor":5,"gold_loss":0,"cards_obtained":["Injury"]},{"damage_healed":0,"gold_gain":56,"player_choice":"Gained Gold","damage_taken":0,"max_hp_gain":0,"max_hp_loss":0,"event_name":"Golden Wing","floor":11,"gold_loss":0},{"damage_healed":0,"gold_gain":0,"cards_transformed":["Strike_B","Defend_B"],"player_choice":"Became Test Subject","damage_taken":0,"max_hp_gain":0,"max_hp_loss":0,"event_name":"Drug Dealer","floor":21,"gold_loss":0,"cards_obtained":["Skim","Aggregate"]},{"damage_healed":0,"gold_gain":0,"player_choice":"CARD ","damage_taken":12,"max_hp_gain":0,"max_hp_loss":0,"event_name":"Knowing Skull","floor":22,"potions_obtained":[],"gold_loss":0,"cards_obtained":["PanicButton"]}],"is_beta":false,"boss_relics":[{"not_picked":["Coffee Dripper","Tiny House"],"picked":"SacredBark"}],"items_purged_floors":[13],"is_endless":false,"potions_floor_spawned":[6,8,19,24,30],"killed_by":"Collector","ascension_level":16}