{"gold_per_floor":[117,87,100,113,188,188,214,233,259,259,283,283,302,335,335,335],"floor_reached":16,"playtime":512,"items_purged":[],"score":198,"play_id":"d12bd6a3-b5c1-4bd5-ba58-ed2828428853","local_time":"20210429221544","is_ascension_mode":true,"campfire_choices":[{"data":"Chaos","floor":6,"key":"SMITH"},{"floor":10,"key":"REST"},{"data":"Zap","floor":12,"key":"SMITH"},{"data":"Loop","floor":15,"key":"SMITH"}],"neow_cost":"CURSE","seed_source_timestamp":331941723797300,"circlet_count":0,"master_deck":["AscendersBane","Strike_B","Strike_B","Strike_B","Strike_B","Defend_B","Defend_B","Defend_B","Defend_B+1","Zap+1","Dualcast","Decay","Hologram+1","Reinforced Body","Chaos+1","Rebound","Darkness","Loop+1","Barrage"],"relics":["Cracked Core","Lizard Tail","War Paint","Blood Vial","Tiny Chest","Ancient Tea Set"],"potions_floor_usage":[7,7,14,14],"damage_taken":[{"damage":4,"enemies":"Jaw Worm","floor":1,"turns":3},{"damage":3,"enemies":"Cultist","floor":3,"turns":3},{"damage":4,"enemies":"Small Slimes","floor":4,"turns":5},{"damage":40,"enemies":"Gremlin Nob","floor":7,"turns":5},{"damage":18,"enemies":"Blue Slaver","floor":8,"turns":4},{"damage":24,"enemies":"Exordium Thugs","floor":13,"turns":5},{"damage":20,"enemies":"3 Sentries","floor":14,"turns":7},{"damage":13,"enemies":"Hexaghost","floor":16,"turns":8}],"seed_played":"2312078846804777800","potions_obtained":[{"floor":2,"key":"Block Potion"},{"floor":2,"key":"Block Potion"},{"floor":3,"key":"PowerPotion"},{"floor":7,"key":"Strength Potion"},{"floor":13,"key":"GamblersBrew"}],"is_trial":false,"path_per_floor":["M","?","M","M","?","R","E","M","T","R","T","R","M","E","R","B"],"character_chosen":"DEFECT","items_purchased":[],"campfire_rested":1,"item_purchase_floors":[],"current_hp_per_floor":[60,60,57,53,42,42,2,27,27,48,48,48,26,8,8,0],"gold":335,"neow_bonus":"ONE_RARE_RELIC","is_prod":false,"is_daily":false,"chose_seed":false,"campfire_upgraded":3,"win_rate":0,"timestamp":1619748944,"path_taken":["M","?","?","M","?","R","E","M","T","R","?","R","M","E","R","BOSS"],"build_version":"2020-12-22","purchased_purges":0,"victory":false,"max_hp_per_floor":[71,71,71,71,71,71,71,71,71,71,71,71,71,71,71,71],"card_choices":[{"not_picked":["Stack","Blizzard"],"picked":"Hologram","floor":1},{"not_picked":["Force Field","Loop"],"picked":"Reinforced Body","floor":3},{"not_picked":["Self Repair","Stack"],"picked":"Chaos","floor":4},{"not_picked":["Turbo","Reprogram"],"picked":"Rebound","floor":7},{"not_picked":["Rip and Tear","Static Discharge"],"picked":"Darkness","floor":8},{"not_picked":["Heatsinks","Reprogram"],"picked":"Loop","floor":13},{"not_picked":["Hologram","Coolheaded"],"picked":"Barrage","floor":14}],"player_experience":1404151,"relics_obtained":[{"floor":7,"key":"War Paint"},{"floor":9,"key":"Blood Vial"},{"floor":11,"key":"Tiny Chest"},{"floor":14,"key":"Ancient Tea Set"}],"event_choices":[{"damage_healed":0,"gold_gain":0,"player_choice":"Bought 2 Potions","damage_taken":0,"max_hp_gain":0,"max_hp_loss":0,"event_name":"The Woman in Blue","floor":2,"gold_loss":0},{"damage_healed":0,"gold_gain":75,"player_choice":"Gather Gold","damage_taken":11,"max_hp_gain":0,"max_hp_loss":0,"event_name":"World of Goop","floor":5,"gold_loss":0}],"is_beta":false,"boss_relics":[],"items_purged_floors":[],"is_endless":false,"potions_floor_spawned":[3,4,7,13],"killed_by":"Hexaghost","ascension_level":16}