{"gold_per_floor":[116,116,26,26,46,46,85,106,130,146,189,189,224,240,240,335,335,349,349,369,392,408,408,442,442,468,468,468,508,508,549,549,549],"floor_reached":33,"playtime":1228,"items_purged":[],"score":625,"play_id":"41d86bed-1e0f-4026-9b65-97684ec939ad","local_time":"20210429000010","is_ascension_mode":true,"campfire_choices":[{"data":"Chaos","floor":6,"key":"SMITH"},{"data":"Consume","floor":15,"key":"SMITH"},{"floor":23,"key":"REST"},{"floor":25,"key":"REST"},{"floor":27,"key":"REST"},{"floor":30,"key":"REST"},{"data":"Biased Cognition","floor":32,"key":"SMITH"}],"neow_cost":"NONE","seed_source_timestamp":251091016327000,"circlet_count":0,"master_deck":["AscendersBane","Strike_B","Strike_B","Strike_B","Strike_B","Defend_B","Defend_B","Defend_B","Defend_B","Zap","Dualcast","Glacier","Bandage Up","Chaos+1","Ball Lightning","All For One","Consume+1","Leap","Biased Cognition+1","Melter","Redo","Compile Driver","Blizzard","FTL+1"],"relics":["Cracked Core","NeowsBlessing","Golden Idol","Spirit Poop","Bag of Preparation","Regal Pillow","Bag of Marbles","Unceasing Top","Black Star","MealTicket","Ginger","Incense Burner","Lantern","Akabeko","Emotion Chip","Bronze Scales","Kunai","Bird Faced Urn"],"potions_floor_usage":[11,13,14,16,31,31,33],"damage_taken":[{"damage":0,"enemies":"2 Louse","floor":1,"turns":1},{"damage":0,"enemies":"Cultist","floor":5,"turns":1},{"damage":0,"enemies":"3 Sentries","floor":7,"turns":1},{"damage":2,"enemies":"Jaw Worm","floor":8,"turns":3},{"damage":0,"enemies":"3 Louse","floor":10,"turns":3},{"damage":12,"enemies":"Gremlin Nob","floor":11,"turns":4},{"damage":10,"enemies":"Lagavulin","floor":13,"turns":5},{"damage":11,"enemies":"Lots of Slimes","floor":14,"turns":4},{"damage":25,"enemies":"Hexaghost","floor":16,"turns":10},{"damage":13,"enemies":"Spheric Guardian","floor":18,"turns":4},{"damage":14,"enemies":"Shell Parasite","floor":20,"turns":6},{"damage":12,"enemies":"Snecko","floor":21,"turns":8},{"damage":11,"enemies":"Sentry and Sphere","floor":22,"turns":5},{"damage":84,"enemies":"Book of Stabbing","floor":24,"turns":8},{"damage":37,"enemies":"Slavers","floor":29,"turns":6},{"damage":23,"enemies":"Gremlin Leader","floor":31,"turns":8},{"damage":70,"enemies":"Champ","floor":33,"turns":13}],"seed_played":"7105985183734670482","potions_obtained":[{"floor":1,"key":"SpeedPotion"},{"floor":8,"key":"DistilledChaos"},{"floor":11,"key":"Weak Potion"},{"floor":13,"key":"PotionOfCapacity"},{"floor":16,"key":"FearPotion"},{"floor":21,"key":"FairyPotion"},{"floor":24,"key":"FearPotion"},{"floor":29,"key":"Fire Potion"},{"floor":31,"key":"FocusPotion"}],"is_trial":false,"path_per_floor":["M","?","$","?","M","R","E","M","T","M","E","?","E","M","R","B",null,"M","?","M","M","M","R","E","R","T","R","T","E","R","E","R","B"],"character_chosen":"DEFECT","items_purchased":["Bandage Up"],"campfire_rested":4,"item_purchase_floors":[3],"current_hp_per_floor":[64,64,64,64,64,64,64,66,66,70,59,59,53,46,46,25,60,51,51,41,33,26,62,7,43,43,71,71,38,71,52,52,0],"gold":549,"neow_bonus":"THREE_ENEMY_KILL","is_prod":false,"is_daily":false,"chose_seed":false,"campfire_upgraded":3,"win_rate":0,"timestamp":1619668810,"path_taken":["M","?","$","?","?","R","E","M","T","M","E","?","E","M","R","BOSS","M","?","M","?","M","R","E","R","T","R","?","E","R","E","R","BOSS"],"build_version":"2020-12-22","purchased_purges":0,"victory":false,"max_hp_per_floor":[71,71,71,71,71,71,71,71,71,71,71,71,71,71,71,71,71,71,71,71,71,71,71,71,71,71,71,71,71,71,71,71,71],"card_choices":[{"not_picked":["FTL","Hologram"],"picked":"Glacier","floor":1},{"not_picked":["Streamline","Stack"],"picked":"Chaos","floor":5},{"not_picked":["Coolheaded","Heatsinks"],"picked":"Ball Lightning","floor":7},{"not_picked":["Beam Cell","Stack"],"picked":"All For One","floor":8},{"not_picked":["Undo","Stack","Static Discharge"],"picked":"SKIP","floor":10},{"not_picked":["Conserve Battery","Hologram","Turbo"],"picked":"SKIP","floor":11},{"not_picked":["Ball Lightning","Lockon"],"picked":"Consume","floor":13},{"not_picked":["Coolheaded","Go for the Eyes"],"picked":"Leap","floor":14},{"not_picked":["Rainbow","All For One"],"picked":"Biased Cognition","floor":16},{"not_picked":["Go for the Eyes","Beam Cell"],"picked":"Melter","floor":18},{"not_picked":["Rebound","Hologram","Sweeping Beam"],"picked":"SKIP","floor":20},{"not_picked":["Coolheaded","Reprogram"],"picked":"Redo","floor":21},{"not_picked":["Melter","Leap","Conserve Battery"],"picked":"SKIP","floor":22},{"not_picked":["Redo","Machine Learning"],"picked":"Compile Driver","floor":24},{"not_picked":["Chill","Conserve Battery+1"],"picked":"Blizzard","floor":29},{"not_picked":["BootSequence","Streamline"],"picked":"FTL+1","floor":31}],"player_experience":1400323,"relics_obtained":[{"floor":7,"key":"Bag of Preparation"},{"floor":9,"key":"Regal Pillow"},{"floor":11,"key":"Bag of Marbles"},{"floor":13,"key":"Unceasing Top"},{"floor":24,"key":"Ginger"},{"floor":24,"key":"Incense Burner"},{"floor":26,"key":"Lantern"},{"floor":28,"key":"Akabeko"},{"floor":29,"key":"Emotion Chip"},{"floor":29,"key":"Bronze Scales"},{"floor":31,"key":"Kunai"},{"floor":31,"key":"Bird Faced Urn"}],"event_choices":[{"damage_healed":0,"gold_gain":0,"player_choice":"Take Wound","damage_taken":0,"relics_obtained":["Golden Idol"],"max_hp_gain":0,"max_hp_loss":0,"event_name":"Golden Idol","floor":2,"gold_loss":0,"cards_obtained":["Injury"]},{"cards_removed":["Injury"],"damage_healed":0,"gold_gain":0,"player_choice":"Offered Curse","damage_taken":0,"relics_obtained":["Spirit Poop"],"max_hp_gain":0,"max_hp_loss":0,"event_name":"Bonfire Elementals","floor":4,"gold_loss":0},{"damage_healed":0,"gold_gain":0,"player_choice":"Leave","damage_taken":0,"max_hp_gain":0,"max_hp_loss":0,"event_name":"The Cleric","floor":12,"gold_loss":0},{"damage_healed":0,"gold_gain":0,"player_choice":"Gave Potion","damage_taken":0,"relics_obtained":["MealTicket"],"max_hp_gain":0,"max_hp_loss":0,"event_name":"WeMeetAgain","floor":19,"gold_loss":0}],"is_beta":false,"boss_relics":[{"not_picked":["Runic Dome","Cursed Key"],"picked":"Black Star"}],"items_purged_floors":[],"is_endless":false,"potions_floor_spawned":[1,8,11,13,16,21,24,29,31],"killed_by":"Champ","ascension_level":16}