{"gold_per_floor":[116,116,14,14,35,35,70,70,96,132,150,150,164,198,198,291,291,315,315,315,315,335,335,349,384,409,421,453,465],"floor_reached":29,"playtime":903,"items_purged":[],"score":560,"play_id":"dccd0eff-957a-405e-8c8b-68603dcc7600","local_time":"20210430133115","is_ascension_mode":true,"campfire_choices":[{"data":"Zap","floor":6,"key":"SMITH"},{"data":"Creative AI","floor":8,"key":"SMITH"},{"data":"Panacea","floor":12,"key":"SMITH"},{"data":"Buffer","floor":15,"key":"SMITH"},{"data":"Echo Form","floor":23,"key":"SMITH"},{"floor":27,"key":"REST"}],"neow_cost":"NONE","seed_source_timestamp":386481245711800,"circlet_count":0,"master_deck":["AscendersBane","Zap+1","Dualcast","Sweeping Beam","Panacea+1","Injury","Creative AI+1","Buffer+1","Ball Lightning","Coolheaded","Reboot","Core Surge","Amplify","Echo Form+1","Genetic Algorithm","Multi-Cast","Chill","Capacitor","Reinforced Body","Double Energy","Seek","Electrodynamics","Lockon","Meteor Strike"],"relics":["Cracked Core","NeowsBlessing","Golden Idol","Bird Faced Urn","MealTicket","Pen Nib","Mercury Hourglass","Pandora\u0027s Box","Sundial","MawBank"],"potions_floor_usage":[10,14,16,22,24,29],"damage_taken":[{"damage":0,"enemies":"Jaw Worm","floor":1,"turns":1},{"damage":0,"enemies":"2 Louse","floor":5,"turns":1},{"damage":0,"enemies":"Lagavulin","floor":7,"turns":1},{"damage":32,"enemies":"Gremlin Nob","floor":10,"turns":4},{"damage":0,"enemies":"Cultist","floor":11,"turns":4},{"damage":7,"enemies":"Gremlin Gang","floor":13,"turns":4},{"damage":0,"enemies":"Lagavulin","floor":14,"turns":8},{"damage":65,"enemies":"Hexaghost","floor":16,"turns":14},{"damage":25,"enemies":"Chosen","floor":18,"turns":6},{"damage":1,"enemies":"2 Thieves","floor":22,"turns":3},{"damage":48,"enemies":"Snake Plant","floor":24,"turns":3},{"damage":34,"enemies":"Slavers","floor":25,"turns":3},{"damage":23,"enemies":"Centurion and Healer","floor":28,"turns":4},{"damage":21,"enemies":"Book of Stabbing","floor":29,"turns":2}],"seed_played":"-570155195280136679","potions_obtained":[{"floor":7,"key":"Strength Potion"},{"floor":10,"key":"SpeedPotion"},{"floor":13,"key":"Regen Potion"},{"floor":18,"key":"SkillPotion"},{"floor":22,"key":"PowerPotion"},{"floor":25,"key":"EssenceOfDarkness"}],"is_trial":false,"path_per_floor":["M","?","$","?","M","R","E","R","T","E","M","R","M","E","R","B",null,"M","?","?","?","M","R","M","E","T","R","M","E"],"character_chosen":"DEFECT","items_purchased":["Panacea"],"campfire_rested":1,"item_purchase_floors":[3],"current_hp_per_floor":[64,57,57,57,57,57,57,57,57,31,39,39,40,58,58,20,58,53,53,53,71,71,71,35,9,9,30,11,0],"gold":465,"neow_bonus":"THREE_ENEMY_KILL","is_prod":false,"is_daily":false,"chose_seed":false,"campfire_upgraded":5,"win_rate":0,"timestamp":1619803875,"path_taken":["M","?","?","?","M","R","E","R","T","E","M","R","M","E","R","BOSS","M","?","?","?","M","R","?","E","T","R","?","E"],"build_version":"2020-12-22","purchased_purges":0,"victory":false,"max_hp_per_floor":[71,71,71,71,71,71,71,71,71,71,71,71,71,71,71,71,71,71,71,71,71,71,71,71,71,71,71,71,71],"card_choices":[{"not_picked":["Fusion","Blizzard"],"picked":"Sweeping Beam","floor":1},{"not_picked":["Stack","Fusion"],"picked":"Rebound","floor":5},{"not_picked":["Compile Driver","Storm"],"picked":"Creative AI","floor":7},{"not_picked":["Sweeping Beam","Static Discharge"],"picked":"Buffer","floor":10},{"not_picked":["Sweeping Beam","Streamline"],"picked":"Ball Lightning","floor":11},{"not_picked":["Storm","Gash"],"picked":"Coolheaded","floor":13},{"not_picked":["Conserve Battery","Sunder"],"picked":"Reboot","floor":14},{"not_picked":["Thunder Strike","Biased Cognition"],"picked":"Core Surge","floor":16},{"not_picked":["Blizzard","Loop"],"picked":"Reinforced Body","floor":18},{"not_picked":["Blizzard","Streamline"],"picked":"Lockon","floor":22},{"not_picked":["Turbo","Stack","Hello World"],"picked":"SKIP","floor":24},{"not_picked":["Consume","Leap"],"picked":"Meteor Strike","floor":25},{"not_picked":["Ball Lightning","Sweeping Beam","Barrage"],"picked":"SKIP","floor":28}],"player_experience":1406673,"relics_obtained":[{"floor":7,"key":"Bird Faced Urn"},{"floor":9,"key":"MealTicket"},{"floor":10,"key":"Pen Nib"},{"floor":14,"key":"Mercury Hourglass"},{"floor":25,"key":"Sundial"},{"floor":26,"key":"MawBank"}],"event_choices":[{"cards_removed":["Strike_B"],"damage_healed":0,"gold_gain":0,"player_choice":"Card Removal","damage_taken":7,"max_hp_gain":0,"max_hp_loss":0,"event_name":"Golden Wing","floor":2,"gold_loss":0},{"damage_healed":0,"gold_gain":0,"player_choice":"Take Wound","damage_taken":0,"relics_obtained":["Golden Idol"],"max_hp_gain":0,"max_hp_loss":0,"event_name":"Golden Idol","floor":4,"gold_loss":0,"cards_obtained":["Injury"]},{"damage_healed":0,"gold_gain":0,"player_choice":"Read","damage_taken":0,"max_hp_gain":0,"max_hp_loss":0,"event_name":"The Library","floor":19,"gold_loss":0,"cards_obtained":["Double Energy"]},{"damage_healed":0,"gold_gain":0,"cards_transformed":["Stack","Rebound"],"player_choice":"Became Test Subject","damage_taken":0,"max_hp_gain":0,"max_hp_loss":0,"event_name":"Drug Dealer","floor":20,"gold_loss":0,"cards_obtained":["Seek","Electrodynamics"]},{"damage_healed":18,"gold_gain":0,"player_choice":"Full Heal","damage_taken":0,"max_hp_gain":0,"max_hp_loss":0,"event_name":"Wheel of Change","floor":21,"gold_loss":0}],"is_beta":false,"boss_relics":[{"not_picked":["Sozu","Philosopher\u0027s Stone"],"picked":"Pandora\u0027s Box"}],"items_purged_floors":[],"is_endless":false,"potions_floor_spawned":[7,10,13,18,22,25],"killed_by":"Book of Stabbing","ascension_level":16}