{"gold_per_floor":[118,268,268,268,280,280,280,280,280,314,212,291,291,50,50,121,121,139,156,75,0,20,46,46,96,123,138,138,167,2,2,2,76,76,94,0,19,36,36,36,36],"floor_reached":41,"playtime":1567,"items_purged":[],"score":806,"play_id":"50b38d61-630f-45a3-9674-a5921217ae12","local_time":"20210426125908","is_ascension_mode":true,"campfire_choices":[{"data":"Fusion","floor":6,"key":"SMITH"},{"data":"Zap","floor":13,"key":"SMITH"},{"data":"Auto Shields","floor":15,"key":"SMITH"},{"data":"Consume","floor":24,"key":"SMITH"},{"floor":32,"key":"REST"},{"floor":40,"key":"DIG"}],"neow_cost":"NONE","seed_source_timestamp":38289481219400,"circlet_count":0,"master_deck":["AscendersBane","Zap+1","Dualcast","Fusion+1","Auto Shields+1","Sweeping Beam","Flash of Steel","Go for the Eyes","Flash of Steel","Cold Snap","Core Surge","Force Field","Doom and Gloom","Amplify","Biased Cognition","Sunder","Consume+1","Self Repair","Melter","FTL","Hologram+1","Coolheaded","BootSequence","Writhe","Fission","CurseOfTheBell"],"relics":["Cracked Core","NeowsBlessing","Dead Branch","Regal Pillow","Shuriken","Thread and Needle","Ornamental Fan","DollysMirror","Pandora\u0027s Box","Anchor","Bronze Scales","Pen Nib","Vajra","Meat on the Bone","Calling Bell","Happy Flower","Gremlin Horn","Shovel","Red Mask","Pear"],"potions_floor_usage":[22,29,33,35],"damage_taken":[{"damage":0,"enemies":"2 Louse","floor":1,"turns":1},{"damage":0,"enemies":"Small Slimes","floor":5,"turns":1},{"damage":0,"enemies":"3 Sentries","floor":10,"turns":1},{"damage":23,"enemies":"Hexaghost","floor":16,"turns":10},{"damage":0,"enemies":"Shell Parasite","floor":18,"turns":7},{"damage":4,"enemies":"Chosen","floor":19,"turns":4},{"damage":11,"enemies":"Shelled Parasite and Fungi","floor":22,"turns":4},{"damage":16,"enemies":"Gremlin Leader","floor":23,"turns":7},{"damage":28,"enemies":"Snake Plant","floor":27,"turns":4},{"damage":10,"enemies":"Slavers","floor":29,"turns":6},{"damage":15,"enemies":"Automaton","floor":33,"turns":9},{"damage":0,"enemies":"Orb Walker","floor":35,"turns":4},{"damage":0,"enemies":"3 Shapes","floor":37,"turns":6},{"damage":9,"enemies":"Jaw Worm Horde","floor":38,"turns":3},{"damage":97,"enemies":"Giant Head","floor":41,"turns":9}],"seed_played":"1244016699799995445","potions_obtained":[{"floor":5,"key":"Dexterity Potion"},{"floor":10,"key":"DuplicationPotion"},{"floor":18,"key":"SneckoOil"},{"floor":29,"key":"DuplicationPotion"},{"floor":33,"key":"Explosive Potion"},{"floor":35,"key":"SteroidPotion"}],"is_trial":false,"path_per_floor":["M","?","?","?","M","R","?","?","T","E","$","T","R","$","R","B",null,"M","M","$","?","M","E","R","?","T","M","?","E","$","?","R","B",null,"M","?","M","M","?","R","E"],"character_chosen":"DEFECT","items_purchased":["Flash of Steel","Go for the Eyes","DollysMirror","Cold Snap","Melter","Vajra"],"campfire_rested":1,"item_purchase_floors":[11,14,14,14,20,30],"current_hp_per_floor":[64,64,57,57,57,57,57,39,39,39,39,39,39,39,39,16,57,57,60,60,60,49,40,40,40,40,19,19,16,16,16,52,44,64,64,64,71,69,69,79,0],"gold":36,"neow_bonus":"THREE_ENEMY_KILL","is_prod":false,"is_daily":false,"chose_seed":false,"campfire_upgraded":4,"win_rate":0,"timestamp":1619456348,"path_taken":["M","?","?","?","M","R","?","?","T","E","$","?","R","$","R","BOSS","M","M","$","?","M","E","R","?","T","?","?","E","$","?","R","BOSS","M","?","M","M","?","R","E"],"build_version":"2020-12-22","purchased_purges":0,"victory":false,"max_hp_per_floor":[71,71,71,71,71,71,71,71,71,71,71,71,71,71,71,71,71,71,71,71,71,71,71,71,71,71,71,71,71,71,71,71,71,71,71,71,71,71,71,81,81],"card_choices":[{"not_picked":["Leap","Static Discharge"],"picked":"Fusion","floor":1},{"not_picked":["Go for the Eyes","Force Field"],"picked":"Auto Shields","floor":5},{"not_picked":["Self Repair","Storm"],"picked":"Sweeping Beam","floor":10},{"not_picked":["Fission","Seek"],"picked":"Core Surge","floor":16},{"not_picked":["Steam","Tempest"],"picked":"Self Repair","floor":18},{"not_picked":["Cold Snap+1","Skim","Hologram"],"picked":"SKIP","floor":19},{"not_picked":["Defragment","Consume"],"picked":"FTL","floor":22},{"not_picked":["Lockon+1","Force Field"],"picked":"Hologram+1","floor":23},{"not_picked":["Cold Snap","Loop"],"picked":"Coolheaded","floor":27},{"not_picked":["Sunder","Leap"],"picked":"BootSequence","floor":29},{"not_picked":["Electrodynamics","Biased Cognition"],"picked":"Fission","floor":33},{"not_picked":["Recycle+1","Glacier","Conserve Battery"],"picked":"SKIP","floor":35},{"not_picked":["Hologram","Chill+1","Melter"],"picked":"SKIP","floor":37},{"not_picked":["Go for the Eyes+1","Chill"],"picked":"Redo+1","floor":38}],"player_experience":1393850,"relics_obtained":[{"floor":9,"key":"Shuriken"},{"floor":10,"key":"Thread and Needle"},{"floor":12,"key":"Ornamental Fan"},{"floor":23,"key":"Anchor"},{"floor":26,"key":"Bronze Scales"},{"floor":29,"key":"Pen Nib"},{"floor":34,"key":"Happy Flower"},{"floor":34,"key":"Gremlin Horn"},{"floor":34,"key":"Shovel"},{"floor":40,"key":"Pear"}],"event_choices":[{"damage_healed":0,"gold_gain":150,"player_choice":"AGREE","damage_taken":0,"max_hp_gain":0,"max_hp_loss":0,"event_name":"Liars Game","floor":2,"gold_loss":0,"cards_obtained":["Doubt"]},{"cards_removed":["Doubt"],"damage_healed":0,"gold_gain":0,"player_choice":"Card Removal","damage_taken":7,"max_hp_gain":0,"max_hp_loss":0,"event_name":"Golden Wing","floor":3,"gold_loss":0},{"damage_healed":0,"gold_gain":0,"player_choice":"Box","damage_taken":0,"relics_obtained":["Dead Branch"],"max_hp_gain":0,"max_hp_loss":0,"event_name":"Big Fish","floor":4,"gold_loss":0,"cards_obtained":["Regret"]},{"cards_removed":["Regret"],"damage_healed":0,"gold_gain":0,"player_choice":"Forget","damage_taken":0,"max_hp_gain":0,"max_hp_loss":0,"event_name":"Living Wall","floor":7,"gold_loss":0},{"damage_healed":0,"gold_gain":0,"player_choice":"Success","damage_taken":18,"relics_obtained":["Regal Pillow"],"max_hp_gain":0,"max_hp_loss":0,"event_name":"Scrap Ooze","floor":8,"gold_loss":0},{"cards_removed":["Auto Shields"],"damage_healed":0,"gold_gain":0,"player_choice":"Gave Gold","damage_taken":0,"max_hp_gain":0,"max_hp_loss":0,"event_name":"Beggar","floor":21,"gold_loss":75},{"damage_healed":0,"gold_gain":50,"player_choice":"Stole From Cult","damage_taken":0,"max_hp_gain":0,"max_hp_loss":0,"event_name":"Nest","floor":25,"gold_loss":0},{"cards_removed":["Hologram"],"damage_healed":0,"gold_gain":0,"player_choice":"Elegance","damage_taken":0,"max_hp_gain":0,"max_hp_loss":0,"event_name":"Back to Basics","floor":28,"gold_loss":0},{"damage_healed":0,"gold_gain":0,"player_choice":"Opened","damage_taken":0,"relics_obtained":["Meat on the Bone"],"max_hp_gain":0,"max_hp_loss":0,"event_name":"The Mausoleum","floor":31,"gold_loss":0,"cards_obtained":["Writhe"]},{"damage_healed":0,"gold_gain":0,"player_choice":"Paid","damage_taken":0,"relics_obtained":["Red Mask"],"max_hp_gain":0,"max_hp_loss":0,"event_name":"Tomb of Lord Red Mask","floor":36,"gold_loss":94},{"cards_removed":["Redo"],"damage_healed":0,"gold_gain":0,"player_choice":"Removed Skill","damage_taken":0,"max_hp_gain":0,"max_hp_loss":0,"event_name":"Falling","floor":39,"gold_loss":0}],"is_beta":false,"boss_relics":[{"not_picked":["Empty Cage","FrozenCore"],"picked":"Pandora\u0027s Box"},{"not_picked":["Nuclear Battery","Tiny House"],"picked":"Calling Bell"}],"items_purged_floors":[],"is_endless":false,"potions_floor_spawned":[5,10,18,19,29,33,35],"killed_by":"Giant Head","ascension_level":16}