{"gold_per_floor":[117,117,137,151,0,0,28,28,28,28,48,48,68,103,103,103],"floor_reached":16,"playtime":473,"items_purged":[],"score":194,"play_id":"8afdb8bd-aad7-48ee-8e79-b2c87079d40f","local_time":"20210423124424","is_ascension_mode":true,"campfire_choices":[{"data":"Hyperbeam","floor":6,"key":"SMITH"},{"data":"Zap","floor":8,"key":"SMITH"},{"floor":10,"key":"REST"},{"data":"Gash","floor":12,"key":"SMITH"},{"data":"Scrape","floor":15,"key":"SMITH"}],"neow_cost":"TEN_PERCENT_HP_LOSS","seed_source_timestamp":319726942741800,"circlet_count":0,"master_deck":["AscendersBane","Strike_B","Strike_B","Strike_B","Strike_B","Defend_B","Defend_B","Defend_B","Defend_B","Zap+1","Dualcast","Lockon","Amplify","Gash+1","Gash","Hyperbeam+1","Rebound","Chill","Melter","Scrape+1"],"relics":["Cracked Core","Bird Faced Urn","InkBottle","Oddly Smooth Stone","Odd Mushroom","Blood Vial"],"potions_floor_usage":[7,7],"damage_taken":[{"damage":0,"enemies":"Small Slimes","floor":1,"turns":2},{"damage":1,"enemies":"Cultist","floor":3,"turns":4},{"damage":1,"enemies":"2 Louse","floor":4,"turns":3},{"damage":30,"enemies":"Lagavulin","floor":7,"turns":6},{"damage":0,"enemies":"2 Fungi Beasts","floor":11,"turns":1},{"damage":0,"enemies":"The Mushroom Lair","floor":13,"turns":2},{"damage":18,"enemies":"3 Sentries","floor":14,"turns":4},{"damage":38,"enemies":"The Guardian","floor":16,"turns":8}],"seed_played":"-6979220747447831765","potions_obtained":[{"floor":3,"key":"PowerPotion"},{"floor":4,"key":"Weak Potion"},{"floor":11,"key":"SteroidPotion"}],"is_trial":false,"path_per_floor":["M","?","M","M","$","R","E","R","T","R","M","R","?","E","R","B"],"character_chosen":"DEFECT","items_purchased":["Hyperbeam"],"campfire_rested":1,"item_purchase_floors":[5],"current_hp_per_floor":[64,64,63,62,62,62,34,34,34,53,53,53,53,35,35,0],"gold":103,"neow_bonus":"ONE_RARE_RELIC","is_prod":false,"is_daily":false,"chose_seed":false,"campfire_upgraded":4,"win_rate":0,"timestamp":1619196264,"path_taken":["M","?","M","?","$","R","E","R","T","R","M","R","?","E","R","BOSS"],"build_version":"2020-12-22","purchased_purges":0,"victory":false,"max_hp_per_floor":[64,64,64,64,64,64,64,64,64,64,64,64,64,64,64,64],"card_choices":[{"not_picked":["Leap","Aggregate"],"picked":"Lockon","floor":1},{"not_picked":["Streamline","Reprogram"],"picked":"Gash","floor":3},{"not_picked":["Lockon","Scrape"],"picked":"Gash","floor":4},{"not_picked":["Hologram","Go for the Eyes"],"picked":"Rebound","floor":7},{"not_picked":["Rip and Tear","Turbo"],"picked":"Chill","floor":11},{"not_picked":["Coolheaded","BootSequence"],"picked":"Melter","floor":13},{"not_picked":["Lockon","Chill"],"picked":"Scrape","floor":14}],"player_experience":1389221,"relics_obtained":[{"floor":7,"key":"InkBottle"},{"floor":9,"key":"Oddly Smooth Stone"},{"floor":13,"key":"Odd Mushroom"},{"floor":14,"key":"Blood Vial"}],"event_choices":[{"damage_healed":0,"gold_gain":0,"player_choice":"1 cards matched","damage_taken":0,"max_hp_gain":0,"max_hp_loss":0,"event_name":"Match and Keep!","floor":2,"gold_loss":0,"cards_obtained":["Amplify"]},{"damage_healed":0,"gold_gain":0,"player_choice":"Fought Mushrooms","damage_taken":0,"max_hp_gain":0,"max_hp_loss":0,"event_name":"Mushrooms","floor":13,"gold_loss":0}],"is_beta":false,"boss_relics":[],"items_purged_floors":[],"is_endless":false,"potions_floor_spawned":[3,4,11],"killed_by":"The Guardian","ascension_level":16}