{"gold_per_floor":[112,37,37,60,79,79,79,92,92,11,11,46,20,20,20,109,109,133,133,147,147,147],"floor_reached":22,"playtime":542,"items_purged":[],"score":328,"play_id":"c26f78ec-2441-420a-8949-3769eb52f372","local_time":"20210428210112","is_ascension_mode":true,"campfire_choices":[{"data":"Genetic Algorithm","floor":6,"key":"SMITH"},{"data":"Zap","floor":15,"key":"SMITH"}],"neow_cost":"NONE","seed_source_timestamp":241038600131500,"circlet_count":0,"master_deck":["AscendersBane","Strike_B","Strike_B","Strike_B","Defend_B","Defend_B","Defend_B","Defend_B","Zap+1","Dualcast","Gash","Injury","Ball Lightning","Genetic Algorithm+1","Reinforced Body","Scrape","Capacitor","Beam Cell","Electrodynamics","Lockon","Shame","Steam"],"relics":["Cracked Core","NeowsBlessing","Golden Idol","WarpedTongs","InkBottle","Orichalcum","Nuclear Battery","Sundial","Ornamental Fan"],"potions_floor_usage":[16,16],"damage_taken":[{"damage":0,"enemies":"Jaw Worm","floor":1,"turns":1},{"damage":0,"enemies":"Small Slimes","floor":4,"turns":1},{"damage":0,"enemies":"2 Louse","floor":5,"turns":1},{"damage":7,"enemies":"Red Slaver","floor":8,"turns":3},{"damage":13,"enemies":"3 Sentries","floor":12,"turns":6},{"damage":2,"enemies":"Slime Boss","floor":16,"turns":8},{"damage":24,"enemies":"2 Thieves","floor":18,"turns":3},{"damage":0,"enemies":"3 Byrds","floor":20,"turns":2},{"damage":40,"enemies":"Snecko","floor":22,"turns":7}],"seed_played":"-6761006384014449383","potions_obtained":[{"floor":4,"key":"FocusPotion"},{"floor":8,"key":"Swift Potion"},{"floor":20,"key":"DistilledChaos"}],"is_trial":false,"path_per_floor":["M","?","?","M","M","R","?","M","T","$","?","E","$","$","R","B",null,"M","?","M","?","M"],"character_chosen":"DEFECT","items_purchased":["Scrape","Beam Cell"],"campfire_rested":0,"item_purchase_floors":[10,13],"current_hp_per_floor":[64,64,64,64,64,64,64,57,57,57,57,44,44,44,44,42,64,40,40,40,40,0],"gold":147,"neow_bonus":"THREE_ENEMY_KILL","is_prod":false,"is_daily":false,"chose_seed":false,"campfire_upgraded":2,"win_rate":0,"timestamp":1619658072,"path_taken":["M","?","?","M","?","R","?","?","T","?","?","E","?","$","R","BOSS","M","?","M","?","?"],"build_version":"2020-12-22","purchased_purges":0,"victory":false,"max_hp_per_floor":[71,71,71,71,71,71,71,71,71,71,71,71,71,71,71,71,71,71,71,71,71,71],"card_choices":[{"not_picked":["FTL","Beam Cell"],"picked":"Gash","floor":1},{"not_picked":["Stack","Hologram"],"picked":"Ball Lightning","floor":4},{"not_picked":["Conserve Battery","Loop"],"picked":"Genetic Algorithm","floor":5},{"not_picked":["Cold Snap","Hologram"],"picked":"Reinforced Body","floor":8},{"not_picked":["Steam","Double Energy"],"picked":"Capacitor","floor":12},{"not_picked":["Echo Form","Machine Learning"],"picked":"Electrodynamics","floor":16},{"not_picked":["Turbo","Stack"],"picked":"Lockon","floor":18},{"not_picked":["Chaos","Rebound"],"picked":"Steam","floor":20}],"player_experience":1399640,"relics_obtained":[{"floor":9,"key":"InkBottle"},{"floor":12,"key":"Orichalcum"}],"event_choices":[{"cards_removed":["Strike_B"],"damage_healed":0,"gold_gain":0,"player_choice":"Card Removal","damage_taken":0,"max_hp_gain":0,"max_hp_loss":0,"event_name":"The Cleric","floor":2,"gold_loss":75},{"damage_healed":0,"gold_gain":0,"player_choice":"Take Wound","damage_taken":0,"relics_obtained":["Golden Idol"],"max_hp_gain":0,"max_hp_loss":0,"event_name":"Golden Idol","floor":3,"gold_loss":0,"cards_obtained":["Injury"]},{"damage_healed":0,"gold_gain":0,"player_choice":"Rummage","damage_taken":0,"relics_obtained":["WarpedTongs"],"max_hp_gain":0,"max_hp_loss":0,"event_name":"Accursed Blacksmith","floor":7,"gold_loss":0,"cards_obtained":["Pain"]},{"cards_removed":["Pain"],"damage_healed":0,"gold_gain":0,"player_choice":"Forget","damage_taken":0,"max_hp_gain":0,"max_hp_loss":0,"event_name":"Living Wall","floor":11,"gold_loss":0},{"damage_healed":0,"gold_gain":0,"player_choice":"Stole Relic","damage_taken":0,"relics_obtained":["Sundial"],"max_hp_gain":0,"max_hp_loss":0,"event_name":"Addict","floor":19,"gold_loss":0,"cards_obtained":["Shame"]},{"damage_healed":0,"gold_gain":0,"player_choice":"Gave Potion","damage_taken":0,"relics_obtained":["Ornamental Fan"],"max_hp_gain":0,"max_hp_loss":0,"event_name":"WeMeetAgain","floor":21,"gold_loss":0}],"is_beta":false,"boss_relics":[{"not_picked":["Philosopher\u0027s Stone","SacredBark"],"picked":"Nuclear Battery"}],"items_purged_floors":[],"is_endless":false,"potions_floor_spawned":[4,8,12,20],"killed_by":"Snecko","ascension_level":16}