{"gold_per_floor":[117,117,117,134,284,319,332,363,363,378,411,686,170,184,184,260,260,279,279,279,296,48,81,81,81],"floor_reached":25,"playtime":869,"items_purged":["Regret"],"score":475,"play_id":"9a1bd929-72fb-4bf5-94b3-685e47628c2d","local_time":"20210429121759","is_ascension_mode":true,"campfire_choices":[{"floor":15,"key":"REST"},{"floor":24,"key":"DIG"}],"neow_cost":"NONE","seed_source_timestamp":295719108611800,"circlet_count":0,"master_deck":["AscendersBane","Strike_B","Strike_B","Strike_B","Strike_B","Defend_B","Defend_B","Defend_B","Defend_B+1","Zap","Dualcast","Compile Driver+1","Rip and Tear","Doubt","Conserve Battery","Sweeping Beam","Auto Shields","FTL","Reprogram","Panacea","Master of Strategy","Seek","Hyperbeam","Gash","Decay","J.A.X.","Hologram+1"],"relics":["Cracked Core","NeowsBlessing","Lantern","Question Card","Blood Vial","Ornamental Fan","MealTicket","Membership Card","Nunchaku","Ancient Tea Set","Sozu","Shovel","ClockworkSouvenir","Sundial","Art of War"],"potions_floor_usage":[8,10,11,25],"damage_taken":[{"damage":0,"enemies":"Jaw Worm","floor":1,"turns":1},{"damage":0,"enemies":"2 Louse","floor":4,"turns":1},{"damage":0,"enemies":"Gremlin Nob","floor":6,"turns":1},{"damage":0,"enemies":"Small Slimes","floor":7,"turns":2},{"damage":12,"enemies":"3 Sentries","floor":8,"turns":6},{"damage":3,"enemies":"Exordium Thugs","floor":10,"turns":5},{"damage":6,"enemies":"Gremlin Nob","floor":11,"turns":3},{"damage":0,"enemies":"Large Slime","floor":14,"turns":4},{"damage":44,"enemies":"Slime Boss","floor":16,"turns":14},{"damage":14,"enemies":"2 Thieves","floor":18,"turns":3},{"damage":3,"enemies":"Chosen","floor":21,"turns":3},{"damage":37,"enemies":"Gremlin Leader","floor":23,"turns":9},{"damage":27,"enemies":"Book of Stabbing","floor":25,"turns":4}],"seed_played":"-5168224216933050274","potions_obtained":[{"floor":4,"key":"PowerPotion"},{"floor":7,"key":"LiquidMemories"},{"floor":8,"key":"SkillPotion"},{"floor":10,"key":"Dexterity Potion"}],"is_trial":false,"path_per_floor":["M","?","?","M","?","E","M","E","T","M","E","?","$","M","R","B",null,"M","?","?","M","$","E","R","E"],"character_chosen":"DEFECT","items_purchased":["Membership Card","Nunchaku","Ancient Tea Set","Panacea","Master of Strategy","Shovel","ClockworkSouvenir"],"campfire_rested":1,"item_purchase_floors":[13,13,13,13,13,22,22],"current_hp_per_floor":[64,43,25,25,25,25,25,13,13,12,8,8,23,25,46,4,54,42,42,42,41,56,21,21,0],"gold":81,"neow_bonus":"THREE_ENEMY_KILL","is_prod":false,"is_daily":false,"chose_seed":false,"campfire_upgraded":0,"win_rate":0,"timestamp":1619713079,"path_taken":["M","?","?","M","?","E","M","E","T","?","E","?","?","M","R","BOSS","M","?","?","M","?","E","R","E"],"build_version":"2020-12-22","purchased_purges":1,"victory":false,"max_hp_per_floor":[71,71,71,71,71,71,71,71,71,71,71,71,71,71,71,71,71,71,71,71,71,71,71,71,71],"card_choices":[{"not_picked":["Steam","Rebound"],"picked":"Compile Driver","floor":1},{"not_picked":["Leap","Fusion"],"picked":"Rip and Tear","floor":4},{"not_picked":["Gash","Ball Lightning"],"picked":"Conserve Battery","floor":6},{"not_picked":["Rebound","Streamline","Steam"],"picked":"Sweeping Beam","floor":7},{"not_picked":["Gash","Skim","Streamline"],"picked":"Auto Shields","floor":8},{"not_picked":["Heatsinks","Streamline","Undo"],"picked":"FTL","floor":10},{"not_picked":["Sweeping Beam","Streamline","Double Energy"],"picked":"Reprogram","floor":11},{"not_picked":["Stack","Rebound","Conserve Battery"],"picked":"Seek","floor":14},{"not_picked":["Core Surge","Machine Learning","All For One"],"picked":"Hyperbeam","floor":16},{"not_picked":["Static Discharge","Streamline","Lockon"],"picked":"Gash","floor":18},{"not_picked":["Heatsinks","Recycle","Double Energy"],"picked":"Hologram+1","floor":21},{"not_picked":["Undo","Ball Lightning","Sweeping Beam","Rip and Tear"],"picked":"SKIP","floor":23}],"player_experience":1401804,"relics_obtained":[{"floor":6,"key":"Question Card"},{"floor":8,"key":"Blood Vial"},{"floor":9,"key":"Ornamental Fan"},{"floor":11,"key":"MealTicket"},{"floor":23,"key":"Sundial"},{"floor":24,"key":"Art of War"}],"event_choices":[{"damage_healed":0,"gold_gain":0,"player_choice":"Entered Light","damage_taken":21,"max_hp_gain":0,"max_hp_loss":0,"event_name":"Shining Light","floor":2,"gold_loss":0,"cards_upgraded":["Defend_B","Compile Driver"]},{"damage_healed":0,"gold_gain":0,"player_choice":"Success","damage_taken":18,"relics_obtained":["Lantern"],"max_hp_gain":0,"max_hp_loss":0,"event_name":"Scrap Ooze","floor":3,"gold_loss":0},{"damage_healed":0,"gold_gain":150,"player_choice":"AGREE","damage_taken":0,"max_hp_gain":0,"max_hp_loss":0,"event_name":"Liars Game","floor":5,"gold_loss":0,"cards_obtained":["Doubt"]},{"damage_healed":0,"gold_gain":275,"player_choice":"Desecrate","damage_taken":0,"max_hp_gain":0,"max_hp_loss":0,"event_name":"Golden Shrine","floor":12,"gold_loss":0,"cards_obtained":["Regret"]},{"damage_healed":0,"gold_gain":0,"player_choice":"Smashed Altar","damage_taken":0,"max_hp_gain":0,"max_hp_loss":0,"event_name":"Forgotten Altar","floor":19,"gold_loss":0,"cards_obtained":["Decay"]},{"damage_healed":0,"gold_gain":0,"player_choice":"Obtain J.A.X.","damage_taken":0,"max_hp_gain":0,"max_hp_loss":0,"event_name":"Drug Dealer","floor":20,"gold_loss":0,"cards_obtained":["J.A.X."]}],"is_beta":false,"boss_relics":[{"not_picked":["Snecko Eye","Runic Dome"],"picked":"Sozu"}],"items_purged_floors":[13],"is_endless":false,"potions_floor_spawned":[4,7,8,10,21],"killed_by":"Book of Stabbing","ascension_level":16}