{"gold_per_floor":[110,57,74,74,92,118,118,193,193,193],"floor_reached":10,"playtime":253,"items_purged":[],"score":119,"play_id":"f51a03b7-2b45-4d01-8d46-8f3b7515cf70","local_time":"20210429120318","is_ascension_mode":true,"campfire_choices":[{"floor":7,"key":"REST"}],"neow_cost":"NONE","seed_source_timestamp":295455351516300,"circlet_count":0,"master_deck":["AscendersBane","Strike_B","Strike_B","Strike_B","Strike_B+1","Defend_B","Defend_B","Defend_B","Defend_B","Zap","Dualcast+1","Sweeping Beam","Gash","Gash","Hologram","Defragment","Decay"],"relics":["Cursed Key","Bottled Lightning","Cables"],"potions_floor_usage":[5,5,6],"damage_taken":[{"damage":7,"enemies":"Jaw Worm","floor":1,"turns":4},{"damage":0,"enemies":"2 Louse","floor":3,"turns":2},{"damage":3,"enemies":"Small Slimes","floor":5,"turns":2},{"damage":17,"enemies":"Lagavulin","floor":6,"turns":6},{"damage":34,"enemies":"3 Sentries","floor":10,"turns":4}],"seed_played":"-4497380111314790751","potions_obtained":[{"floor":1,"key":"EntropicBrew"}],"is_trial":false,"path_per_floor":["M","$","M","?","M","E","R","?","T","E"],"character_chosen":"DEFECT","items_purchased":["Gash"],"campfire_rested":1,"item_purchase_floors":[2],"current_hp_per_floor":[57,57,57,36,33,16,37,26,26,0],"gold":193,"neow_bonus":"BOSS_RELIC","is_prod":false,"is_daily":false,"chose_seed":false,"campfire_upgraded":0,"win_rate":0,"timestamp":1619712198,"path_taken":["M","$","M","?","M","E","R","?","T","E"],"build_version":"2020-12-22","purchased_purges":0,"victory":false,"max_hp_per_floor":[71,71,71,71,71,71,71,71,71,71],"card_choices":[{"not_picked":["Skim","Steam"],"picked":"Sweeping Beam","floor":1},{"not_picked":["BootSequence","Steam Power"],"picked":"Gash","floor":3},{"not_picked":["Turbo","Lockon"],"picked":"Hologram","floor":5},{"not_picked":["Chaos","Coolheaded"],"picked":"Defragment","floor":6}],"player_experience":1401551,"relics_obtained":[{"floor":6,"key":"Bottled Lightning"},{"floor":9,"key":"Cables"}],"event_choices":[{"damage_healed":0,"gold_gain":0,"player_choice":"Entered Light","damage_taken":21,"max_hp_gain":0,"max_hp_loss":0,"event_name":"Shining Light","floor":4,"gold_loss":0,"cards_upgraded":["Strike_B","Dualcast"]},{"damage_healed":0,"gold_gain":75,"player_choice":"Gather Gold","damage_taken":11,"max_hp_gain":0,"max_hp_loss":0,"event_name":"World of Goop","floor":8,"gold_loss":0}],"is_beta":false,"boss_relics":[],"items_purged_floors":[],"is_endless":false,"potions_floor_spawned":[1],"killed_by":"3 Sentries","ascension_level":16}