{"gold_per_floor":[115,71,221,496,509,509,56,81,106,118,146,171,213,300,312,399,411,441,116,128,128],"floor_reached":21,"playtime":697,"items_purged":["Regret","Doubt"],"score":382,"play_id":"2df9455a-07bf-492e-bd8f-d51916d90178","local_time":"20210426111651","is_ascension_mode":true,"campfire_choices":[{"data":"Loop","floor":6.0,"key":"SMITH"},{"data":"Darkness","floor":10.0,"key":"SMITH"},{"floor":15.0,"key":"REST"}],"neow_cost":"NONE","seed_source_timestamp":0,"circlet_count":0,"master_deck":["AscendersBane","Strike_B","Strike_B","Strike_B","Strike_B","Defend_B","Defend_B+1","Defend_B","Defend_B","Zap+1","Dualcast","Loop+1","Self Repair","Go for the Eyes","Capacitor","Darkness+1","Blizzard","FTL","Coolheaded","Cold Snap","Echo Form","Chaos","Capacitor","Compile Driver"],"special_seed":0,"relics":["Cracked Core","NeowsBlessing","Bottled Tornado","War Paint","MawBank","Sundial","Busted Crown","Juzu Bracelet"],"potions_floor_usage":[],"damage_taken":[{"damage":0.0,"enemies":"Small Slimes","floor":1.0,"turns":1.0},{"damage":0.0,"enemies":"2 Louse","floor":5.0,"turns":1.0},{"damage":0.0,"enemies":"Gremlin Nob","floor":8.0,"turns":1.0},{"damage":11.0,"enemies":"Cultist","floor":11.0,"turns":5.0},{"damage":14.0,"enemies":"Exordium Wildlife","floor":12.0,"turns":4.0},{"damage":18.0,"enemies":"Lagavulin","floor":13.0,"turns":7.0},{"damage":33.0,"enemies":"The Guardian","floor":16.0,"turns":10.0},{"damage":26.0,"enemies":"Spheric Guardian","floor":18.0,"turns":5.0},{"damage":28,"enemies":"Shell Parasite","floor":20,"turns":5},{"damage":15,"enemies":"Shelled Parasite and Fungi","floor":21,"turns":1}],"seed_played":"-7212212106576914470","potions_obtained":[{"floor":1.0,"key":"DistilledChaos"},{"floor":5.0,"key":"BlessingOfTheForge"},{"floor":11.0,"key":"EssenceOfSteel"},{"floor":18.0,"key":"Dexterity Potion"}],"is_trial":false,"path_per_floor":["M","$","?","?","M","R","$","E","T","R","M","M","E","?","R","B",null,"M","$","M","M"],"character_chosen":"DEFECT","items_purchased":["Self Repair","Capacitor","Bottled Tornado","Darkness","Juzu Bracelet","Capacitor"],"campfire_rested":1,"item_purchase_floors":[2,7,7,7,19,19],"current_hp_per_floor":[64,64,64,64,64,64,64,64,64,64,60,53,42,31,52,26,60,34,34,13,0],"gold":128,"neow_bonus":"THREE_ENEMY_KILL","is_prod":false,"is_daily":false,"chose_seed":false,"campfire_upgraded":2,"win_rate":0,"timestamp":1619450211,"path_taken":["M","$","?","?","M","R","$","E","T","R","?","M","E","?","R","BOSS","M","$","M","M"],"build_version":"2020-12-22","purchased_purges":2,"victory":false,"max_hp_per_floor":[71,71,71,71,71,71,71,71,71,71,71,71,71,71,71,71,71,71,71,71,71],"card_choices":[{"not_picked":["Chill","Barrage"],"picked":"Loop","floor":1.0},{"not_picked":["Barrage","Hologram"],"picked":"Go for the Eyes","floor":5.0},{"not_picked":["Blizzard","Turbo","Hello World"],"picked":"SKIP","floor":8.0},{"not_picked":["Turbo","Hello World"],"picked":"Blizzard","floor":8.0},{"not_picked":["Steam","Gash"],"picked":"FTL","floor":11.0},{"not_picked":["Scrape","Hello World"],"picked":"Coolheaded","floor":12.0},{"not_picked":["Hologram","Steam"],"picked":"Cold Snap","floor":13.0},{"not_picked":["All For One","Electrodynamics"],"picked":"Echo Form","floor":16.0},{"not_picked":[],"picked":"Chaos","floor":18.0},{"not_picked":[],"picked":"Compile Driver","floor":20}],"player_experience":1391021,"relics_obtained":[{"floor":8.0,"key":"War Paint"},{"floor":9.0,"key":"MawBank"},{"floor":13.0,"key":"Sundial"}],"event_choices":[{"damage_healed":0.0,"max_hp_gain":0.0,"max_hp_loss":0.0,"gold_gain":150.0,"event_name":"Liars Game","player_choice":"AGREE","floor":3.0,"gold_loss":0.0,"damage_taken":0.0,"cards_obtained":["Doubt"]},{"damage_healed":0.0,"max_hp_gain":0.0,"max_hp_loss":0.0,"gold_gain":275.0,"event_name":"Golden Shrine","player_choice":"Desecrate","floor":4.0,"gold_loss":0.0,"damage_taken":0.0,"cards_obtained":["Regret"]},{"damage_healed":0.0,"max_hp_gain":0.0,"max_hp_loss":0.0,"gold_gain":75.0,"event_name":"World of Goop","player_choice":"Gather Gold","floor":14.0,"gold_loss":0.0,"damage_taken":11.0}],"is_beta":false,"boss_relics":[{"not_picked":["Snecko Eye","Tiny House"],"picked":"Busted Crown"}],"items_purged_floors":[7,19],"is_endless":false,"potions_floor_spawned":[1,5,11,12,18],"killed_by":"Shelled Parasite and Fungi","ascension_level":16}