{"gold_per_floor":[110,260,41,41,316,350,370,370,370,385,47,99,135,135,135,214,214,250,300,24,24,28,28,78,78,78,133,133],"floor_reached":28,"playtime":871,"items_purged":["Regret"],"score":484,"play_id":"ebb37471-7a7a-4d4b-9af5-7a411ac05b98","local_time":"20210423130241","is_ascension_mode":true,"campfire_choices":[{"data":"Zap","floor":8,"key":"SMITH"},{"data":"Defragment","floor":15,"key":"SMITH"},{"floor":23,"key":"REST"},{"floor":25,"key":"REST"}],"neow_cost":"NONE","seed_source_timestamp":320425489902700,"circlet_count":0,"master_deck":["AscendersBane","Zap+1","Dualcast","Doom and Gloom","Cold Snap","Core Surge","Compile Driver","Self Repair","HandOfGreed+1","Defragment+1","Amplify","Chill","Fusion","Biased Cognition","Doom and Gloom+1","Coolheaded","Static Discharge","Self Repair","Genetic Algorithm","Amplify","Coolheaded","Darkness","Turbo","Magnetism","Capacitor","Force Field","Loop"],"relics":["Cracked Core","NeowsBlessing","Runic Capacitor","The Courier","Lizard Tail","Orrery","Unceasing Top","Pandora\u0027s Box","ClockworkSouvenir","Dead Branch","Whetstone"],"potions_floor_usage":[12,16],"damage_taken":[{"damage":0,"enemies":"2 Louse","floor":1,"turns":1},{"damage":0,"enemies":"Lagavulin","floor":6,"turns":1},{"damage":0,"enemies":"Jaw Worm","floor":7,"turns":1},{"damage":2,"enemies":"Cultist","floor":10,"turns":3},{"damage":29,"enemies":"3 Sentries","floor":12,"turns":8},{"damage":5,"enemies":"Exordium Wildlife","floor":13,"turns":3},{"damage":59,"enemies":"Slime Boss","floor":16,"turns":8},{"damage":0,"enemies":"Spheric Guardian","floor":18,"turns":5},{"damage":57,"enemies":"2 Thieves","floor":22,"turns":5},{"damage":16,"enemies":"Centurion and Healer","floor":24,"turns":8},{"damage":50,"enemies":"Slavers","floor":27,"turns":6},{"damage":11,"enemies":"3 Cultists","floor":28,"turns":2}],"seed_played":"6838128106700398820","potions_obtained":[{"floor":1,"key":"Dexterity Potion"},{"floor":6,"key":"SteroidPotion"},{"floor":22,"key":"PotionOfCapacity"}],"is_trial":false,"path_per_floor":["M","?","$","?","?","E","M","R","T","M","$","E","M","?","R","B",null,"M","?","$","?","M","R","M","R","T","E","M"],"character_chosen":"DEFECT","items_purchased":["Runic Capacitor","Cold Snap","HandOfGreed","Orrery","ClockworkSouvenir","Magnetism"],"campfire_rested":2,"item_purchase_floors":[3,3,11,11,20,20],"current_hp_per_floor":[64,64,64,69,69,69,69,69,69,67,67,45,47,40,40,33,65,76,76,76,76,19,41,39,61,61,11,0],"gold":133,"neow_bonus":"THREE_ENEMY_KILL","is_prod":false,"is_daily":false,"chose_seed":false,"campfire_upgraded":2,"win_rate":0,"timestamp":1619197361,"path_taken":["M","?","$","?","?","E","M","R","T","M","$","E","?","?","R","BOSS","M","?","$","?","M","R","M","R","T","E","M"],"build_version":"2020-12-22","purchased_purges":1,"victory":false,"max_hp_per_floor":[71,71,71,76,76,76,76,76,76,76,76,76,76,76,76,76,76,76,76,76,76,76,76,76,76,76,76,76],"card_choices":[{"not_picked":["Force Field","Compile Driver"],"picked":"Doom and Gloom","floor":1},{"not_picked":["Reinforced Body","FTL"],"picked":"Core Surge","floor":6},{"not_picked":["Chill","Sweeping Beam"],"picked":"Compile Driver","floor":7},{"not_picked":["Rebound","Compile Driver"],"picked":"Self Repair","floor":10},{"not_picked":["Gash","Machine Learning"],"picked":"Defragment","floor":11},{"not_picked":["BootSequence","Cold Snap"],"picked":"Amplify","floor":11},{"not_picked":["Streamline","Gash"],"picked":"Chill","floor":11},{"not_picked":["Turbo","Hello World","Stack"],"picked":"SKIP","floor":12},{"not_picked":["Loop","Self Repair"],"picked":"Fusion","floor":13},{"not_picked":["Reboot","Hyperbeam"],"picked":"Biased Cognition","floor":16},{"not_picked":["Darkness","Ball Lightning"],"picked":"Turbo","floor":18},{"not_picked":["Turbo+1","Gash","Go for the Eyes"],"picked":"SKIP","floor":22},{"not_picked":["Rebound","Steam"],"picked":"Force Field","floor":24},{"not_picked":["Rebound","Leap"],"picked":"Loop","floor":27}],"player_experience":1389869,"relics_obtained":[{"floor":6,"key":"The Courier"},{"floor":9,"key":"Lizard Tail"},{"floor":12,"key":"Unceasing Top"},{"floor":26,"key":"Dead Branch"},{"floor":27,"key":"Whetstone"}],"event_choices":[{"damage_healed":0,"gold_gain":150,"player_choice":"AGREE","damage_taken":0,"max_hp_gain":0,"max_hp_loss":0,"event_name":"Liars Game","floor":2,"gold_loss":0,"cards_obtained":["Doubt"]},{"damage_healed":0,"gold_gain":0,"player_choice":"Donut","damage_taken":0,"max_hp_gain":5,"max_hp_loss":0,"event_name":"Big Fish","floor":4,"gold_loss":0},{"damage_healed":0,"gold_gain":275,"player_choice":"Desecrate","damage_taken":0,"max_hp_gain":0,"max_hp_loss":0,"event_name":"Golden Shrine","floor":5,"gold_loss":0,"cards_obtained":["Regret"]},{"cards_removed":["Doubt"],"damage_healed":0,"gold_gain":0,"player_choice":"Card Removal","damage_taken":7,"max_hp_gain":0,"max_hp_loss":0,"event_name":"Golden Wing","floor":14,"gold_loss":0},{"damage_healed":0,"gold_gain":50,"player_choice":"Stole From Cult","damage_taken":0,"max_hp_gain":0,"max_hp_loss":0,"event_name":"Nest","floor":19,"gold_loss":0},{"damage_healed":0,"gold_gain":0,"player_choice":"Read","damage_taken":0,"max_hp_gain":0,"max_hp_loss":0,"event_name":"The Library","floor":21,"gold_loss":0,"cards_obtained":["Capacitor"]}],"is_beta":false,"boss_relics":[{"not_picked":["Velvet Choker","Runic Dome"],"picked":"Pandora\u0027s Box"}],"items_purged_floors":[11],"is_endless":false,"potions_floor_spawned":[1,6,7,22],"killed_by":"3 Cultists","ascension_level":16}