{"gold_per_floor":[109,57,57,84,103,103,130,150,150,150,180,194,210,42,42,121,121,131,142,38,38,38,71,71,88,88,88],"floor_reached":27,"playtime":854,"items_purged":[],"score":500,"play_id":"cbd949e8-471c-475c-97a5-3eb583af0f3e","local_time":"20210427224749","is_ascension_mode":true,"campfire_choices":[{"data":"Zap","floor":6,"key":"SMITH"},{"data":"Redo","floor":15,"key":"SMITH"},{"floor":24,"key":"REST"}],"neow_cost":"NONE","seed_source_timestamp":160723181761800,"circlet_count":0,"master_deck":["AscendersBane","Strike_B","Strike_B","Strike_B","Strike_B","Defend_B","Defend_B","Defend_B+1","Defend_B+1","Zap+1","Dualcast","Blizzard","Compile Driver","Leap","Cold Snap","Sweeping Beam","Redo+1","Echo Form","Self Repair","Capacitor","Coolheaded","Doom and Gloom"],"relics":["Cracked Core","NeowsBlessing","Mango","War Paint","StoneCalendar","Odd Mushroom","Singing Bowl","Bottled Flame","DataDisk","Black Star","Centennial Puzzle","PreservedInsect","Kunai"],"potions_floor_usage":[8,18,23,23,23,27],"damage_taken":[{"damage":0,"enemies":"Jaw Worm","floor":1,"turns":1},{"damage":0,"enemies":"Small Slimes","floor":5,"turns":1},{"damage":0,"enemies":"3 Sentries","floor":7,"turns":1},{"damage":0,"enemies":"The Mushroom Lair","floor":8,"turns":2},{"damage":28,"enemies":"Gremlin Nob","floor":11,"turns":5},{"damage":0,"enemies":"Cultist","floor":12,"turns":3},{"damage":14,"enemies":"Lots of Slimes","floor":13,"turns":3},{"damage":7,"enemies":"The Guardian","floor":16,"turns":11},{"damage":6,"enemies":"3 Byrds","floor":18,"turns":4},{"damage":26,"enemies":"Chosen","floor":19,"turns":5},{"damage":31,"enemies":"Book of Stabbing","floor":23,"turns":7},{"damage":33,"enemies":"Shelled Parasite and Fungi","floor":25,"turns":7},{"damage":35,"enemies":"Gremlin Leader","floor":27,"turns":3}],"seed_played":"4333753374754573974","potions_obtained":[{"floor":1,"key":"AttackPotion"},{"floor":11,"key":"SmokeBomb"},{"floor":12,"key":"LiquidMemories"},{"floor":13,"key":"DuplicationPotion"},{"floor":21,"key":"EntropicBrew"},{"floor":23,"key":"Ancient Potion"}],"is_trial":false,"path_per_floor":["M","$","?","T","M","R","E","?","T","?","E","M","M","$","R","B",null,"M","M","$","?","$","E","R","M","T","E"],"character_chosen":"DEFECT","items_purchased":["Compile Driver","DataDisk","Capacitor","Coolheaded"],"campfire_rested":1,"item_purchase_floors":[2,14,20,20],"current_hp_per_floor":[64,64,67,67,67,67,67,67,67,85,59,61,47,47,47,40,77,73,47,47,47,47,25,52,26,26,0],"gold":88,"neow_bonus":"THREE_ENEMY_KILL","is_prod":false,"is_daily":false,"chose_seed":false,"campfire_upgraded":2,"win_rate":0,"timestamp":1619578069,"path_taken":["M","$","?","?","M","R","E","?","T","?","E","M","?","$","R","BOSS","M","M","?","?","$","E","R","M","T","E"],"build_version":"2020-12-22","purchased_purges":0,"victory":false,"max_hp_per_floor":[71,71,85,85,85,85,85,85,85,85,87,89,89,89,89,89,89,91,91,91,91,91,93,93,93,93,93],"card_choices":[{"not_picked":["Fusion","Scrape"],"picked":"Blizzard","floor":1},{"not_picked":["Double Energy","Go for the Eyes"],"picked":"Leap","floor":5},{"not_picked":["Blizzard","Chaos"],"picked":"Cold Snap","floor":7},{"not_picked":["Conserve Battery","Reinforced Body"],"picked":"Sweeping Beam","floor":8},{"not_picked":["Scrape","Ball Lightning","Rebound"],"picked":"Singing Bowl","floor":11},{"not_picked":["Streamline","Undo","Sweeping Beam"],"picked":"Singing Bowl","floor":12},{"not_picked":["Undo","Lockon"],"picked":"Redo","floor":13},{"not_picked":["Seek","Machine Learning"],"picked":"Echo Form","floor":16},{"not_picked":["Go for the Eyes","Scrape","Stack"],"picked":"Singing Bowl","floor":18},{"not_picked":["Stack","Scrape"],"picked":"Self Repair","floor":19},{"not_picked":["Storm+1","Aggregate","Beam Cell+1"],"picked":"Singing Bowl","floor":23},{"not_picked":["Ball Lightning","Reinforced Body"],"picked":"Doom and Gloom","floor":25}],"player_experience":1398185,"relics_obtained":[{"floor":4,"key":"War Paint"},{"floor":7,"key":"StoneCalendar"},{"floor":8,"key":"Odd Mushroom"},{"floor":9,"key":"Singing Bowl"},{"floor":11,"key":"Bottled Flame"},{"floor":23,"key":"Centennial Puzzle"},{"floor":23,"key":"PreservedInsect"},{"floor":26,"key":"Kunai"}],"event_choices":[{"damage_healed":0,"gold_gain":0,"player_choice":"Success","damage_taken":11,"relics_obtained":["Mango"],"max_hp_gain":0,"max_hp_loss":0,"event_name":"Scrap Ooze","floor":3,"gold_loss":0},{"damage_healed":0,"gold_gain":0,"player_choice":"Fought Mushrooms","damage_taken":0,"max_hp_gain":0,"max_hp_loss":0,"event_name":"Mushrooms","floor":8,"gold_loss":0},{"damage_healed":18,"gold_gain":0,"player_choice":"Full Heal","damage_taken":0,"max_hp_gain":0,"max_hp_loss":0,"event_name":"Wheel of Change","floor":10,"gold_loss":0},{"damage_healed":0,"gold_gain":0,"player_choice":"Got Potions","damage_taken":0,"max_hp_gain":0,"max_hp_loss":0,"event_name":"Lab","floor":21,"gold_loss":0}],"is_beta":false,"boss_relics":[{"not_picked":["Snecko Eye","Velvet Choker"],"picked":"Black Star"}],"items_purged_floors":[],"is_endless":false,"potions_floor_spawned":[1,11,12,13,23],"killed_by":"Gremlin Leader","ascension_level":16}