{"gold_per_floor":[117,117,117,392,410,453,6,29,29,54,54,96,96,117,117,217,244,273,282,305,326,351,351,404,404,473,31,0,0,43,61,61,61],"floor_reached":33,"playtime":1452,"items_purged":["Regret","Injury"],"score":617,"play_id":"f0cf4dee-4c0b-4a97-b8eb-59188b03e3fd","local_time":"20210430130436","is_ascension_mode":true,"campfire_choices":[{"floor":11,"key":"REST"},{"data":"1","floor":13,"key":"LIFT"},{"data":"2","floor":15,"key":"LIFT"},{"data":"3","floor":23,"key":"LIFT"},{"floor":25,"key":"REST"},{"floor":32,"key":"REST"}],"neow_cost":"NONE","seed_source_timestamp":384332387225100,"circlet_count":0,"master_deck":["AscendersBane","Strike_B","Strike_B","Defend_B","Defend_B","Defend_B","Zap+1","Dualcast","Defragment","Ball Lightning","Genetic Algorithm+1","Apotheosis","Auto Shields","Glacier","Amplify","Steam+1","Consume+1","Steam+1","Coolheaded","Electrodynamics","Fusion","Bandage Up+1"],"relics":["Sozu","Lizard Tail","Golden Idol","Girya","CeramicFish","HornCleat","Strawberry","Astrolabe","Bronze Scales","War Paint","Meat on the Bone","Vajra","PrismaticShard","Singing Bowl"],"potions_floor_usage":[],"damage_taken":[{"damage":13,"enemies":"Jaw Worm","floor":1,"turns":4},{"damage":10,"enemies":"Small Slimes","floor":5,"turns":4},{"damage":63,"enemies":"Gremlin Nob","floor":6,"turns":5},{"damage":0,"enemies":"Cultist","floor":8,"turns":3},{"damage":27,"enemies":"Exordium Wildlife","floor":10,"turns":4},{"damage":14,"enemies":"3 Sentries","floor":12,"turns":7},{"damage":0,"enemies":"Exordium Thugs","floor":14,"turns":5},{"damage":0,"enemies":"Hexaghost","floor":16,"turns":11},{"damage":2,"enemies":"Chosen","floor":18,"turns":7},{"damage":4,"enemies":"Spheric Guardian","floor":21,"turns":5},{"damage":0,"enemies":"3 Cultists","floor":22,"turns":3},{"damage":29,"enemies":"Slavers","floor":24,"turns":6},{"damage":41,"enemies":"Gremlin Leader","floor":30,"turns":8},{"damage":1,"enemies":"Snake Plant","floor":31,"turns":4},{"damage":75,"enemies":"Champ","floor":33,"turns":17}],"seed_played":"-4996302718923015434","potions_obtained":[],"is_trial":false,"path_per_floor":["M","?","?","?","M","E","$","M","T","M","R","E","R","M","R","B",null,"M","?","T","M","M","R","E","R","T","$","?","$","E","M","R","B"],"character_chosen":"DEFECT","items_purchased":["Apotheosis","CeramicFish","Vajra","PrismaticShard"],"campfire_rested":3,"item_purchase_floors":[7,7,27,27],"current_hp_per_floor":[51,40,40,40,30,35,35,35,35,8,29,22,22,22,22,22,64,62,62,62,58,58,58,29,52,52,52,52,52,23,42,66,0],"gold":61,"neow_bonus":"BOSS_RELIC","is_prod":false,"is_daily":false,"chose_seed":false,"campfire_upgraded":0,"win_rate":0,"timestamp":1619802276,"path_taken":["M","?","?","?","M","E","$","?","T","M","R","E","R","M","R","BOSS","M","?","?","M","M","R","E","R","T","$","?","?","E","M","R","BOSS"],"build_version":"2020-12-22","purchased_purges":2,"victory":false,"max_hp_per_floor":[71,71,71,71,71,71,71,71,71,71,71,78,78,78,78,78,78,78,78,78,78,78,78,78,78,78,78,78,78,78,80,80,80],"card_choices":[{"not_picked":["White Noise","Go for the Eyes"],"picked":"Defragment","floor":1},{"not_picked":["Leap","Sweeping Beam"],"picked":"Ball Lightning","floor":5},{"not_picked":["Rip and Tear","Doom and Gloom"],"picked":"Genetic Algorithm","floor":6},{"not_picked":["Consume","BootSequence"],"picked":"Auto Shields","floor":8},{"not_picked":["Go for the Eyes","Scrape","Heatsinks"],"picked":"SKIP","floor":10},{"not_picked":["Beam Cell","Go for the Eyes"],"picked":"Glacier","floor":12},{"not_picked":["Barrage","Go for the Eyes","Rebound"],"picked":"SKIP","floor":14},{"not_picked":["Multi-Cast","Creative AI"],"picked":"Amplify","floor":16},{"not_picked":["Conserve Battery","Barrage+1"],"picked":"Coolheaded","floor":18},{"not_picked":["Reprogram","Go for the Eyes","Conserve Battery"],"picked":"SKIP","floor":21},{"not_picked":["Go for the Eyes","Double Energy","Hologram"],"picked":"SKIP","floor":22},{"not_picked":["Steam","Barrage"],"picked":"Fusion","floor":24},{"not_picked":["Hello World+1","Choke"],"picked":"Bandage Up+1","floor":30},{"not_picked":["BowlingBash+1","White Noise","FlurryOfBlows"],"picked":"Singing Bowl","floor":31}],"player_experience":1404663,"relics_obtained":[{"floor":6,"key":"Girya"},{"floor":9,"key":"HornCleat"},{"floor":12,"key":"Strawberry"},{"floor":20,"key":"Bronze Scales"},{"floor":24,"key":"War Paint"},{"floor":26,"key":"Meat on the Bone"},{"floor":30,"key":"Singing Bowl"}],"event_choices":[{"damage_healed":0,"gold_gain":0,"player_choice":"Success","damage_taken":11,"relics_obtained":["Lizard Tail"],"max_hp_gain":0,"max_hp_loss":0,"event_name":"Scrap Ooze","floor":2,"gold_loss":0},{"damage_healed":0,"gold_gain":0,"player_choice":"Take Wound","damage_taken":0,"relics_obtained":["Golden Idol"],"max_hp_gain":0,"max_hp_loss":0,"event_name":"Golden Idol","floor":3,"gold_loss":0,"cards_obtained":["Injury"]},{"damage_healed":0,"gold_gain":275,"player_choice":"Desecrate","damage_taken":0,"max_hp_gain":0,"max_hp_loss":0,"event_name":"Golden Shrine","floor":4,"gold_loss":0,"cards_obtained":["Regret"]},{"damage_healed":0,"gold_gain":0,"player_choice":"Read","damage_taken":0,"max_hp_gain":0,"max_hp_loss":0,"event_name":"The Library","floor":19,"gold_loss":0,"cards_obtained":["Electrodynamics"]},{"damage_healed":0,"gold_gain":0,"player_choice":"Paid Fearfully","damage_taken":0,"max_hp_gain":0,"max_hp_loss":0,"event_name":"Masked Bandits","floor":28,"gold_loss":31}],"is_beta":false,"boss_relics":[{"not_picked":["Black Star","Busted Crown"],"picked":"Astrolabe"}],"items_purged_floors":[7,27],"is_endless":false,"potions_floor_spawned":[1,5,14,18,22,24,31],"killed_by":"Champ","ascension_level":16}