{"gold_per_floor":[111,111,126,140,140,168,168,183,234,234,253,253,253,263,263,335,335,355,34,34,34,52,77,131,163,163,198,216,216,250,263,263,340,340,356,16,41,41,59,59,86,86,86,117,117,148,158,171,171,171],"floor_reached":51,"playtime":2164,"items_purged":[],"score":1588,"play_id":"ebe1aadb-a3df-4d29-858e-9b7c9fc2c03a","local_time":"20210502104656","is_ascension_mode":true,"campfire_choices":[{"data":"Zap","floor":7.0,"key":"SMITH"},{"floor":10.0,"key":"REST"},{"data":"Self Repair","floor":15.0,"key":"SMITH"},{"data":"Beam Cell","floor":32,"key":"SMITH"},{"data":"1","floor":40,"key":"LIFT"},{"data":"2","floor":42,"key":"LIFT"},{"floor":45,"key":"DIG"},{"data":"3","floor":49,"key":"LIFT"}],"neow_cost":"NONE","seed_source_timestamp":0,"circlet_count":0,"master_deck":["AscendersBane","Strike_B","Strike_B","Strike_B","Strike_B","Defend_B","Defend_B","Defend_B+1","Defend_B","Zap+1","Dualcast","Scrape+1","Coolheaded+1","Gash","Rip and Tear","Hologram+1","Stack+1","Self Repair+1","Hologram+1","Seek+1","Conserve Battery+1","Gash","Finesse+1","Steam+1","Beam Cell+1","Writhe","Leap+1","Sweeping Beam","Reboot+1","Gash","Gash"],"special_seed":0,"relics":["Cracked Core","NeowsBlessing","WarpedTongs","Toxic Egg 2","Bag of Preparation","Shuriken","Busted Crown","Orrery","Akabeko","Gremlin Horn","PreservedInsect","Ice Cream","War Paint","HornCleat","Pear","Black Star","Girya","Bird Faced Urn","Blue Candle","Mummified Hand","Letter Opener","Shovel","Symbiotic Virus","Mercury Hourglass","Dream Catcher","Calipers"],"potions_floor_usage":[30,50,50],"damage_taken":[{"damage":0.0,"enemies":"Small Slimes","floor":1.0,"turns":1.0},{"damage":0.0,"enemies":"Cultist","floor":3.0,"turns":1.0},{"damage":0.0,"enemies":"2 Louse","floor":4.0,"turns":1.0},{"damage":26.0,"enemies":"Gremlin Nob","floor":6.0,"turns":4.0},{"damage":20.0,"enemies":"Lots of Slimes","floor":8.0,"turns":3.0},{"damage":4.0,"enemies":"3 Louse","floor":11.0,"turns":4.0},{"damage":3.0,"enemies":"Blue Slaver","floor":14.0,"turns":2.0},{"damage":9,"enemies":"Hexaghost","floor":16,"turns":9},{"damage":0,"enemies":"Chosen","floor":18,"turns":4},{"damage":0,"enemies":"Spheric Guardian","floor":22,"turns":3},{"damage":21,"enemies":"Gremlin Leader","floor":23,"turns":5},{"damage":16,"enemies":"Slavers","floor":25,"turns":3},{"damage":13,"enemies":"Gremlin Leader","floor":27,"turns":5},{"damage":0,"enemies":"Cultist and Chosen","floor":28,"turns":6},{"damage":0,"enemies":"Slavers","floor":30,"turns":2},{"damage":0,"enemies":"Snake Plant","floor":31,"turns":3},{"damage":23,"enemies":"Collector","floor":33,"turns":10},{"damage":2,"enemies":"Orb Walker","floor":35,"turns":2},{"damage":8,"enemies":"Mind Bloom Boss Battle","floor":37,"turns":6},{"damage":8,"enemies":"3 Shapes","floor":39,"turns":4},{"damage":0,"enemies":"Reptomancer","floor":41,"turns":2},{"damage":3,"enemies":"Giant Head","floor":44,"turns":5},{"damage":3,"enemies":"Reptomancer","floor":46,"turns":3},{"damage":0,"enemies":"3 Darklings","floor":47,"turns":3},{"damage":11,"enemies":"Spire Growth","floor":48,"turns":4},{"damage":30,"enemies":"Time Eater","floor":50,"turns":7}],"seed_played":"-1762105840058045686","potions_obtained":[{"floor":4.0,"key":"Energy Potion"},{"floor":8.0,"key":"Ancient Potion"},{"floor":27,"key":"DistilledChaos"},{"floor":30,"key":"ColorlessPotion"},{"floor":41,"key":"Strength Potion"},{"floor":44,"key":"CultistPotion"}],"is_trial":false,"path_per_floor":["M","?","M","M","?","E","R","M","T","R","M","?","T","M","R","B",null,"M","$","?","?","M","E","T","E","T","E","M","?","E","M","R","B",null,"M","$","?","?","M","R","E","R","T","E","R","E","M","M","R","B",null],"character_chosen":"DEFECT","items_purchased":["Gash","Finesse+1","Orrery","Girya"],"campfire_rested":1,"item_purchase_floors":[19,19,19,36],"current_hp_per_floor":[64,64,64,64,64,38,38,18,18,39,35,35,35,32,32,33,62,71,71,71,71,71,60,60,54,54,51,61,61,71,81,81,68,78,81,81,81,81,81,81,81,81,81,78,78,81,81,70,70,52],"gold":171,"neow_bonus":"THREE_ENEMY_KILL","is_prod":false,"is_daily":false,"chose_seed":false,"campfire_upgraded":3,"win_rate":0,"timestamp":1619966816,"path_taken":["M","?","M","?","?","E","R","M","T","R","?","?","?","M","R","BOSS","M","$","?","?","?","E","?","E","T","E","M","?","E","M","R","BOSS","M","$","?","?","M","R","E","R","T","E","R","E","M","M","R","BOSS"],"build_version":"2020-12-22","purchased_purges":0,"victory":true,"max_hp_per_floor":[71,71,71,71,71,71,71,71,71,71,71,71,71,71,71,71,71,71,71,71,71,71,71,71,71,71,71,71,71,81,81,81,81,81,81,81,81,81,81,81,81,81,81,81,81,81,81,81,81,81],"card_choices":[{"not_picked":["Conserve Battery","Recycle"],"picked":"Scrape","floor":1.0},{"not_picked":["FTL","Go for the Eyes"],"picked":"Gash","floor":3.0},{"not_picked":["Aggregate","Cold Snap"],"picked":"Rip and Tear","floor":4.0},{"not_picked":["Compile Driver","Redo+1"],"picked":"Hologram+1","floor":6.0},{"not_picked":["Machine Learning","Static Discharge"],"picked":"Stack+1","floor":8.0},{"not_picked":["Scrape","Redo+1"],"picked":"Self Repair","floor":11.0},{"not_picked":["Genetic Algorithm+1","Steam Power+1"],"picked":"Hologram+1","floor":14.0},{"not_picked":["Meteor Strike","Reboot+1"],"picked":"Seek+1","floor":16},{"not_picked":[],"picked":"Conserve Battery+1","floor":18},{"not_picked":[],"picked":"Steam+1","floor":19},{"not_picked":[],"picked":"Beam Cell","floor":19},{"not_picked":["Stack+1"],"picked":"SKIP","floor":22},{"not_picked":["Ball Lightning"],"picked":"SKIP","floor":23},{"not_picked":["Genetic Algorithm+1"],"picked":"SKIP","floor":25},{"not_picked":[],"picked":"Leap+1","floor":27},{"not_picked":["Sweeping Beam"],"picked":"SKIP","floor":28},{"not_picked":[],"picked":"Sweeping Beam","floor":28},{"not_picked":["Leap+1"],"picked":"SKIP","floor":30},{"not_picked":[],"picked":"Gash","floor":31},{"not_picked":[],"picked":"Gash","floor":35},{"not_picked":["Cold Snap+1"],"picked":"SKIP","floor":39},{"not_picked":["Heatsinks"],"picked":"SKIP","floor":41},{"not_picked":["Rip and Tear"],"picked":"SKIP","floor":44},{"not_picked":["Auto Shields+1"],"picked":"SKIP","floor":46},{"not_picked":["Blizzard"],"picked":"SKIP","floor":47},{"not_picked":["Cold Snap"],"picked":"SKIP","floor":48}],"player_experience":1409965,"relics_obtained":[{"floor":6.0,"key":"Toxic Egg 2"},{"floor":9.0,"key":"Bag of Preparation"},{"floor":13.0,"key":"Shuriken"},{"floor":23,"key":"Gremlin Horn"},{"floor":24,"key":"PreservedInsect"},{"floor":25,"key":"Ice Cream"},{"floor":26,"key":"War Paint"},{"floor":27,"key":"HornCleat"},{"floor":30,"key":"Pear"},{"floor":37,"key":"Bird Faced Urn"},{"floor":41,"key":"Blue Candle"},{"floor":41,"key":"Mummified Hand"},{"floor":43,"key":"Letter Opener"},{"floor":44,"key":"Shovel"},{"floor":44,"key":"Symbiotic Virus"},{"floor":45,"key":"Mercury Hourglass"},{"floor":46,"key":"Dream Catcher"},{"floor":46,"key":"Calipers"}],"event_choices":[{"damage_healed":0.0,"max_hp_gain":0.0,"max_hp_loss":0.0,"gold_gain":0.0,"event_name":"Match and Keep!","player_choice":"1 cards matched","floor":2.0,"gold_loss":0.0,"damage_taken":0.0,"cards_obtained":["Coolheaded"]},{"damage_healed":0.0,"max_hp_gain":0.0,"max_hp_loss":0.0,"gold_gain":0.0,"event_name":"Accursed Blacksmith","player_choice":"Rummage","floor":5.0,"gold_loss":0.0,"damage_taken":0.0,"relics_obtained":["WarpedTongs"],"cards_obtained":["Pain"]},{"cards_removed":["Pain"],"damage_healed":0.0,"max_hp_gain":0.0,"max_hp_loss":0.0,"gold_gain":0.0,"event_name":"Living Wall","player_choice":"Forget","floor":12.0,"gold_loss":0.0,"damage_taken":0.0},{"damage_healed":0,"gold_gain":0,"player_choice":"Opened","damage_taken":0,"relics_obtained":["Akabeko"],"max_hp_gain":0,"max_hp_loss":0,"event_name":"The Mausoleum","floor":20,"gold_loss":0,"cards_obtained":["Writhe"]},{"damage_healed":0,"gold_gain":0,"player_choice":"Upgraded","damage_taken":0,"max_hp_gain":0,"max_hp_loss":0,"event_name":"Upgrade Shrine","floor":21,"gold_loss":0,"cards_upgraded":["Scrape"]},{"damage_healed":0,"gold_gain":0,"player_choice":"Read","damage_taken":0,"max_hp_gain":0,"max_hp_loss":0,"event_name":"The Library","floor":29,"gold_loss":0,"cards_obtained":["Reboot"]},{"damage_healed":0,"gold_gain":0,"player_choice":"Fight","damage_taken":0,"max_hp_gain":0,"max_hp_loss":0,"event_name":"MindBloom","floor":37,"gold_loss":0},{"damage_healed":0,"gold_gain":0,"player_choice":"0 cards matched","damage_taken":0,"max_hp_gain":0,"max_hp_loss":0,"event_name":"Match and Keep!","floor":38,"gold_loss":0,"cards_obtained":[]}],"is_beta":false,"boss_relics":[{"not_picked":["Snecko Eye","Runic Dome"],"picked":"Busted Crown"},{"not_picked":["Sozu","Nuclear Battery"],"picked":"Black Star"}],"items_purged_floors":[],"is_endless":false,"potions_floor_spawned":[4,8,16,23,27,30,31,35,41,44,48],"ascension_level":16}