{"gold_per_floor":[112,187,187,205,224,224,254,254,254,254,289,301,70,82,82,154,154,166,166,166,24,44,44,96,96,121,121,140,14,14],"floor_reached":30,"playtime":788,"items_purged":[],"score":450,"play_id":"722e1ce6-f2ab-4ec7-bc66-4787f30aec35","local_time":"20210426233636","is_ascension_mode":true,"campfire_choices":[{"data":"Zap","floor":6,"key":"SMITH"},{"floor":8,"key":"REST"},{"data":"Echo Form","floor":15,"key":"SMITH"},{"floor":23,"key":"REST"},{"data":"Amplify","floor":25,"key":"SMITH"},{"data":"Defragment","floor":27,"key":"SMITH"}],"neow_cost":"PERCENT_DAMAGE","seed_source_timestamp":77317488134800,"circlet_count":0,"master_deck":["AscendersBane","Strike_B","Strike_B","Strike_B","Strike_B","Defend_B","Defend_B","Defend_B","Defend_B","Zap+1","Dualcast","Sweeping Beam","Coolheaded","Loop+1","Echo Form+1","Chill","Compile Driver","Force Field","Heatsinks","Meteor Strike","Amplify+1","Glacier","Fusion","Defragment+1","Aggregate","Writhe","Decay","Defragment"],"relics":["Cracked Core","CultistMask","Mummified Hand","Lantern","White Beast Statue","Membership Card","Cursed Key","Nilry\u0027s Codex","OrangePellets","Bronze Scales","Strawberry","Oddly Smooth Stone"],"potions_floor_usage":[16,30],"damage_taken":[{"damage":9,"enemies":"Jaw Worm","floor":1,"turns":3},{"damage":1,"enemies":"Cultist","floor":4,"turns":3},{"damage":5,"enemies":"Small Slimes","floor":5,"turns":3},{"damage":24,"enemies":"Gremlin Nob","floor":7,"turns":4},{"damage":11,"enemies":"Lagavulin","floor":11,"turns":6},{"damage":8,"enemies":"Exordium Wildlife","floor":12,"turns":3},{"damage":9,"enemies":"Blue Slaver","floor":14,"turns":3},{"damage":9,"enemies":"Hexaghost","floor":16,"turns":11},{"damage":30,"enemies":"3 Byrds","floor":18,"turns":5},{"damage":0,"enemies":"Spheric Guardian","floor":22,"turns":3},{"damage":38,"enemies":"Snake Plant","floor":28,"turns":4},{"damage":20,"enemies":"Slavers","floor":30,"turns":1}],"seed_played":"5340669375817689886","potions_obtained":[{"floor":4,"key":"Energy Potion"},{"floor":12,"key":"EssenceOfSteel"},{"floor":14,"key":"Regen Potion"},{"floor":16,"key":"Ancient Potion"},{"floor":18,"key":"BlessingOfTheForge"}],"is_trial":false,"path_per_floor":["M","?","?","M","M","R","E","R","T","?","E","M","$","M","R","B",null,"M","?","?","$","M","R","T","R","T","R","M","$","E"],"character_chosen":"DEFECT","items_purchased":["Membership Card","Force Field","Heatsinks","Fusion","Defragment","OrangePellets","Oddly Smooth Stone","Defragment"],"campfire_rested":2,"item_purchase_floors":[13,13,13,21,21,21,29,29],"current_hp_per_floor":[51,40,40,39,34,34,10,35,35,35,24,16,16,7,7,13,67,37,37,16,16,16,41,41,41,48,48,10,10,0],"gold":14,"neow_bonus":"TWENTY_PERCENT_HP_BONUS","is_prod":false,"is_daily":false,"chose_seed":false,"campfire_upgraded":4,"win_rate":0,"timestamp":1619494596,"path_taken":["M","?","?","?","M","R","E","R","T","?","E","M","?","M","R","BOSS","M","?","?","?","M","R","?","R","T","R","?","$","E"],"build_version":"2020-12-22","purchased_purges":0,"victory":false,"max_hp_per_floor":[85,85,85,85,85,85,85,85,85,85,85,85,85,85,85,85,85,85,85,85,85,85,85,85,85,92,92,92,92,92],"card_choices":[{"not_picked":["White Noise","Leap"],"picked":"Sweeping Beam","floor":1},{"not_picked":["Rebound","Barrage"],"picked":"Coolheaded","floor":4},{"not_picked":["Rebound","Conserve Battery"],"picked":"Loop","floor":5},{"not_picked":["Auto Shields","Conserve Battery"],"picked":"Echo Form","floor":7},{"not_picked":["Skim","Steam Power"],"picked":"Chill","floor":11},{"not_picked":["Leap","Redo"],"picked":"Compile Driver","floor":12},{"not_picked":["Compile Driver","Beam Cell"],"picked":"Meteor Strike","floor":14},{"not_picked":["Fission","Hyperbeam"],"picked":"Amplify","floor":16},{"not_picked":["Consume+1","Leap+1"],"picked":"Glacier","floor":18},{"not_picked":["Auto Shields","Steam Power"],"picked":"Aggregate","floor":22},{"not_picked":["Lockon","Streamline","Glacier"],"picked":"SKIP","floor":28}],"player_experience":1397169,"relics_obtained":[{"floor":7,"key":"Mummified Hand"},{"floor":9,"key":"Lantern"},{"floor":11,"key":"White Beast Statue"},{"floor":20,"key":"Nilry\u0027s Codex"},{"floor":24,"key":"Bronze Scales"},{"floor":26,"key":"Strawberry"}],"event_choices":[{"damage_healed":0,"gold_gain":75,"player_choice":"Gather Gold","damage_taken":11,"max_hp_gain":0,"max_hp_loss":0,"event_name":"World of Goop","floor":2,"gold_loss":0},{"damage_healed":0,"gold_gain":0,"player_choice":"Trade","damage_taken":0,"relics_obtained":["CultistMask"],"max_hp_gain":0,"max_hp_loss":0,"event_name":"FaceTrader","floor":3,"gold_loss":0},{"damage_healed":0,"gold_gain":0,"player_choice":"Upgraded","damage_taken":0,"max_hp_gain":0,"max_hp_loss":0,"event_name":"Upgrade Shrine","floor":10,"gold_loss":0,"cards_upgraded":["Loop"]},{"damage_healed":0,"gold_gain":0,"player_choice":"Ignored","damage_taken":0,"max_hp_gain":0,"max_hp_loss":0,"event_name":"Beggar","floor":19,"gold_loss":0},{"damage_healed":0,"gold_gain":0,"player_choice":"Obtained Book","damage_taken":21,"max_hp_gain":0,"max_hp_loss":0,"event_name":"Cursed Tome","floor":20,"gold_loss":0}],"is_beta":false,"boss_relics":[{"not_picked":["Philosopher\u0027s Stone","Ectoplasm"],"picked":"Cursed Key"}],"items_purged_floors":[],"is_endless":false,"potions_floor_spawned":[4,12,14,16,18,22,28],"killed_by":"Slavers","ascension_level":16}