{"gold_per_floor":[117,117,36,111,111,111,141,141,141,141,176,192,192,25,25,99,99,119,131,46,46,46,46],"floor_reached":23,"playtime":681,"items_purged":[],"score":347,"play_id":"4e52db04-844d-430b-9466-54852e593cd7","local_time":"20210422142618","is_ascension_mode":true,"campfire_choices":[{"data":"Zap","floor":6,"key":"SMITH"},{"floor":8,"key":"REST"},{"data":"Biased Cognition","floor":10,"key":"SMITH"},{"floor":13,"key":"REST"},{"data":"Defragment","floor":15,"key":"SMITH"}],"neow_cost":"TEN_PERCENT_HP_LOSS","seed_source_timestamp":239232264362200,"circlet_count":0,"master_deck":["AscendersBane","Defend_B","Defend_B","Defend_B","Zap+1","Dualcast","Stack","Cold Snap","Tempest","Capacitor","Biased Cognition+1","FTL","Compile Driver","Leap","Defragment+1","Thunder Strike","Self Repair+1","Leap+1","Chaos+1","Barrage","Coolheaded"],"relics":["Cracked Core","Bottled Tornado","The Courier","Question Card","Anchor","Astrolabe","Ice Cream"],"potions_floor_usage":[23],"damage_taken":[{"damage":10,"enemies":"Small Slimes","floor":1,"turns":3},{"damage":28,"enemies":"Gremlin Nob","floor":7,"turns":4},{"damage":26,"enemies":"3 Sentries","floor":11,"turns":6},{"damage":3,"enemies":"Jaw Worm","floor":12,"turns":3},{"damage":12,"enemies":"Hexaghost","floor":16,"turns":9},{"damage":6,"enemies":"Shell Parasite","floor":18,"turns":7},{"damage":28,"enemies":"2 Thieves","floor":19,"turns":5},{"damage":46,"enemies":"Gremlin Leader","floor":23,"turns":4}],"seed_played":"-5673860138530254052","potions_obtained":[{"floor":1,"key":"SpeedPotion"}],"is_trial":false,"path_per_floor":["M","?","$","?","?","R","E","R","T","R","E","M","R","$","R","B",null,"M","M","?","?","?","E"],"character_chosen":"DEFECT","items_purchased":["Capacitor","Defragment","Anchor"],"campfire_rested":2,"item_purchase_floors":[3,14,14],"current_hp_per_floor":[54,54,54,43,43,43,15,34,34,34,8,5,24,24,24,12,51,55,37,37,37,37,0],"gold":46,"neow_bonus":"TRANSFORM_TWO_CARDS","is_prod":false,"is_daily":false,"chose_seed":false,"campfire_upgraded":3,"win_rate":0,"timestamp":1619115978,"path_taken":["M","?","$","?","?","R","E","R","T","R","E","?","R","$","R","BOSS","M","M","?","?","?","E"],"build_version":"2020-12-22","purchased_purges":0,"victory":false,"max_hp_per_floor":[64,64,64,64,64,64,64,64,64,64,64,64,64,64,64,64,64,64,64,64,64,64,64],"card_choices":[{"not_picked":["Sweeping Beam","Steam"],"picked":"Tempest","floor":1},{"not_picked":["Conserve Battery","Go for the Eyes"],"picked":"FTL","floor":7},{"not_picked":["Hologram","Heatsinks"],"picked":"Compile Driver","floor":11},{"not_picked":["Rip and Tear","Scrape","Cold Snap"],"picked":"Leap","floor":12},{"not_picked":["Machine Learning","Creative AI","Seek"],"picked":"Thunder Strike","floor":16},{"not_picked":["Beam Cell","Turbo","Stack"],"picked":"Barrage","floor":18},{"not_picked":["Self Repair","Chaos","Darkness"],"picked":"Coolheaded","floor":19}],"player_experience":1387314,"relics_obtained":[{"floor":7,"key":"Bottled Tornado"},{"floor":9,"key":"The Courier"},{"floor":11,"key":"Question Card"}],"event_choices":[{"damage_healed":0,"gold_gain":0,"player_choice":"Leave","damage_taken":0,"max_hp_gain":0,"max_hp_loss":0,"event_name":"The Cleric","floor":2,"gold_loss":0},{"damage_healed":0,"gold_gain":75,"player_choice":"Gather Gold","damage_taken":11,"max_hp_gain":0,"max_hp_loss":0,"event_name":"World of Goop","floor":4,"gold_loss":0},{"damage_healed":0,"gold_gain":0,"player_choice":"1 cards matched","damage_taken":0,"max_hp_gain":0,"max_hp_loss":0,"event_name":"Match and Keep!","floor":5,"gold_loss":0,"cards_obtained":["Biased Cognition"]},{"damage_healed":0,"gold_gain":0,"player_choice":"Obtained Relic","damage_taken":0,"relics_obtained":["Ice Cream"],"max_hp_gain":0,"max_hp_loss":0,"event_name":"Addict","floor":20,"gold_loss":85},{"damage_healed":0,"gold_gain":0,"player_choice":"Smashed Altar","damage_taken":0,"max_hp_gain":0,"max_hp_loss":0,"event_name":"Forgotten Altar","floor":21,"gold_loss":0,"cards_obtained":["Decay"]},{"cards_removed":["Decay"],"damage_healed":0,"gold_gain":0,"player_choice":"Removed Curses","damage_taken":0,"max_hp_gain":0,"max_hp_loss":0,"event_name":"Fountain of Cleansing","floor":22,"gold_loss":0}],"is_beta":false,"boss_relics":[{"not_picked":["Pandora\u0027s Box","SlaversCollar"],"picked":"Astrolabe"}],"items_purged_floors":[],"is_endless":false,"potions_floor_spawned":[1],"killed_by":"Gremlin Leader","ascension_level":16}