{"gold_per_floor":[114,132,132,132,132,18,49,49,49,64,64,81,81,95,95,174,174,190,190,115,164,176,214,226,257,269,300,312],"floor_reached":28,"playtime":1010,"items_purged":[],"score":470,"play_id":"c44ced2a-bcf8-4a27-9b4e-15cdeaa7d946","local_time":"20210430135335","is_ascension_mode":true,"campfire_choices":[{"data":"Conserve Battery","floor":8,"key":"SMITH"},{"data":"Hologram","floor":15,"key":"SMITH"},{"floor":24,"key":"REST"}],"neow_cost":"NONE","seed_source_timestamp":387713987517600,"circlet_count":0,"master_deck":["AscendersBane","Strike_B+1","Strike_B+1","Strike_B","Defend_B+1","Defend_B","Defend_B","Defend_B","Zap","Dualcast","BootSequence","Rip and Tear+1","Gash","Hologram+1","Conserve Battery+1","Tempest+1","Hologram","Thunder Strike+1","Ball Lightning+1","Undo","Stack+1","Machine Learning"],"relics":["Cracked Core","NeowsBlessing","Pen Nib","The Courier","Meat on the Bone","Black Star","Kunai","MawBank","Whetstone","Ornamental Fan","Mummified Hand"],"potions_floor_usage":[23,23,28,28],"damage_taken":[{"damage":0,"enemies":"Cultist","floor":1,"turns":1},{"damage":0,"enemies":"Small Slimes","floor":2,"turns":1},{"damage":0,"enemies":"Gremlin Nob","floor":7,"turns":1},{"damage":0,"enemies":"2 Louse","floor":10,"turns":2},{"damage":1,"enemies":"Looter","floor":12,"turns":2},{"damage":0,"enemies":"Exordium Thugs","floor":14,"turns":4},{"damage":19,"enemies":"Hexaghost","floor":16,"turns":9},{"damage":3,"enemies":"Spheric Guardian","floor":18,"turns":3},{"damage":45,"enemies":"Gremlin Leader","floor":23,"turns":8},{"damage":13,"enemies":"Shell Parasite","floor":25,"turns":7},{"damage":17,"enemies":"Centurion and Healer","floor":27,"turns":8},{"damage":43,"enemies":"Book of Stabbing","floor":28,"turns":5}],"seed_played":"-4200657150556304906","potions_obtained":[{"floor":2,"key":"Block Potion"},{"floor":10,"key":"Block Potion"},{"floor":25,"key":"SkillPotion"},{"floor":27,"key":"SneckoOil"}],"is_trial":false,"path_per_floor":["M","M","?","?","?","$","E","R","T","M","?","M","?","M","R","B",null,"M","?","?","T","$","E","R","M","T","M","E"],"character_chosen":"DEFECT","items_purchased":["Gash","Hologram"],"campfire_rested":1,"item_purchase_floors":[6,6],"current_hp_per_floor":[64,64,64,43,36,36,36,36,36,36,36,35,24,36,36,29,61,58,58,58,58,58,25,46,45,45,40,0],"gold":312,"neow_bonus":"THREE_ENEMY_KILL","is_prod":false,"is_daily":false,"chose_seed":false,"campfire_upgraded":2,"win_rate":0,"timestamp":1619805215,"path_taken":["M","?","?","?","?","?","E","R","T","?","?","?","?","M","R","BOSS","M","?","?","?","$","E","R","M","T","M","E"],"build_version":"2020-12-22","purchased_purges":0,"victory":false,"max_hp_per_floor":[71,71,71,71,71,71,71,71,71,71,71,71,71,71,71,71,71,71,71,71,71,71,71,71,71,71,71,71],"card_choices":[{"not_picked":["Stack","Go for the Eyes"],"picked":"BootSequence","floor":1},{"not_picked":["Redo","Genetic Algorithm"],"picked":"Rip and Tear","floor":2},{"not_picked":["Storm","Compile Driver"],"picked":"Conserve Battery","floor":7},{"not_picked":["Cold Snap","Loop"],"picked":"Tempest","floor":10},{"not_picked":["Stack","Rainbow"],"picked":"Hologram","floor":12},{"not_picked":["Undo","Steam Power","Loop"],"picked":"SKIP","floor":14},{"not_picked":["Buffer","Echo Form"],"picked":"Thunder Strike","floor":16},{"not_picked":["Leap","Steam"],"picked":"Ball Lightning+1","floor":18},{"not_picked":["Hologram","Coolheaded"],"picked":"Undo","floor":23},{"not_picked":["Turbo","Cold Snap"],"picked":"Stack+1","floor":25},{"not_picked":["Cold Snap","Turbo"],"picked":"Machine Learning","floor":27}],"player_experience":1407855,"relics_obtained":[{"floor":7,"key":"Pen Nib"},{"floor":9,"key":"The Courier"},{"floor":21,"key":"MawBank"},{"floor":23,"key":"Whetstone"},{"floor":23,"key":"Ornamental Fan"},{"floor":26,"key":"Mummified Hand"}],"event_choices":[{"damage_healed":0,"gold_gain":0,"player_choice":"Grow","damage_taken":0,"max_hp_gain":0,"max_hp_loss":0,"event_name":"Living Wall","floor":3,"gold_loss":0,"cards_upgraded":["Rip and Tear"]},{"damage_healed":0,"gold_gain":0,"player_choice":"Entered Light","damage_taken":21,"max_hp_gain":0,"max_hp_loss":0,"event_name":"Shining Light","floor":4,"gold_loss":0,"cards_upgraded":["Defend_B","Strike_B"]},{"cards_removed":["Strike_B"],"damage_healed":0,"gold_gain":0,"player_choice":"Card Removal","damage_taken":7,"max_hp_gain":0,"max_hp_loss":0,"event_name":"Golden Wing","floor":5,"gold_loss":0},{"damage_healed":0,"gold_gain":0,"player_choice":"Upgraded","damage_taken":0,"max_hp_gain":0,"max_hp_loss":0,"event_name":"Upgrade Shrine","floor":11,"gold_loss":0,"cards_upgraded":["Tempest"]},{"damage_healed":0,"gold_gain":0,"player_choice":"Success","damage_taken":11,"relics_obtained":["Meat on the Bone"],"max_hp_gain":0,"max_hp_loss":0,"event_name":"Scrap Ooze","floor":13,"gold_loss":0},{"damage_healed":0,"gold_gain":0,"player_choice":"Stole Relic","damage_taken":0,"relics_obtained":["Kunai"],"max_hp_gain":0,"max_hp_loss":0,"event_name":"Addict","floor":19,"gold_loss":0,"cards_obtained":["Shame"]},{"cards_removed":["Shame"],"damage_healed":0,"gold_gain":0,"player_choice":"Gave Gold","damage_taken":0,"max_hp_gain":0,"max_hp_loss":0,"event_name":"Beggar","floor":20,"gold_loss":75}],"is_beta":false,"boss_relics":[{"not_picked":["Sozu","Velvet Choker"],"picked":"Black Star"}],"items_purged_floors":[],"is_endless":false,"potions_floor_spawned":[2,10,12,25,27],"killed_by":"Book of Stabbing","ascension_level":16}