{"gold_per_floor":[137,137,137,175,250,250,215,134,185,254,85,128,88,125,125,202,202,218,47,47,64,64,90,1,1,70,101,101,51,70,70],"floor_reached":31,"playtime":786,"items_purged":[],"score":466,"play_id":"05964668-3ac2-430a-b5a1-6ef278f39951","local_time":"20210430200638","is_ascension_mode":true,"campfire_choices":[{"data":"Zap","floor":6,"key":"SMITH"},{"data":"Redo","floor":15,"key":"SMITH"},{"floor":25,"key":"REST"},{"floor":28,"key":"REST"}],"neow_cost":"TEN_PERCENT_HP_LOSS","seed_source_timestamp":410320901652700,"circlet_count":0,"master_deck":["AscendersBane","Strike_B","Strike_B","Strike_B","Defend_B","Defend_B+1","Defend_B","Defend_B+1","Zap+1","Dualcast","HandOfGreed+1","Leap","Go for the Eyes","Doom and Gloom","Redo+1","Capacitor","Coolheaded","Electrodynamics","Creative AI","Darkness","Core Surge","Defragment","Genetic Algorithm+1"],"relics":["Cracked Core","Regal Pillow","Symbiotic Virus","Chemical X","Busted Crown","Art of War","Girya","Kunai","Blood Vial"],"potions_floor_usage":[16,23,23],"damage_taken":[{"damage":0,"enemies":"2 Louse","floor":1,"turns":2},{"damage":0,"enemies":"Jaw Worm","floor":4,"turns":4},{"damage":0,"enemies":"Cultist","floor":12,"turns":2},{"damage":24,"enemies":"Lots of Slimes","floor":14,"turns":3},{"damage":16,"enemies":"Hexaghost","floor":16,"turns":9},{"damage":4,"enemies":"Spheric Guardian","floor":18,"turns":3},{"damage":10,"enemies":"Shell Parasite","floor":21,"turns":4},{"damage":31,"enemies":"Book of Stabbing","floor":23,"turns":6},{"damage":23,"enemies":"Gremlin Leader","floor":27,"turns":5},{"damage":33,"enemies":"Snecko","floor":30,"turns":5},{"damage":29,"enemies":"3 Cultists","floor":31,"turns":4}],"seed_played":"-1538608484300219958","potions_obtained":[{"floor":1,"key":"SpeedPotion"},{"floor":4,"key":"Swift Potion"},{"floor":16,"key":"AttackPotion"},{"floor":22,"key":"Energy Potion"},{"floor":27,"key":"FocusPotion"}],"is_trial":false,"path_per_floor":["M","?","?","M","?","R","?","$","T","T","$","M","$","M","R","B",null,"M","$","?","M","?","E","$","R","T","E","R","?","M","M"],"character_chosen":"DEFECT","items_purchased":["Doom and Gloom","Chemical X","Capacitor","Art of War","Defragment"],"campfire_rested":2,"item_purchase_floors":[8,11,13,19,24],"current_hp_per_floor":[64,45,45,45,34,34,50,50,50,50,50,50,50,26,26,10,51,47,47,47,37,37,6,6,40,40,17,51,51,20,0],"gold":70,"neow_bonus":"RANDOM_COLORLESS_2","is_prod":false,"is_daily":false,"chose_seed":false,"campfire_upgraded":2,"win_rate":0,"timestamp":1619827598,"path_taken":["M","?","?","M","?","R","?","?","T","?","$","M","$","M","R","BOSS","M","$","?","?","?","E","?","R","T","E","R","?","M","M"],"build_version":"2020-12-22","purchased_purges":0,"victory":false,"max_hp_per_floor":[64,64,64,64,64,64,64,64,64,64,64,64,64,64,64,64,64,64,64,64,64,64,64,64,64,64,64,64,64,64,64],"card_choices":[{"not_picked":["Metamorphosis","Thinking Ahead"],"picked":"HandOfGreed","floor":0},{"not_picked":["White Noise","Steam"],"picked":"Leap","floor":1},{"not_picked":["Sunder","Turbo"],"picked":"Go for the Eyes","floor":4},{"not_picked":["Barrage","Coolheaded"],"picked":"Redo","floor":12},{"not_picked":["Go for the Eyes","Turbo"],"picked":"Coolheaded","floor":14},{"not_picked":["Seek","Core Surge"],"picked":"Electrodynamics","floor":16},{"not_picked":["Ball Lightning"],"picked":"SKIP","floor":18},{"not_picked":[],"picked":"Darkness","floor":21},{"not_picked":[],"picked":"Core Surge","floor":23},{"not_picked":["Sunder"],"picked":"SKIP","floor":27},{"not_picked":[],"picked":"Genetic Algorithm+1","floor":30}],"player_experience":1408865,"relics_obtained":[{"floor":9,"key":"Regal Pillow"},{"floor":10,"key":"Symbiotic Virus"},{"floor":23,"key":"Girya"},{"floor":26,"key":"Kunai"},{"floor":27,"key":"Blood Vial"}],"event_choices":[{"damage_healed":0,"gold_gain":0,"player_choice":"Entered Light","damage_taken":19,"max_hp_gain":0,"max_hp_loss":0,"event_name":"Shining Light","floor":2,"gold_loss":0,"cards_upgraded":["Defend_B","Defend_B"]},{"damage_healed":0,"gold_gain":0,"player_choice":"Grow","damage_taken":0,"max_hp_gain":0,"max_hp_loss":0,"event_name":"Living Wall","floor":3,"gold_loss":0,"cards_upgraded":["HandOfGreed"]},{"damage_healed":0,"gold_gain":75,"player_choice":"Gather Gold","damage_taken":11,"max_hp_gain":0,"max_hp_loss":0,"event_name":"World of Goop","floor":5,"gold_loss":0},{"damage_healed":16,"gold_gain":0,"player_choice":"Healed","damage_taken":0,"max_hp_gain":0,"max_hp_loss":0,"event_name":"The Cleric","floor":7,"gold_loss":35},{"damage_healed":0,"gold_gain":0,"cards_transformed":["Strike_B"],"player_choice":"Transformed","damage_taken":0,"max_hp_gain":0,"max_hp_loss":0,"event_name":"Transmorgrifier","floor":20,"gold_loss":0,"cards_obtained":["Creative AI"]},{"damage_healed":0,"gold_gain":0,"player_choice":"Got Potions","damage_taken":0,"max_hp_gain":0,"max_hp_loss":0,"event_name":"Lab","floor":22,"gold_loss":0},{"damage_healed":0,"gold_gain":0,"player_choice":"Bet on Murderer","damage_taken":0,"max_hp_gain":0,"max_hp_loss":0,"event_name":"The Joust","floor":29,"gold_loss":50}],"is_beta":false,"boss_relics":[{"not_picked":["Pandora\u0027s Box","Tiny House"],"picked":"Busted Crown"}],"items_purged_floors":[],"is_endless":false,"potions_floor_spawned":[1,4,16,27],"killed_by":"3 Cultists","ascension_level":16}