{"gold_per_floor":[110,121,121,4,4,38,38,63,63,2,12,32,86,96,96,169,169,189,189,215,228,278,278],"floor_reached":23,"playtime":805,"items_purged":[],"score":358,"play_id":"5740cf99-a8af-4e2b-b87c-48ad353e824d","local_time":"20210429123138","is_ascension_mode":true,"campfire_choices":[{"data":"Defragment","floor":7,"key":"SMITH"},{"floor":15,"key":"REST"}],"neow_cost":"NONE","seed_source_timestamp":296602603277700,"circlet_count":0,"master_deck":["AscendersBane","Strike_B","Strike_B","Strike_B","Strike_B","Defend_B","Defend_B","Defend_B","Defend_B","Zap+1","Dualcast","Compile Driver","Reinforced Body","Defragment+1","Blizzard","Cold Snap","Lockon","Ball Lightning","Melter","Electrodynamics","Defragment","Thunder Strike"],"relics":["FrozenCore","Bronze Scales","Singing Bowl","Gremlin Horn","Bottled Lightning","Bag of Preparation","Dream Catcher","Red Mask"],"potions_floor_usage":[8,16,16,20,23],"damage_taken":[{"damage":7,"enemies":"Jaw Worm","floor":1,"turns":4},{"damage":1,"enemies":"Cultist","floor":2,"turns":3},{"damage":21,"enemies":"Lagavulin","floor":6,"turns":6},{"damage":11,"enemies":"Gremlin Nob","floor":8,"turns":4},{"damage":3,"enemies":"Small Slimes","floor":11,"turns":3},{"damage":0,"enemies":"Exordium Thugs","floor":12,"turns":3},{"damage":8,"enemies":"3 Louse","floor":14,"turns":2},{"damage":14,"enemies":"The Guardian","floor":16,"turns":8},{"damage":3,"enemies":"Chosen","floor":18,"turns":4},{"damage":23,"enemies":"Masked Bandits","floor":20,"turns":4},{"damage":0,"enemies":"Spheric Guardian","floor":21,"turns":2},{"damage":45,"enemies":"Slavers","floor":23,"turns":3}],"seed_played":"2346886775204005530","potions_obtained":[{"floor":6,"key":"GamblersBrew"},{"floor":12,"key":"DistilledChaos"},{"floor":14,"key":"SteroidPotion"},{"floor":18,"key":"DistilledChaos"},{"floor":21,"key":"SkillPotion"}],"is_trial":false,"path_per_floor":["M","M","?","$","$","E","R","E","T","?","M","M","T","M","R","B",null,"M","?","?","M","?","E"],"character_chosen":"DEFECT","items_purchased":["Defragment","Blizzard"],"campfire_rested":1,"item_purchase_floors":[4,4],"current_hp_per_floor":[57,56,56,56,56,35,35,24,24,24,21,23,23,17,39,25,63,62,62,41,41,41,0],"gold":278,"neow_bonus":"RANDOM_COMMON_RELIC","is_prod":false,"is_daily":false,"chose_seed":false,"campfire_upgraded":1,"win_rate":0,"timestamp":1619713898,"path_taken":["M","M","?","?","$","E","R","E","T","?","M","?","?","M","R","BOSS","M","?","?","M","?","E"],"build_version":"2020-12-22","purchased_purges":0,"victory":false,"max_hp_per_floor":[71,71,71,71,71,71,71,71,71,71,71,73,73,75,75,75,75,77,77,79,79,79,79],"card_choices":[{"not_picked":["Hologram","Go for the Eyes"],"picked":"Compile Driver","floor":1},{"not_picked":["Force Field","Self Repair"],"picked":"Reinforced Body","floor":2},{"not_picked":["Hello World","Compile Driver"],"picked":"Cold Snap","floor":6},{"not_picked":["Undo","Compile Driver"],"picked":"Lockon","floor":8},{"not_picked":["Sunder","Go for the Eyes"],"picked":"Ball Lightning","floor":11},{"not_picked":["Sunder","Storm","Rip and Tear"],"picked":"Singing Bowl","floor":12},{"not_picked":["Sweeping Beam","Conserve Battery","Barrage"],"picked":"Singing Bowl","floor":14},{"not_picked":["Ball Lightning","Compile Driver"],"picked":"Melter","floor":15},{"not_picked":["Meteor Strike","Machine Learning"],"picked":"Electrodynamics","floor":16},{"not_picked":["Barrage","Beam Cell","Conserve Battery"],"picked":"Singing Bowl","floor":18},{"not_picked":["Hologram","Steam","Beam Cell"],"picked":"Singing Bowl","floor":20},{"not_picked":["Go for the Eyes","Chaos"],"picked":"Thunder Strike","floor":21}],"player_experience":1402673,"relics_obtained":[{"floor":6,"key":"Singing Bowl"},{"floor":8,"key":"Gremlin Horn"},{"floor":9,"key":"Bottled Lightning"},{"floor":13,"key":"Dream Catcher"},{"floor":20,"key":"Red Mask"}],"event_choices":[{"damage_healed":0,"gold_gain":0,"player_choice":"Upgraded","damage_taken":0,"max_hp_gain":0,"max_hp_loss":0,"event_name":"Upgrade Shrine","floor":3,"gold_loss":0,"cards_upgraded":["Zap"]},{"damage_healed":0,"gold_gain":0,"player_choice":"Paid Gold","damage_taken":0,"relics_obtained":["Bag of Preparation"],"max_hp_gain":0,"max_hp_loss":0,"event_name":"WeMeetAgain","floor":10,"gold_loss":61},{"damage_healed":0,"gold_gain":0,"player_choice":"Read","damage_taken":0,"max_hp_gain":0,"max_hp_loss":0,"event_name":"The Library","floor":19,"gold_loss":0,"cards_obtained":["Defragment"]},{"damage_healed":0,"gold_gain":0,"player_choice":"Fought Bandits","damage_taken":0,"max_hp_gain":0,"max_hp_loss":0,"event_name":"Masked Bandits","floor":20,"gold_loss":0},{"damage_healed":0,"gold_gain":50,"player_choice":"Stole From Cult","damage_taken":0,"max_hp_gain":0,"max_hp_loss":0,"event_name":"Nest","floor":22,"gold_loss":0}],"is_beta":false,"boss_relics":[{"not_picked":["Snecko Eye","Fusion Hammer"],"picked":"FrozenCore"}],"items_purged_floors":[],"is_endless":false,"potions_floor_spawned":[6,12,14,18,21],"killed_by":"Slavers","ascension_level":16}