{"gold_per_floor":[118,193,193,193,213,213,246,263,263,295,307,333,348,273,273,273],"floor_reached":16,"playtime":502,"items_purged":[],"score":323,"play_id":"3b8176a0-4794-4f50-b03a-35f2f6940d7c","local_time":"20210507192750","is_ascension_mode":true,"campfire_choices":[{"data":"Conserve Battery","floor":6,"key":"SMITH"},{"data":"Zap","floor":15,"key":"PURGE"}],"neow_cost":"NONE","seed_source_timestamp":24475753704600,"circlet_count":0,"master_deck":["AscendersBane","Strike_B","Strike_B","Strike_B","Defend_B","Defend_B","Defend_B","Dualcast","Hyperbeam+1","Compile Driver","Conserve Battery+1","Rip and Tear","Auto Shields","FTL","Self Repair"],"relics":["Cracked Core","Turnip","Peace Pipe","Ornamental Fan","Bronze Scales"],"potions_floor_usage":[12],"damage_taken":[{"damage":0,"enemies":"2 Louse","floor":1,"turns":2},{"damage":7,"enemies":"Jaw Worm","floor":5,"turns":2},{"damage":21,"enemies":"Lagavulin","floor":7,"turns":8},{"damage":0,"enemies":"Cultist","floor":8,"turns":2},{"damage":0,"enemies":"3 Sentries","floor":10,"turns":3},{"damage":0,"enemies":"2 Fungi Beasts","floor":11,"turns":1},{"damage":0,"enemies":"Gremlin Nob","floor":12,"turns":3},{"damage":1,"enemies":"Looter","floor":13,"turns":3},{"damage":32,"enemies":"Hexaghost","floor":16,"turns":9}],"seed_played":"-1948894136158574851","potions_obtained":[{"floor":7,"key":"Explosive Potion"},{"floor":10,"key":"DuplicationPotion"}],"is_trial":false,"path_per_floor":["M","?","?","?","M","R","E","M","T","E","M","E","M","?","R","B"],"character_chosen":"DEFECT","items_purchased":[],"campfire_rested":0,"item_purchase_floors":[],"current_hp_per_floor":[64,53,53,53,46,46,25,25,25,25,25,25,31,31,31,0],"gold":273,"neow_bonus":"ONE_RANDOM_RARE_CARD","is_prod":false,"is_daily":false,"chose_seed":false,"campfire_upgraded":1,"win_rate":0,"timestamp":1620430070,"path_taken":["M","?","?","?","M","R","E","M","T","E","M","E","?","?","R","BOSS"],"build_version":"2020-12-22","purchased_purges":0,"victory":false,"max_hp_per_floor":[71,71,71,71,71,71,71,71,71,71,71,71,71,71,71,71],"card_choices":[{"not_picked":["Steam","Coolheaded"],"picked":"Compile Driver","floor":1},{"not_picked":["Glacier","Hello World"],"picked":"Conserve Battery","floor":5},{"not_picked":["Coolheaded","Go for the Eyes"],"picked":"Rip and Tear","floor":7},{"not_picked":["Cold Snap","Capacitor","Static Discharge"],"picked":"SKIP","floor":8},{"not_picked":["Ball Lightning","Doom and Gloom"],"picked":"Auto Shields","floor":10},{"not_picked":["White Noise","Fusion"],"picked":"FTL","floor":11},{"not_picked":["Coolheaded","Steam Power"],"picked":"Self Repair","floor":12},{"not_picked":["Turbo","Aggregate","Rebound"],"picked":"SKIP","floor":13}],"player_experience":1450023,"relics_obtained":[{"floor":7,"key":"Turnip"},{"floor":9,"key":"Peace Pipe"},{"floor":10,"key":"Ornamental Fan"},{"floor":12,"key":"Bronze Scales"}],"event_choices":[{"damage_healed":0,"gold_gain":75,"player_choice":"Gather Gold","damage_taken":11,"max_hp_gain":0,"max_hp_loss":0,"event_name":"World of Goop","floor":2,"gold_loss":0},{"damage_healed":0,"gold_gain":0,"player_choice":"Grow","damage_taken":0,"max_hp_gain":0,"max_hp_loss":0,"event_name":"Living Wall","floor":3,"gold_loss":0,"cards_upgraded":["Hyperbeam"]},{"cards_removed":["Strike_B"],"damage_healed":0,"gold_gain":0,"player_choice":"Purged","damage_taken":0,"max_hp_gain":0,"max_hp_loss":0,"event_name":"Purifier","floor":4,"gold_loss":0},{"cards_removed":["Defend_B"],"damage_healed":0,"gold_gain":0,"player_choice":"Card Removal","damage_taken":0,"max_hp_gain":0,"max_hp_loss":0,"event_name":"The Cleric","floor":14,"gold_loss":75}],"is_beta":false,"boss_relics":[],"items_purged_floors":[],"is_endless":false,"potions_floor_spawned":[7,10,11],"killed_by":"Hexaghost","ascension_level":18}