{"gold_per_floor":[115,128,38,53,53,80,80,80,80,100,100,100,100,100,100,175,175,192,192],"floor_reached":19,"playtime":689,"items_purged":[],"score":339,"play_id":"689c3a73-d570-4fd6-b179-abe307cd8f90","local_time":"20210503142138","is_ascension_mode":true,"campfire_choices":[{"floor":8,"key":"REST"},{"data":"Defragment","floor":11,"key":"SMITH"},{"data":"Genetic Algorithm","floor":13,"key":"SMITH"},{"floor":15,"key":"REST"}],"neow_cost":"CURSE","seed_source_timestamp":68054728650699,"circlet_count":0,"master_deck":["AscendersBane","Strike_B","Strike_B","Strike_B","Strike_B","Defend_B","Defend_B","Defend_B","Defend_B","Zap","Dualcast","Shame","Mayhem","Ball Lightning","White Noise","Defragment+1","Genetic Algorithm+1","Thunder Strike+1","Pain","Reinforced Body+1","Machine Learning","CurseOfTheBell","Redo"],"relics":["Cracked Core","Question Card","WarpedTongs","Blood Vial","Ancient Tea Set","Calling Bell","Boot","Ornamental Fan","Mango"],"potions_floor_usage":[10,16,16,19],"damage_taken":[{"damage":1,"enemies":"2 Louse","floor":1,"turns":2},{"damage":18,"enemies":"Jaw Worm","floor":2,"turns":4},{"damage":3,"enemies":"Cultist","floor":4,"turns":3},{"damage":10,"enemies":"Lagavulin","floor":6,"turns":6},{"damage":28,"enemies":"Exordium Thugs","floor":10,"turns":5},{"damage":16,"enemies":"Slime Boss","floor":16,"turns":6},{"damage":55,"enemies":"Chosen","floor":18,"turns":5},{"damage":25,"enemies":"Masked Bandits","floor":19,"turns":3}],"seed_played":"-2697417620588232722","potions_obtained":[{"floor":4,"key":"Strength Potion"},{"floor":6,"key":"Weak Potion"},{"floor":10,"key":"Swift Potion"},{"floor":16,"key":"FearPotion"}],"is_trial":false,"path_per_floor":["M","M","$","M","?","E","?","R","T","M","R","T","R","?","R","B",null,"M","?"],"character_chosen":"DEFECT","items_purchased":["Defragment"],"campfire_rested":2,"item_purchase_floors":[3],"current_hp_per_floor":[63,45,45,42,47,37,37,59,59,33,33,33,33,10,32,18,76,23,0],"gold":192,"neow_bonus":"RANDOM_COLORLESS_2","is_prod":false,"is_daily":false,"chose_seed":false,"campfire_upgraded":2,"win_rate":0,"timestamp":1620066098,"path_taken":["M","M","$","M","?","E","?","R","T","?","R","?","R","?","R","BOSS","M","?"],"build_version":"2020-12-22","purchased_purges":0,"victory":false,"max_hp_per_floor":[71,71,71,71,76,76,76,76,76,76,76,76,76,76,76,76,90,90,90],"card_choices":[{"not_picked":["Magnetism","Secret Weapon"],"picked":"Mayhem","floor":0},{"not_picked":["Coolheaded","Go for the Eyes"],"picked":"Ball Lightning","floor":1},{"not_picked":["Hologram","Steam"],"picked":"White Noise","floor":2},{"not_picked":["Coolheaded","Turbo"],"picked":"Genetic Algorithm","floor":4},{"not_picked":["Storm","Undo"],"picked":"Thunder Strike","floor":6},{"not_picked":["Force Field","Redo","Barrage"],"picked":"Reinforced Body","floor":10},{"not_picked":["Meteor Strike","Buffer","Hyperbeam"],"picked":"Machine Learning","floor":16},{"not_picked":["Hello World","Chill","Leap"],"picked":"Redo","floor":18}],"player_experience":1417524,"relics_obtained":[{"floor":6,"key":"Question Card"},{"floor":9,"key":"Blood Vial"},{"floor":12,"key":"Ancient Tea Set"},{"floor":17,"key":"Boot"},{"floor":17,"key":"Ornamental Fan"},{"floor":17,"key":"Mango"}],"event_choices":[{"damage_healed":0,"gold_gain":0,"player_choice":"Donut","damage_taken":0,"max_hp_gain":5,"max_hp_loss":0,"event_name":"Big Fish","floor":5,"gold_loss":0},{"damage_healed":0,"gold_gain":0,"player_choice":"Rummage","damage_taken":0,"relics_obtained":["WarpedTongs"],"max_hp_gain":0,"max_hp_loss":0,"event_name":"Accursed Blacksmith","floor":7,"gold_loss":0,"cards_obtained":["Pain"]},{"damage_healed":0,"gold_gain":0,"player_choice":"Entered Light","damage_taken":23,"max_hp_gain":0,"max_hp_loss":0,"event_name":"Shining Light","floor":14,"gold_loss":0,"cards_upgraded":["Thunder Strike","Reinforced Body"]},{"damage_healed":0,"gold_gain":0,"player_choice":"Fought Bandits","damage_taken":0,"max_hp_gain":0,"max_hp_loss":0,"event_name":"Masked Bandits","floor":19,"gold_loss":0}],"is_beta":false,"boss_relics":[{"not_picked":["Cursed Key","Busted Crown"],"picked":"Calling Bell"}],"items_purged_floors":[],"is_endless":false,"potions_floor_spawned":[4,6,10,16],"killed_by":"Masked Bandits","ascension_level":18}