{"gold_per_floor":[109,34,47,47,47,76,76,35,35,61,61,61],"floor_reached":12,"playtime":211,"items_purged":[],"score":207,"play_id":"dbf9bd9d-cd57-4f79-b7a5-ab43d13558d5","local_time":"20210507124642","is_ascension_mode":true,"campfire_choices":[{"data":"Stack","floor":7,"key":"SMITH"}],"neow_cost":"NONE","seed_source_timestamp":698475756500,"circlet_count":0,"master_deck":["AscendersBane","Strike_B","Strike_B","Strike_B","Defend_B+1","Defend_B","Defend_B+1","Defend_B","Zap","Dualcast","Rebound","Rip and Tear+1","Stack+1","Skim","Gash"],"relics":["Cracked Core","NeowsBlessing","Calipers","Bottled Flame","Juzu Bracelet"],"potions_floor_usage":[12,12],"damage_taken":[{"damage":0,"enemies":"Jaw Worm","floor":1,"turns":1},{"damage":0,"enemies":"Small Slimes","floor":3,"turns":1},{"damage":0,"enemies":"Gremlin Nob","floor":6,"turns":1},{"damage":29,"enemies":"3 Sentries","floor":10,"turns":9},{"damage":42,"enemies":"Gremlin Nob","floor":12,"turns":3}],"seed_played":"6795691031346116352","potions_obtained":[{"floor":3,"key":"ColorlessPotion"},{"floor":10,"key":"DistilledChaos"}],"is_trial":false,"path_per_floor":["M","?","M","?","?","E","R","$","T","E","?","E"],"character_chosen":"DEFECT","items_purchased":["Skim"],"campfire_rested":0,"item_purchase_floors":[8],"current_hp_per_floor":[64,64,64,43,43,43,43,43,43,14,3,0],"gold":61,"neow_bonus":"THREE_ENEMY_KILL","is_prod":false,"is_daily":false,"chose_seed":false,"campfire_upgraded":1,"win_rate":0,"timestamp":1620406002,"path_taken":["M","?","M","?","?","E","R","$","T","E","?","E"],"build_version":"2020-12-22","purchased_purges":0,"victory":false,"max_hp_per_floor":[71,71,71,71,71,71,71,71,71,71,71,71],"card_choices":[{"not_picked":["Compile Driver","Barrage"],"picked":"Rebound","floor":1},{"not_picked":["Sweeping Beam","Cold Snap"],"picked":"Rip and Tear","floor":3},{"not_picked":["Redo","Defragment"],"picked":"Stack","floor":6},{"not_picked":["Defragment","Creative AI"],"picked":"Gash","floor":10}],"player_experience":1445699,"relics_obtained":[{"floor":6,"key":"Calipers"},{"floor":9,"key":"Bottled Flame"},{"floor":10,"key":"Juzu Bracelet"}],"event_choices":[{"cards_removed":["Strike_B"],"damage_healed":0,"gold_gain":0,"player_choice":"Card Removal","damage_taken":0,"max_hp_gain":0,"max_hp_loss":0,"event_name":"The Cleric","floor":2,"gold_loss":75},{"damage_healed":0,"gold_gain":0,"player_choice":"Entered Light","damage_taken":21,"max_hp_gain":0,"max_hp_loss":0,"event_name":"Shining Light","floor":4,"gold_loss":0,"cards_upgraded":["Defend_B","Defend_B"]},{"damage_healed":0,"gold_gain":0,"player_choice":"Grow","damage_taken":0,"max_hp_gain":0,"max_hp_loss":0,"event_name":"Living Wall","floor":5,"gold_loss":0,"cards_upgraded":["Rip and Tear"]},{"damage_healed":0,"gold_gain":0,"player_choice":"Fled","damage_taken":11,"max_hp_gain":0,"max_hp_loss":0,"event_name":"Scrap Ooze","floor":11,"gold_loss":0}],"is_beta":false,"boss_relics":[],"items_purged_floors":[],"is_endless":false,"potions_floor_spawned":[3,10],"killed_by":"Gremlin Nob","ascension_level":18}