{"gold_per_floor":[11,28,45,45,10,38,38,67,67,67,67,67,80,99,99,99],"floor_reached":16,"playtime":455,"items_purged":[],"score":209,"play_id":"ac270688-027f-41d8-ad7b-ad9de8f2cfdb","local_time":"20210510212615","is_ascension_mode":true,"campfire_choices":[{"data":"Zap","floor":7,"key":"SMITH"},{"data":"White Noise","floor":10,"key":"SMITH"},{"data":"Redo","floor":12,"key":"SMITH"},{"data":"Dualcast","floor":15,"key":"SMITH"}],"neow_cost":"NO_GOLD","seed_source_timestamp":60476251505300,"circlet_count":0,"master_deck":["AscendersBane","Strike_B","Strike_B","Strike_B","Strike_B","Defend_B","Defend_B","Defend_B","Zap+1","Dualcast+1","Amplify","Leap","FTL","Chill","White Noise+1","Redo+1","Parasite","Meteor Strike","Go for the Eyes"],"relics":["Cracked Core","Akabeko","Pear","Ornamental Fan"],"potions_floor_usage":[8,16],"damage_taken":[{"damage":1,"enemies":"Cultist","floor":1,"turns":3},{"damage":0,"enemies":"Jaw Worm","floor":2,"turns":4},{"damage":4,"enemies":"2 Louse","floor":3,"turns":2},{"damage":19,"enemies":"3 Sentries","floor":6,"turns":14},{"damage":22,"enemies":"Lagavulin","floor":8,"turns":6},{"damage":5,"enemies":"Large Slime","floor":13,"turns":4},{"damage":6,"enemies":"Looter","floor":14,"turns":2},{"damage":51,"enemies":"Hexaghost","floor":16,"turns":9}],"seed_played":"6672217343713162066","potions_obtained":[{"floor":1,"key":"Fire Potion"},{"floor":6,"key":"PotionOfCapacity"},{"floor":13,"key":"Energy Potion"}],"is_trial":false,"path_per_floor":["M","M","M","?","?","E","R","E","T","R","?","R","M","M","R","B"],"character_chosen":"DEFECT","items_purchased":[],"campfire_rested":0,"item_purchase_floors":[],"current_hp_per_floor":[63,63,59,52,69,50,50,38,38,38,58,58,53,47,47,0],"gold":99,"neow_bonus":"THREE_RARE_CARDS","is_prod":false,"is_daily":false,"chose_seed":false,"campfire_upgraded":4,"win_rate":0,"timestamp":1620696375,"path_taken":["M","M","?","?","?","E","R","E","T","R","?","R","M","M","R","BOSS"],"build_version":"2020-12-22","purchased_purges":0,"victory":false,"max_hp_per_floor":[71,71,71,71,71,71,71,81,81,81,81,81,81,81,81,81],"card_choices":[{"not_picked":["Buffer","Machine Learning"],"picked":"Amplify","floor":0},{"not_picked":["Fusion","FTL"],"picked":"Leap","floor":1},{"not_picked":["Leap","Reprogram"],"picked":"FTL","floor":2},{"not_picked":["Redo","Hologram"],"picked":"Chill","floor":3},{"not_picked":["Streamline","Beam Cell"],"picked":"White Noise","floor":6},{"not_picked":["Barrage","Streamline"],"picked":"Redo","floor":8},{"not_picked":["Lockon","Ball Lightning"],"picked":"Meteor Strike","floor":13},{"not_picked":["Streamline","Stack"],"picked":"Go for the Eyes","floor":14}],"player_experience":1452988,"relics_obtained":[{"floor":6,"key":"Akabeko"},{"floor":8,"key":"Pear"},{"floor":9,"key":"Ornamental Fan"}],"event_choices":[{"cards_removed":["Defend_B"],"damage_healed":0,"gold_gain":0,"player_choice":"Card Removal","damage_taken":7,"max_hp_gain":0,"max_hp_loss":0,"event_name":"Golden Wing","floor":4,"gold_loss":0},{"damage_healed":17,"gold_gain":0,"player_choice":"Healed","damage_taken":0,"max_hp_gain":0,"max_hp_loss":0,"event_name":"The Cleric","floor":5,"gold_loss":35},{"damage_healed":20,"gold_gain":0,"player_choice":"Healed and dodged fight","damage_taken":0,"max_hp_gain":0,"max_hp_loss":0,"event_name":"Mushrooms","floor":11,"gold_loss":0,"cards_obtained":["Parasite"]}],"is_beta":false,"boss_relics":[],"items_purged_floors":[],"is_endless":false,"potions_floor_spawned":[1,6,13,14],"killed_by":"Hexaghost","ascension_level":18}