{"gold_per_floor":[117,117,27,27,27,61,61,109,144,180,225,256,268,303,315,418,430,342,375,154,154,154],"floor_reached":22,"playtime":937,"items_purged":["Regret"],"score":459,"play_id":"e6e8c1a4-f7f4-4d02-bdba-92bc1271b771","local_time":"20210502213300","is_ascension_mode":true,"campfire_choices":[{"floor":13,"key":"REST"},{"data":"Defragment","floor":15,"key":"SMITH"}],"neow_cost":"NONE","seed_source_timestamp":7289947526000,"circlet_count":0,"master_deck":["AscendersBane","Strike_B","Strike_B","Strike_B","Strike_B","Defend_B+1","Defend_B","Defend_B+1","Defend_B","Zap","Dualcast","Defragment","Injury","Dark Shackles","Chaos","Barrage","Ball Lightning","Defragment+1","Cold Snap","Amplify","Compile Driver","Glacier"],"relics":["FrozenCore","NeowsBlessing","Golden Idol","MealTicket","MawBank","Pear","Regal Pillow","Ancient Tea Set","War Paint","Omamori","Nloth\u0027s Gift"],"potions_floor_usage":[11,16,22],"damage_taken":[{"damage":0,"enemies":"Jaw Worm","floor":1,"turns":1},{"damage":0,"enemies":"Gremlin Nob","floor":6,"turns":1},{"damage":0,"enemies":"3 Sentries","floor":8,"turns":1},{"damage":58,"enemies":"Gremlin Nob","floor":11,"turns":5},{"damage":2,"enemies":"Small Slimes","floor":12,"turns":3},{"damage":6,"enemies":"2 Louse","floor":14,"turns":2},{"damage":43,"enemies":"Slime Boss","floor":16,"turns":9},{"damage":13,"enemies":"2 Thieves","floor":18,"turns":5},{"damage":40,"enemies":"3 Byrds","floor":19,"turns":8},{"damage":26,"enemies":"Centurion and Healer","floor":22,"turns":8}],"seed_played":"8417311811763075300","potions_obtained":[{"floor":1,"key":"SneckoOil"},{"floor":8,"key":"EssenceOfSteel"},{"floor":11,"key":"DuplicationPotion"}],"is_trial":false,"path_per_floor":["M","?","$","?","$","E","?","E","T","T","E","M","R","M","R","B",null,"M","M","$","?","M"],"character_chosen":"DEFECT","items_purchased":["Dark Shackles","Omamori"],"campfire_rested":1,"item_purchase_floors":[3,20],"current_hp_per_floor":[64,64,64,46,61,61,61,71,71,71,13,11,50,44,44,1,61,48,8,23,23,0],"gold":154,"neow_bonus":"THREE_ENEMY_KILL","is_prod":false,"is_daily":false,"chose_seed":false,"campfire_upgraded":1,"win_rate":0,"timestamp":1620005580,"path_taken":["M","?","$","?","$","E","?","E","T","?","E","M","R","?","R","BOSS","M","?","$","?","?"],"build_version":"2020-12-22","purchased_purges":1,"victory":false,"max_hp_per_floor":[71,71,71,71,71,71,71,81,81,81,81,81,81,81,81,81,81,81,81,81,81,81],"card_choices":[{"not_picked":["Turbo","Chill"],"picked":"Defragment","floor":1},{"not_picked":["Force Field","FTL"],"picked":"Chaos","floor":6},{"not_picked":["Rebound","Leap"],"picked":"Barrage","floor":8},{"not_picked":["Redo","Coolheaded"],"picked":"Ball Lightning","floor":11},{"not_picked":["Chill","Lockon"],"picked":"Defragment","floor":12},{"not_picked":["Redo","Turbo"],"picked":"Cold Snap","floor":14},{"not_picked":["Reboot","Seek"],"picked":"Amplify","floor":16},{"not_picked":["Streamline","Conserve Battery"],"picked":"Compile Driver","floor":18},{"not_picked":["Reinforced Body","Barrage"],"picked":"Glacier","floor":19}],"player_experience":1413383,"relics_obtained":[{"floor":6,"key":"Nunchaku"},{"floor":8,"key":"Pear"},{"floor":9,"key":"Regal Pillow"},{"floor":10,"key":"Ancient Tea Set"},{"floor":11,"key":"War Paint"}],"event_choices":[{"damage_healed":0,"gold_gain":0,"player_choice":"Take Wound","damage_taken":0,"relics_obtained":["Golden Idol"],"max_hp_gain":0,"max_hp_loss":0,"event_name":"Golden Idol","floor":2,"gold_loss":0,"cards_obtained":["Injury"]},{"damage_healed":0,"gold_gain":0,"player_choice":"Success","damage_taken":18,"relics_obtained":["MealTicket"],"max_hp_gain":0,"max_hp_loss":0,"event_name":"Scrap Ooze","floor":4,"gold_loss":0},{"damage_healed":0,"gold_gain":0,"player_choice":"Box","damage_taken":0,"relics_obtained":["MawBank"],"max_hp_gain":0,"max_hp_loss":0,"event_name":"Big Fish","floor":7,"gold_loss":0,"cards_obtained":["Regret"]},{"damage_healed":0,"gold_gain":0,"player_choice":"Traded Relic","damage_taken":0,"relics_obtained":["Nloth\u0027s Gift"],"max_hp_gain":0,"max_hp_loss":0,"event_name":"N\u0027loth","floor":21,"relics_lost":["Nunchaku"],"gold_loss":0}],"is_beta":false,"boss_relics":[{"not_picked":["Tiny House","Fusion Hammer"],"picked":"FrozenCore"}],"items_purged_floors":[20],"is_endless":false,"potions_floor_spawned":[1,8,11],"killed_by":"Centurion and Healer","ascension_level":17}