{"gold_per_floor":[114,125,125,31,31,62,72,72,72,72,88,14,47,103,103,103],"floor_reached":16,"playtime":343,"items_purged":[],"score":253,"play_id":"b909fb59-72cc-4d7e-acfa-08720af17495","local_time":"20210510215935","is_ascension_mode":true,"campfire_choices":[{"data":"Zap","floor":8,"key":"SMITH"},{"floor":15,"key":"REST"}],"neow_cost":"NONE","seed_source_timestamp":62589017736600,"circlet_count":0,"master_deck":["AscendersBane","Strike_B","Strike_B+1","Strike_B","Strike_B","Defend_B","Defend_B","Defend_B","Defend_B","Zap+1","Dualcast","Doom and Gloom","Barrage+1","Madness","White Noise","Self Repair","Auto Shields","Forethought","All For One"],"relics":["Cracked Core","NeowsBlessing","The Courier","White Beast Statue","Bottled Lightning"],"potions_floor_usage":[11,13,16],"damage_taken":[{"damage":0,"enemies":"Jaw Worm","floor":1,"turns":1},{"damage":0,"enemies":"Small Slimes","floor":2,"turns":1},{"damage":0,"enemies":"3 Sentries","floor":6,"turns":2},{"damage":12,"enemies":"Cultist","floor":7,"turns":4},{"damage":16,"enemies":"Large Slime","floor":11,"turns":6},{"damage":49,"enemies":"Gremlin Nob","floor":13,"turns":5},{"damage":56,"enemies":"Slime Boss","floor":16,"turns":6}],"seed_played":"3673326225441800632","potions_obtained":[{"floor":1,"key":"SpeedPotion"},{"floor":11,"key":"LiquidMemories"},{"floor":13,"key":"Strength Potion"}],"is_trial":false,"path_per_floor":["M","M","?","$","?","E","M","R","T","?","M","$","E","?","R","B"],"character_chosen":"DEFECT","items_purchased":["Madness","Forethought"],"campfire_rested":1,"item_purchase_floors":[4,12],"current_hp_per_floor":[64,64,43,43,43,43,31,31,31,71,62,62,20,20,41,0],"gold":103,"neow_bonus":"THREE_ENEMY_KILL","is_prod":false,"is_daily":false,"chose_seed":false,"campfire_upgraded":1,"win_rate":0,"timestamp":1620698375,"path_taken":["M","M","?","$","?","E","?","R","T","?","?","?","E","?","R","BOSS"],"build_version":"2020-12-22","purchased_purges":0,"victory":false,"max_hp_per_floor":[71,71,71,71,71,71,71,71,71,71,71,71,71,71,71,71],"card_choices":[{"not_picked":["Steam","Sweeping Beam"],"picked":"Doom and Gloom","floor":1},{"not_picked":["Cold Snap","Redo"],"picked":"Barrage","floor":2},{"not_picked":["Heatsinks","Redo"],"picked":"White Noise","floor":6},{"not_picked":["Undo","Redo"],"picked":"Self Repair","floor":7},{"not_picked":["Leap","Steam Power"],"picked":"Auto Shields","floor":11},{"not_picked":["Ball Lightning","Steam"],"picked":"All For One","floor":13}],"player_experience":1454344,"relics_obtained":[{"floor":6,"key":"The Courier"},{"floor":9,"key":"White Beast Statue"},{"floor":13,"key":"Bottled Lightning"}],"event_choices":[{"damage_healed":0,"gold_gain":0,"player_choice":"Entered Light","damage_taken":21,"max_hp_gain":0,"max_hp_loss":0,"event_name":"Shining Light","floor":3,"gold_loss":0,"cards_upgraded":["Strike_B","Barrage"]},{"damage_healed":0,"gold_gain":0,"player_choice":"1 cards matched","damage_taken":0,"max_hp_gain":0,"max_hp_loss":0,"event_name":"Match and Keep!","floor":5,"gold_loss":0,"cards_obtained":["White Noise"]},{"cards_removed":["White Noise"],"damage_healed":40,"gold_gain":0,"player_choice":"Offered Uncommon","damage_taken":0,"max_hp_gain":0,"max_hp_loss":0,"event_name":"Bonfire Elementals","floor":10,"gold_loss":0},{"damage_healed":0,"gold_gain":56,"player_choice":"Gained Gold","damage_taken":0,"max_hp_gain":0,"max_hp_loss":0,"event_name":"Golden Wing","floor":14,"gold_loss":0}],"is_beta":false,"boss_relics":[],"items_purged_floors":[],"is_endless":false,"potions_floor_spawned":[1,11,13],"killed_by":"Slime Boss","ascension_level":18}