{"gold_per_floor":[99,99,99,99,59,59,59,59,59,59],"floor_reached":10,"playtime":347,"items_purged":[],"score":133,"play_id":"c2dc1dee-0204-404d-a489-0392599f6b65","local_time":"20210510214143","is_ascension_mode":true,"campfire_choices":[{"data":"Streamline","floor":6,"key":"SMITH"}],"neow_cost":"NONE","seed_source_timestamp":61514293251800,"circlet_count":0,"master_deck":["AscendersBane","Strike_B","Strike_B","Strike_B","Strike_B","Defend_B","Defend_B","Defend_B","Defend_B","Zap","Dualcast","Glacier","Coolheaded","Streamline+1","Loop","Skim","Sweeping Beam"],"relics":["Ectoplasm","SsserpentHead","Pen Nib","Toy Ornithopter"],"potions_floor_usage":[],"damage_taken":[{"damage":0,"enemies":"Jaw Worm","floor":1,"turns":3},{"damage":2,"enemies":"Cultist","floor":3,"turns":4},{"damage":0,"enemies":"Small Slimes","floor":4,"turns":4},{"damage":4,"enemies":"Looter","floor":5,"turns":3},{"damage":18,"enemies":"3 Sentries","floor":7,"turns":8},{"damage":9,"enemies":"Exordium Wildlife","floor":8,"turns":6},{"damage":33,"enemies":"Gremlin Nob","floor":10,"turns":4}],"seed_played":"7500716713871085","potions_obtained":[{"floor":1,"key":"Strength Potion"},{"floor":4,"key":"FocusPotion"}],"is_trial":false,"path_per_floor":["M","?","M","M","M","R","E","M","T","E"],"character_chosen":"DEFECT","items_purchased":[],"campfire_rested":0,"item_purchase_floors":[],"current_hp_per_floor":[64,64,62,62,58,58,40,31,31,0],"gold":59,"neow_bonus":"BOSS_RELIC","is_prod":false,"is_daily":false,"chose_seed":false,"campfire_upgraded":1,"win_rate":0,"timestamp":1620697303,"path_taken":["M","?","M","?","M","R","E","M","T","E"],"build_version":"2020-12-22","purchased_purges":0,"victory":false,"max_hp_per_floor":[71,71,71,71,71,71,71,71,71,71],"card_choices":[{"not_picked":["White Noise","Undo"],"picked":"Glacier","floor":1},{"not_picked":["Beam Cell","Recycle"],"picked":"Coolheaded","floor":3},{"not_picked":["Conserve Battery","Consume"],"picked":"Streamline","floor":4},{"not_picked":["Turbo","Stack"],"picked":"Loop","floor":5},{"not_picked":["Hello World","Undo"],"picked":"Skim","floor":7},{"not_picked":["Stack","Skim"],"picked":"Sweeping Beam","floor":8}],"player_experience":1453997,"relics_obtained":[{"floor":7,"key":"Pen Nib"},{"floor":9,"key":"Toy Ornithopter"}],"event_choices":[{"damage_healed":0,"gold_gain":0,"player_choice":"Trade","damage_taken":0,"relics_obtained":["SsserpentHead"],"max_hp_gain":0,"max_hp_loss":0,"event_name":"FaceTrader","floor":2,"gold_loss":0}],"is_beta":false,"boss_relics":[],"items_purged_floors":[],"is_endless":false,"potions_floor_spawned":[1,4],"killed_by":"Gremlin Nob","ascension_level":18}