{"gold_per_floor":[217,217,217,230,62,93,93,118,198,210,225,225,225,250,250,348,348,327,1,19,19,19,57,57,57],"floor_reached":25,"playtime":890,"items_purged":[],"score":435,"play_id":"9dfe7a0c-78a4-4f90-8fa4-184aa571e020","local_time":"20210507191915","is_ascension_mode":true,"campfire_choices":[{"floor":7,"key":"REST"},{"floor":12,"key":"REST"},{"floor":15,"key":"REST"},{"floor":24,"key":"REST"}],"neow_cost":"NONE","seed_source_timestamp":23572252260400,"circlet_count":0,"master_deck":["AscendersBane","Strike_B","Strike_B","Strike_B","Strike_B","Defend_B","Defend_B","Defend_B+1","Defend_B+1","Zap+1","Dualcast","Undo","Coolheaded","Gash","Sunder+1","White Noise","BootSequence","Injury","Ball Lightning","Echo Form+1","Cold Snap","Defragment+1","Melter","Loop+1","Chill"],"relics":["Cracked Core","Lee\u0027s Waffle","MealTicket","StrikeDummy","Frozen Egg 2","Golden Idol","Inserter","PreservedInsect","Dream Catcher"],"potions_floor_usage":[6,16,16],"damage_taken":[{"damage":2,"enemies":"Jaw Worm","floor":1,"turns":3},{"damage":0,"enemies":"Small Slimes","floor":4,"turns":3},{"damage":58,"enemies":"Gremlin Nob","floor":6,"turns":5},{"damage":22,"enemies":"3 Sentries","floor":8,"turns":11},{"damage":0,"enemies":"2 Louse","floor":10,"turns":3},{"damage":8,"enemies":"Exordium Thugs","floor":11,"turns":3},{"damage":0,"enemies":"Blue Slaver","floor":14,"turns":3},{"damage":7,"enemies":"Slime Boss","floor":16,"turns":7},{"damage":21,"enemies":"2 Thieves","floor":18,"turns":4},{"damage":34,"enemies":"Shell Parasite","floor":20,"turns":5},{"damage":41,"enemies":"Gremlin Leader","floor":23,"turns":8},{"damage":34,"enemies":"Slavers","floor":25,"turns":2}],"seed_played":"-792448263247446145","potions_obtained":[{"floor":1,"key":"Explosive Potion"},{"floor":8,"key":"Swift Potion"},{"floor":11,"key":"LiquidMemories"},{"floor":20,"key":"CultistPotion"}],"is_trial":false,"path_per_floor":["M","?","?","M","$","E","R","E","T","M","M","R","?","M","R","B",null,"M","$","M","?","$","E","R","E"],"character_chosen":"DEFECT","items_purchased":["Lee\u0027s Waffle","PreservedInsect","Defragment+1","Melter"],"campfire_rested":4,"item_purchase_floors":[5,19,19,19],"current_hp_per_floor":[62,62,41,41,78,20,43,21,21,21,13,36,36,36,59,52,72,51,66,32,32,47,6,29,0],"gold":57,"neow_bonus":"HUNDRED_GOLD","is_prod":false,"is_daily":false,"chose_seed":false,"campfire_upgraded":0,"win_rate":0,"timestamp":1620429555,"path_taken":["M","?","?","M","$","E","R","E","T","M","M","R","?","M","R","BOSS","M","$","M","?","?","E","R","E"],"build_version":"2020-12-22","purchased_purges":0,"victory":false,"max_hp_per_floor":[71,71,71,71,78,78,78,78,78,78,78,78,78,78,78,78,78,78,78,78,78,78,78,78,78],"card_choices":[{"not_picked":["Steam","Beam Cell"],"picked":"Undo","floor":1},{"not_picked":["Rebound","Beam Cell"],"picked":"Coolheaded","floor":4},{"not_picked":["Redo","Sweeping Beam"],"picked":"Gash","floor":6},{"not_picked":["Leap","Redo"],"picked":"Sunder","floor":8},{"not_picked":["Redo","Lockon"],"picked":"White Noise","floor":10},{"not_picked":["Redo","Turbo"],"picked":"BootSequence","floor":11},{"not_picked":["Go for the Eyes","Rebound"],"picked":"Ball Lightning","floor":14},{"not_picked":["All For One","Amplify"],"picked":"Echo Form+1","floor":16},{"not_picked":["Coolheaded","Turbo"],"picked":"Cold Snap","floor":18},{"not_picked":["Barrage","Doom and Gloom"],"picked":"Loop+1","floor":20},{"not_picked":["Stack","Steam Power"],"picked":"Chill","floor":23}],"player_experience":1449133,"relics_obtained":[{"floor":6,"key":"MealTicket"},{"floor":8,"key":"StrikeDummy"},{"floor":9,"key":"Frozen Egg 2"},{"floor":23,"key":"Dream Catcher"}],"event_choices":[{"damage_healed":0,"gold_gain":0,"player_choice":"Grow","damage_taken":0,"max_hp_gain":0,"max_hp_loss":0,"event_name":"Living Wall","floor":2,"gold_loss":0,"cards_upgraded":["Zap"]},{"damage_healed":0,"gold_gain":0,"player_choice":"Entered Light","damage_taken":21,"max_hp_gain":0,"max_hp_loss":0,"event_name":"Shining Light","floor":3,"gold_loss":0,"cards_upgraded":["Defend_B","Defend_B"]},{"damage_healed":0,"gold_gain":0,"player_choice":"Take Wound","damage_taken":0,"relics_obtained":["Golden Idol"],"max_hp_gain":0,"max_hp_loss":0,"event_name":"Golden Idol","floor":13,"gold_loss":0,"cards_obtained":["Injury"]},{"damage_healed":0,"gold_gain":0,"player_choice":"Upgraded","damage_taken":0,"max_hp_gain":0,"max_hp_loss":0,"event_name":"Upgrade Shrine","floor":21,"gold_loss":0,"cards_upgraded":["Sunder"]}],"is_beta":false,"boss_relics":[{"not_picked":["Pandora\u0027s Box","Snecko Eye"],"picked":"Inserter"}],"items_purged_floors":[],"is_endless":false,"potions_floor_spawned":[1,8,11,20],"killed_by":"Slavers","ascension_level":18}