{"gold_per_floor":[109,123,136,136,154,154,171,171,171,171,203,203,216,247,247,321,371,385,402,452,178,178,178,211,211,235,269,281,336,362,402,414,509,521,545,53,62,71,81,116,116],"floor_reached":41,"playtime":1796,"items_purged":[],"score":954,"play_id":"8e4b7203-7bff-48da-b128-bdc1a84f0900","local_time":"20210504124757","is_ascension_mode":true,"campfire_choices":[{"floor":6,"key":"DIG"},{"floor":8,"key":"DIG"},{"floor":10,"key":"DIG"},{"floor":12,"key":"DIG"},{"floor":15,"key":"REST"},{"floor":23,"key":"DIG"},{"floor":25,"key":"REST"},{"floor":28,"key":"DIG"},{"floor":32,"key":"REST"}],"neow_cost":"PERCENT_DAMAGE","seed_source_timestamp":8963179678200,"circlet_count":0,"master_deck":["AscendersBane","Strike_B","Strike_B","Strike_B","Defend_B","Defend_B","Defend_B","Defend_B","Zap","Dualcast","Tempest+1","Lockon","Coolheaded","Barrage","Turbo","Ball Lightning","Glacier+1","Electrodynamics+1","Biased Cognition","Compile Driver","Barrage+1","Apotheosis","Thunder Strike","Double Energy","Storm","Echo Form","Double Energy","Writhe","Mayhem","Defragment"],"relics":["Cracked Core","Shovel","Bottled Lightning","Turnip","Dead Branch","Strawberry","Regal Pillow","Lizard Tail","The Courier","Tiny House","Singing Bowl","Blood Vial","War Paint","MawBank","CeramicFish","Centennial Puzzle","Runic Pyramid","DollysMirror","Anchor","Vajra","Orichalcum","Pantograph"],"potions_floor_usage":[11,14,24,31,33,33],"damage_taken":[{"damage":2,"enemies":"Cultist","floor":1,"turns":4},{"damage":7,"enemies":"Jaw Worm","floor":2,"turns":3},{"damage":0,"enemies":"2 Louse","floor":3,"turns":2},{"damage":7,"enemies":"Blue Slaver","floor":5,"turns":3},{"damage":2,"enemies":"2 Fungi Beasts","floor":7,"turns":4},{"damage":22,"enemies":"3 Sentries","floor":11,"turns":5},{"damage":0,"enemies":"Exordium Wildlife","floor":13,"turns":2},{"damage":15,"enemies":"Lagavulin","floor":14,"turns":4},{"damage":16,"enemies":"Slime Boss","floor":16,"turns":6},{"damage":23,"enemies":"Shell Parasite","floor":18,"turns":6},{"damage":6,"enemies":"Spheric Guardian","floor":19,"turns":3},{"damage":46,"enemies":"Slavers","floor":24,"turns":5},{"damage":28,"enemies":"Book of Stabbing","floor":27,"turns":5},{"damage":20,"enemies":"Slavers","floor":29,"turns":3},{"damage":2,"enemies":"3 Cultists","floor":30,"turns":3},{"damage":20,"enemies":"Shelled Parasite and Fungi","floor":31,"turns":5},{"damage":48,"enemies":"Collector","floor":33,"turns":12},{"damage":14,"enemies":"Orb Walker","floor":35,"turns":3},{"damage":16,"enemies":"3 Darklings","floor":39,"turns":5},{"damage":104,"enemies":"Giant Head","floor":40,"turns":9},{"damage":21,"enemies":"Maw","floor":41,"turns":4}],"seed_played":"5364731171009900630","potions_obtained":[{"floor":1,"key":"LiquidMemories"},{"floor":3,"key":"SmokeBomb"},{"floor":7,"key":"SkillPotion"},{"floor":11,"key":"PotionOfCapacity"},{"floor":17,"key":"FairyPotion"},{"floor":18,"key":"DuplicationPotion"},{"floor":24,"key":"Ancient Potion"},{"floor":29,"key":"Energy Potion"},{"floor":31,"key":"SkillPotion"},{"floor":39,"key":"SteroidPotion"},{"floor":40,"key":"CultistPotion"}],"is_trial":false,"path_per_floor":["M","M","M","?","M","R","M","R","T","R","E","R","M","E","R","B",null,"M","M","?","$","?","R","E","R","T","E","R","E","M","M","R","B",null,"M","$","?","?","M","E","M"],"character_chosen":"DEFECT","items_purchased":["Apotheosis","Thunder Strike","DollysMirror","Anchor","Vajra","Orichalcum"],"campfire_rested":3,"item_purchase_floors":[21,21,36,36,36,36],"current_hp_per_floor":[44,37,37,60,53,53,51,51,51,58,36,36,36,21,59,43,74,51,45,45,45,45,45,26,66,66,42,42,24,26,8,49,3,68,58,58,76,76,64,18,0],"gold":116,"neow_bonus":"ONE_RARE_RELIC","is_prod":false,"is_daily":false,"chose_seed":false,"campfire_upgraded":0,"win_rate":0,"timestamp":1620146877,"path_taken":["M","?","M","?","M","R","M","R","T","R","E","R","M","E","R","BOSS","M","M","?","$","?","R","E","R","T","E","R","E","M","M","R","BOSS","M","$","?","?","M","E","M"],"build_version":"2020-12-22","purchased_purges":0,"victory":false,"max_hp_per_floor":[71,71,71,71,71,71,71,71,71,78,78,78,78,78,78,78,83,83,83,83,83,83,83,85,85,85,87,87,87,89,89,89,89,89,91,91,91,91,93,93,93],"card_choices":[{"not_picked":["Coolheaded","Steam"],"picked":"Tempest","floor":1},{"not_picked":["Turbo","Sunder"],"picked":"Lockon","floor":2},{"not_picked":["Skim","Steam Power"],"picked":"Coolheaded","floor":3},{"not_picked":["Stack","Rip and Tear"],"picked":"Barrage","floor":5},{"not_picked":["Sunder","Double Energy"],"picked":"Turbo","floor":7},{"not_picked":["Recycle","Leap"],"picked":"Ball Lightning","floor":11},{"not_picked":["Stack","Rip and Tear"],"picked":"Glacier","floor":13},{"not_picked":["Chaos","Heatsinks"],"picked":"Electrodynamics","floor":14},{"not_picked":["Meteor Strike","Echo Form"],"picked":"Biased Cognition","floor":16},{"not_picked":["Blizzard","Rebound"],"picked":"Compile Driver","floor":18},{"not_picked":["Compile Driver","Leap+1"],"picked":"Barrage+1","floor":19},{"not_picked":["Gash","Rip and Tear","Creative AI"],"picked":"Singing Bowl","floor":24},{"not_picked":["Undo","Go for the Eyes","FTL"],"picked":"Singing Bowl","floor":27},{"not_picked":["Sweeping Beam","Rebound"],"picked":"Double Energy","floor":29},{"not_picked":["Leap","Streamline","Cold Snap"],"picked":"Singing Bowl","floor":30},{"not_picked":["Ball Lightning","Gash"],"picked":"Storm","floor":31},{"not_picked":["All For One","Creative AI"],"picked":"Echo Form","floor":33},{"not_picked":["Barrage","Coolheaded+1","Gash"],"picked":"Singing Bowl","floor":35},{"not_picked":["Apotheosis","Flash of Steel"],"picked":"Mayhem","floor":38},{"not_picked":["Rebound","Stack+1","Cold Snap"],"picked":"Singing Bowl","floor":39},{"not_picked":["Melter","Darkness"],"picked":"Defragment","floor":40}],"player_experience":1420524,"relics_obtained":[{"floor":6,"key":"Bottled Lightning"},{"floor":8,"key":"Turnip"},{"floor":9,"key":"Dead Branch"},{"floor":10,"key":"Strawberry"},{"floor":11,"key":"Regal Pillow"},{"floor":12,"key":"Lizard Tail"},{"floor":14,"key":"The Courier"},{"floor":23,"key":"Singing Bowl"},{"floor":24,"key":"Blood Vial"},{"floor":26,"key":"War Paint"},{"floor":27,"key":"MawBank"},{"floor":28,"key":"CeramicFish"},{"floor":29,"key":"Centennial Puzzle"},{"floor":40,"key":"Pantograph"}],"event_choices":[{"damage_healed":23,"gold_gain":0,"player_choice":"Banana","damage_taken":0,"max_hp_gain":0,"max_hp_loss":0,"event_name":"Big Fish","floor":4,"gold_loss":0},{"damage_healed":0,"gold_gain":50,"player_choice":"Stole From Cult","damage_taken":0,"max_hp_gain":0,"max_hp_loss":0,"event_name":"Nest","floor":20,"gold_loss":0},{"cards_removed":["Strike_B"],"damage_healed":0,"gold_gain":0,"player_choice":"Elegance","damage_taken":0,"max_hp_gain":0,"max_hp_loss":0,"event_name":"Back to Basics","floor":22,"gold_loss":0},{"damage_healed":18,"gold_gain":0,"player_choice":"Writhe","damage_taken":0,"max_hp_gain":0,"max_hp_loss":0,"event_name":"Winding Halls","floor":37,"gold_loss":0,"cards_obtained":["Writhe"]},{"damage_healed":0,"gold_gain":0,"player_choice":"Memory 1","damage_taken":0,"max_hp_gain":0,"max_hp_loss":0,"event_name":"SensoryStone","floor":38,"gold_loss":0}],"is_beta":false,"boss_relics":[{"not_picked":["Pandora\u0027s Box","Cursed Key"],"picked":"Tiny House"},{"not_picked":["Runic Dome","Coffee Dripper"],"picked":"Runic Pyramid"}],"items_purged_floors":[],"is_endless":false,"potions_floor_spawned":[1,3,5,7,11,18,19,24,29,31,39,40],"killed_by":"Maw","ascension_level":18}