{"gold_per_floor":[17,17,17,17,38,73,73,113,113,73,73,107,107,128,128,221,221,241,255,255],"floor_reached":20,"playtime":569,"items_purged":[],"score":361,"play_id":"cd171946-ade6-4dcd-9ba7-3f9e44e350e4","local_time":"20210511111303","is_ascension_mode":true,"campfire_choices":[{"floor":7,"key":"REST"},{"floor":11,"key":"REST"},{"floor":13,"key":"REST"},{"floor":15,"key":"REST"}],"neow_cost":"NO_GOLD","seed_source_timestamp":22077643125600,"circlet_count":0,"master_deck":["AscendersBane","Strike_B","Defend_B","Defend_B","Zap","Dualcast","Melter","Leap","Streamline","Leap+1","Doom and Gloom","Steam Power+1","Redo+1","Biased Cognition","Melter+1","Core Surge+1","Creative AI+1","Genetic Algorithm+1","Stack+1"],"relics":["Cracked Core","Golden Idol","Bottled Lightning","Toxic Egg 2","Singing Bowl","Bronze Scales","Astrolabe"],"potions_floor_usage":[6],"damage_taken":[{"damage":4,"enemies":"Small Slimes","floor":1,"turns":4},{"damage":1,"enemies":"2 Louse","floor":5,"turns":2},{"damage":54,"enemies":"Gremlin Nob","floor":6,"turns":5},{"damage":16,"enemies":"Lagavulin","floor":8,"turns":5},{"damage":29,"enemies":"3 Sentries","floor":12,"turns":7},{"damage":0,"enemies":"Jaw Worm","floor":14,"turns":2},{"damage":3,"enemies":"The Guardian","floor":16,"turns":8},{"damage":14,"enemies":"Chosen","floor":18,"turns":4},{"damage":12,"enemies":"3 Byrds","floor":19,"turns":3},{"damage":40,"enemies":"3 Cultists","floor":20,"turns":4}],"seed_played":"8086568242477477527","potions_obtained":[{"floor":1,"key":"LiquidMemories"},{"floor":16,"key":"CultistPotion"},{"floor":18,"key":"PotionOfCapacity"}],"is_trial":false,"path_per_floor":["M","?","?","$","M","E","R","E","T","$","R","E","R","M","R","B",null,"M","M","M"],"character_chosen":"DEFECT","items_purchased":["Doom and Gloom"],"campfire_rested":4,"item_purchase_floors":[10],"current_hp_per_floor":[60,60,60,60,59,5,26,10,10,10,31,2,23,23,44,41,64,50,38,0],"gold":255,"neow_bonus":"REMOVE_TWO","is_prod":false,"is_daily":false,"chose_seed":false,"campfire_upgraded":0,"win_rate":0,"timestamp":1620745983,"path_taken":["M","?","?","?","M","E","R","E","T","$","R","E","R","?","R","BOSS","M","?","?"],"build_version":"2020-12-22","purchased_purges":0,"victory":false,"max_hp_per_floor":[71,71,71,71,71,71,71,71,71,71,71,71,71,71,71,71,71,71,71,71],"card_choices":[{"not_picked":["Rebound","Leap"],"picked":"Melter","floor":1},{"not_picked":["Compile Driver","Go for the Eyes"],"picked":"Leap","floor":5},{"not_picked":["Leap","Rebound"],"picked":"Streamline","floor":6},{"not_picked":["BootSequence+1","Steam+1"],"picked":"Leap+1","floor":8},{"not_picked":["BootSequence+1","Gash"],"picked":"Steam Power+1","floor":12},{"not_picked":["Chill+1","Gash"],"picked":"Redo+1","floor":14},{"not_picked":["Machine Learning","Hyperbeam"],"picked":"Biased Cognition","floor":16},{"not_picked":["Stack+1","Streamline"],"picked":"Genetic Algorithm+1","floor":18},{"not_picked":["Auto Shields+1","Go for the Eyes"],"picked":"Stack+1","floor":19}],"player_experience":1455273,"relics_obtained":[{"floor":6,"key":"Bottled Lightning"},{"floor":8,"key":"Toxic Egg 2"},{"floor":9,"key":"Singing Bowl"},{"floor":12,"key":"Bronze Scales"}],"event_choices":[{"damage_healed":0,"gold_gain":0,"player_choice":"Take Wound","damage_taken":0,"relics_obtained":["Golden Idol"],"max_hp_gain":0,"max_hp_loss":0,"event_name":"Golden Idol","floor":2,"gold_loss":0,"cards_obtained":["Injury"]},{"cards_removed":["Injury"],"damage_healed":0,"gold_gain":0,"player_choice":"Forget","damage_taken":0,"max_hp_gain":0,"max_hp_loss":0,"event_name":"Living Wall","floor":3,"gold_loss":0}],"is_beta":false,"boss_relics":[{"not_picked":["Tiny House","Sozu"],"picked":"Astrolabe"}],"items_purged_floors":[],"is_endless":false,"potions_floor_spawned":[1,16,18],"killed_by":"3 Cultists","ascension_level":18}