{"gold_per_floor":[361,25,25,39,39,39,52,77,77,94,94,127,143,143,143,219,219,233,283,37,48,48],"floor_reached":22,"playtime":622,"items_purged":[],"score":369,"play_id":"e66b72e0-fdbe-4c75-9c99-de07478b25d7","local_time":"20210506230249","is_ascension_mode":true,"campfire_choices":[{"floor":6,"key":"DIG"},{"floor":11,"key":"DIG"},{"floor":15,"key":"REST"}],"neow_cost":"CURSE","seed_source_timestamp":71260920319300,"circlet_count":0,"master_deck":["AscendersBane","Strike_B","Strike_B","Strike_B","Strike_B","Defend_B","Defend_B","Defend_B","Defend_B","Zap","Dualcast","Decay","Leap","Ball Lightning","Redo","Cold Snap","Barrage","Sunder","Consume","Creative AI","Undo","Thunder Strike","BootSequence+1"],"relics":["Cracked Core","Shovel","PreservedInsect","Anchor","Happy Flower","Question Card","Nunchaku","CaptainsWheel","Black Star","Bag of Marbles"],"potions_floor_usage":[8,12,16,16],"damage_taken":[{"damage":22,"enemies":"Small Slimes","floor":1,"turns":4},{"damage":0,"enemies":"2 Louse","floor":4,"turns":2},{"damage":1,"enemies":"Cultist","floor":7,"turns":3},{"damage":5,"enemies":"3 Sentries","floor":8,"turns":5},{"damage":4,"enemies":"Exordium Wildlife","floor":10,"turns":3},{"damage":7,"enemies":"Gremlin Nob","floor":12,"turns":3},{"damage":0,"enemies":"3 Louse","floor":13,"turns":3},{"damage":22,"enemies":"The Guardian","floor":16,"turns":8},{"damage":0,"enemies":"Chosen","floor":18,"turns":5},{"damage":23,"enemies":"2 Thieves","floor":21,"turns":3},{"damage":37,"enemies":"Shelled Parasite and Fungi","floor":22,"turns":6}],"seed_played":"7500661505553039505","potions_obtained":[{"floor":1,"key":"DistilledChaos"},{"floor":7,"key":"LiquidMemories"},{"floor":8,"key":"BlessingOfTheForge"},{"floor":13,"key":"PotionOfCapacity"},{"floor":18,"key":"PowerPotion"}],"is_trial":false,"path_per_floor":["M","$","?","M","$","R","M","E","T","M","R","E","M","?","R","B",null,"M","?","$","M","M"],"character_chosen":"DEFECT","items_purchased":["Shovel","Bag of Marbles","Thunder Strike"],"campfire_rested":1,"item_purchase_floors":[2,20,20],"current_hp_per_floor":[42,42,37,37,37,37,36,31,31,27,27,20,20,20,41,19,58,58,58,58,35,0],"gold":48,"neow_bonus":"TWO_FIFTY_GOLD","is_prod":false,"is_daily":false,"chose_seed":false,"campfire_upgraded":0,"win_rate":0,"timestamp":1620356569,"path_taken":["M","$","?","M","$","R","M","E","T","M","R","E","M","?","R","BOSS","M","?","$","?","M"],"build_version":"2020-12-22","purchased_purges":0,"victory":false,"max_hp_per_floor":[71,71,71,71,71,71,71,71,71,71,71,71,71,71,71,71,71,71,71,71,71,71],"card_choices":[{"not_picked":["Compile Driver","Storm"],"picked":"Leap","floor":1},{"not_picked":["Undo","Sweeping Beam"],"picked":"Ball Lightning","floor":4},{"not_picked":["Auto Shields","All For One"],"picked":"Redo","floor":7},{"not_picked":["Beam Cell","Hologram"],"picked":"Cold Snap","floor":8},{"not_picked":["Reboot","Compile Driver","Scrape"],"picked":"Barrage","floor":10},{"not_picked":["Reinforced Body","Rebound","Hologram"],"picked":"Sunder","floor":12},{"not_picked":["Hologram","Gash","Ball Lightning"],"picked":"Consume","floor":13},{"not_picked":["Seek","Reboot","All For One"],"picked":"Creative AI","floor":16},{"not_picked":["Leap","Turbo","Steam Power"],"picked":"Undo","floor":18},{"not_picked":["Sweeping Beam","Cold Snap","Hologram"],"picked":"BootSequence+1","floor":21}],"player_experience":1444672,"relics_obtained":[{"floor":6,"key":"Anchor"},{"floor":8,"key":"Happy Flower"},{"floor":9,"key":"Question Card"},{"floor":11,"key":"Nunchaku"},{"floor":12,"key":"CaptainsWheel"}],"event_choices":[{"damage_healed":0,"gold_gain":0,"player_choice":"Success","damage_taken":5,"relics_obtained":["PreservedInsect"],"max_hp_gain":0,"max_hp_loss":0,"event_name":"Scrap Ooze","floor":3,"gold_loss":0},{"damage_healed":0,"gold_gain":0,"player_choice":"Ignored","damage_taken":0,"max_hp_gain":0,"max_hp_loss":0,"event_name":"Shining Light","floor":14,"gold_loss":0},{"damage_healed":0,"gold_gain":100,"player_choice":"Bet on Murderer","damage_taken":0,"max_hp_gain":0,"max_hp_loss":0,"event_name":"The Joust","floor":19,"gold_loss":50}],"is_beta":false,"boss_relics":[{"not_picked":["Cursed Key","Velvet Choker"],"picked":"Black Star"}],"items_purged_floors":[],"is_endless":false,"potions_floor_spawned":[1,7,8,13,18],"killed_by":"Shelled Parasite and Fungi","ascension_level":18}