{"gold_per_floor":[109,89,9,9,24,24,49,49,49,74,85,85,85,105,105,180,230,202,39,39,39,56,56],"floor_reached":23,"playtime":586,"items_purged":[],"score":399,"play_id":"dc7774f4-2fbb-4e78-8cf2-2e26a3a8096a","local_time":"20210510220936","is_ascension_mode":true,"campfire_choices":[{"data":"Glacier","floor":6,"key":"SMITH"},{"floor":13,"key":"REST"},{"data":"Genetic Algorithm","floor":15,"key":"SMITH"}],"neow_cost":"NONE","seed_source_timestamp":62946148397000,"circlet_count":0,"master_deck":["AscendersBane","Defend_B","Defend_B","Defend_B","Defend_B","Dualcast","Gash","Gash","Rebound","Glacier+1","Gash","Coolheaded","Hyperbeam","Blizzard","Genetic Algorithm+1","Go for the Eyes","Seek","Coolheaded","Fusion","Bite","Bite","Bite","Bite","Bite"],"relics":["Philosopher\u0027s Stone","Frozen Egg 2","Turnip","Bag of Preparation","Du-Vu Doll","Tiny House","Oddly Smooth Stone"],"potions_floor_usage":[7,7,16,23],"damage_taken":[{"damage":4,"enemies":"2 Louse","floor":1,"turns":3},{"damage":0,"enemies":"Cultist","floor":5,"turns":4},{"damage":12,"enemies":"Gremlin Nob","floor":7,"turns":3},{"damage":24,"enemies":"3 Sentries","floor":10,"turns":5},{"damage":0,"enemies":"Small Slimes","floor":11,"turns":2},{"damage":0,"enemies":"2 Fungi Beasts","floor":14,"turns":2},{"damage":24,"enemies":"Slime Boss","floor":16,"turns":7},{"damage":21,"enemies":"2 Thieves","floor":18,"turns":4},{"damage":10,"enemies":"Spheric Guardian","floor":22,"turns":5},{"damage":54,"enemies":"Book of Stabbing","floor":23,"turns":5}],"seed_played":"3086601420997553557","potions_obtained":[{"floor":1,"key":"FearPotion"},{"floor":2,"key":"SneckoOil"},{"floor":11,"key":"FearPotion"},{"floor":14,"key":"Regen Potion"},{"floor":17,"key":"Ancient Potion"}],"is_trial":false,"path_per_floor":["M","?","$","?","M","R","E","?","T","E","M","T","R","M","R","B",null,"M","$","?","?","M","E"],"character_chosen":"DEFECT","items_purchased":["Gash","Rebound","Oddly Smooth Stone"],"campfire_rested":1,"item_purchase_floors":[3,3,19],"current_hp_per_floor":[60,60,60,60,60,60,48,48,48,24,24,24,45,45,45,21,64,43,43,43,43,45,0],"gold":56,"neow_bonus":"BOSS_RELIC","is_prod":false,"is_daily":false,"chose_seed":false,"campfire_upgraded":2,"win_rate":0,"timestamp":1620698976,"path_taken":["M","?","?","?","M","R","E","?","T","E","?","?","R","?","R","BOSS","M","$","?","?","?","E"],"build_version":"2020-12-22","purchased_purges":0,"victory":false,"max_hp_per_floor":[71,71,71,71,71,71,71,71,71,71,71,71,71,71,71,71,76,76,76,53,53,53,53],"card_choices":[{"not_picked":["Darkness","Barrage"],"picked":"Gash","floor":1},{"not_picked":["Ball Lightning","Conserve Battery"],"picked":"Gash","floor":5},{"not_picked":["Sunder","Stack"],"picked":"Coolheaded","floor":7},{"not_picked":["Rebound","Hologram"],"picked":"Blizzard","floor":10},{"not_picked":["Streamline","Steam"],"picked":"Genetic Algorithm","floor":11},{"not_picked":["Stack","Doom and Gloom"],"picked":"Go for the Eyes","floor":14},{"not_picked":["Electrodynamics+1","Fission"],"picked":"Seek","floor":16},{"not_picked":["Conserve Battery","Glacier"],"picked":"Coolheaded","floor":17},{"not_picked":["Heatsinks+1","Barrage+1"],"picked":"Fusion","floor":18},{"not_picked":["Compile Driver","Static Discharge+1","Fusion"],"picked":"SKIP","floor":22}],"player_experience":1454687,"relics_obtained":[{"floor":7,"key":"Frozen Egg 2"},{"floor":9,"key":"Turnip"},{"floor":10,"key":"Bag of Preparation"},{"floor":12,"key":"Du-Vu Doll"}],"event_choices":[{"damage_healed":0,"gold_gain":0,"player_choice":"Bought 1 Potion","damage_taken":0,"max_hp_gain":0,"max_hp_loss":0,"event_name":"The Woman in Blue","floor":2,"gold_loss":0},{"damage_healed":0,"gold_gain":0,"cards_transformed":["Strike_B"],"player_choice":"Change","damage_taken":0,"max_hp_gain":0,"max_hp_loss":0,"event_name":"Living Wall","floor":4,"gold_loss":0,"cards_obtained":["Glacier"]},{"damage_healed":0,"gold_gain":0,"player_choice":"1 cards matched","damage_taken":0,"max_hp_gain":0,"max_hp_loss":0,"event_name":"Match and Keep!","floor":8,"gold_loss":0,"cards_obtained":["Hyperbeam"]},{"damage_healed":0,"gold_gain":0,"player_choice":"Became a vampire","damage_taken":0,"max_hp_gain":0,"max_hp_loss":23,"event_name":"Vampires","floor":20,"gold_loss":0,"cards_obtained":["Bite","Bite","Bite","Bite","Bite"]},{"cards_removed":["Zap"],"damage_healed":0,"gold_gain":0,"player_choice":"Card Removal","damage_taken":0,"max_hp_gain":0,"max_hp_loss":0,"event_name":"Wheel of Change","floor":21,"gold_loss":0}],"is_beta":false,"boss_relics":[{"not_picked":["Sozu","Velvet Choker"],"picked":"Tiny House"}],"items_purged_floors":[],"is_endless":false,"potions_floor_spawned":[1,11,14,18],"killed_by":"Book of Stabbing","ascension_level":18}