{"gold_per_floor":[117,9,9,9,9,35,35,64,139,166,180,217,237,257,257,341,368,380,389,389,409,409],"floor_reached":22,"playtime":849,"items_purged":[],"score":401,"play_id":"431ad472-851e-4dc7-8a9a-f5b2dbb8a5e6","local_time":"20210502211529","is_ascension_mode":true,"campfire_choices":[{"data":"Hologram","floor":7,"key":"SMITH"},{"floor":15,"key":"REST"}],"neow_cost":"NONE","seed_source_timestamp":6326199539800,"circlet_count":0,"master_deck":["AscendersBane","Strike_B","Strike_B","Defend_B","Defend_B","Defend_B","Zap","Dualcast","Go for the Eyes","Gash","Hologram+1","Gash","Rebound","Redo","Scrape","Coolheaded","Hyperbeam","All For One","Lockon+1","Turbo+1","Capacitor+1","Decay","Beam Cell"],"relics":["Cracked Core","NeowsBlessing","PreservedInsect","Ginger","Bag of Marbles","Odd Mushroom","Darkstone Periapt","Orichalcum","CeramicFish","Astrolabe"],"potions_floor_usage":[13],"damage_taken":[{"damage":0,"enemies":"Cultist","floor":1,"turns":1},{"damage":0,"enemies":"Gremlin Nob","floor":6,"turns":1},{"damage":0,"enemies":"The Mushroom Lair","floor":8,"turns":1},{"damage":0,"enemies":"Jaw Worm","floor":11,"turns":3},{"damage":22,"enemies":"3 Sentries","floor":12,"turns":5},{"damage":0,"enemies":"2 Louse","floor":13,"turns":1},{"damage":3,"enemies":"2 Fungi Beasts","floor":14,"turns":3},{"damage":14,"enemies":"The Guardian","floor":16,"turns":14},{"damage":17,"enemies":"Spheric Guardian","floor":18,"turns":4},{"damage":35,"enemies":"Shell Parasite","floor":21,"turns":5},{"damage":16,"enemies":"Snake Plant","floor":22,"turns":2}],"seed_played":"4715169091796045359","potions_obtained":[{"floor":6,"key":"PotionOfCapacity"},{"floor":12,"key":"AttackPotion"},{"floor":13,"key":"FocusPotion"},{"floor":16,"key":"Fire Potion"}],"is_trial":false,"path_per_floor":["M","$","?","T","?","E","R","?","T","T","M","E","M","M","R","B",null,"M","?","?","M","M"],"character_chosen":"DEFECT","items_purchased":["Gash","Hologram"],"campfire_rested":1,"item_purchase_floors":[2,2],"current_hp_per_floor":[64,64,64,64,57,57,57,57,57,57,57,35,35,32,53,39,63,46,52,48,13,0],"gold":409,"neow_bonus":"THREE_ENEMY_KILL","is_prod":false,"is_daily":false,"chose_seed":false,"campfire_upgraded":1,"win_rate":0,"timestamp":1620004529,"path_taken":["M","$","?","?","?","E","R","?","T","?","M","E","?","M","R","BOSS","M","?","?","?","M"],"build_version":"2020-12-22","purchased_purges":0,"victory":false,"max_hp_per_floor":[71,71,71,71,71,71,71,71,71,71,71,71,71,71,71,71,71,71,77,77,77,77],"card_choices":[{"not_picked":["Hologram","Stack"],"picked":"Go for the Eyes","floor":1},{"not_picked":["White Noise","Steam Power"],"picked":"Gash","floor":6},{"not_picked":["Auto Shields","Compile Driver"],"picked":"Rebound","floor":8},{"not_picked":["Turbo","Streamline"],"picked":"Redo","floor":11},{"not_picked":["Cold Snap","Leap"],"picked":"Scrape","floor":12},{"not_picked":["Tempest","Cold Snap"],"picked":"Coolheaded","floor":13},{"not_picked":["Rebound","Compile Driver"],"picked":"Hyperbeam","floor":14},{"not_picked":["Echo Form","Buffer"],"picked":"All For One","floor":16},{"not_picked":["Redo","Streamline","Tempest"],"picked":"SKIP","floor":18},{"not_picked":["Tempest","Steam Power"],"picked":"Beam Cell","floor":21}],"player_experience":1412442,"relics_obtained":[{"floor":4,"key":"Ginger"},{"floor":6,"key":"Bag of Marbles"},{"floor":8,"key":"Odd Mushroom"},{"floor":9,"key":"Darkstone Periapt"},{"floor":10,"key":"Orichalcum"},{"floor":12,"key":"CeramicFish"}],"event_choices":[{"damage_healed":0,"gold_gain":0,"player_choice":"Box","damage_taken":0,"relics_obtained":["PreservedInsect"],"max_hp_gain":0,"max_hp_loss":0,"event_name":"Big Fish","floor":3,"gold_loss":0,"cards_obtained":["Regret"]},{"cards_removed":["Regret"],"damage_healed":0,"gold_gain":0,"player_choice":"Card Removal","damage_taken":7,"max_hp_gain":0,"max_hp_loss":0,"event_name":"Golden Wing","floor":5,"gold_loss":0},{"damage_healed":0,"gold_gain":0,"player_choice":"Fought Mushrooms","damage_taken":0,"max_hp_gain":0,"max_hp_loss":0,"event_name":"Mushrooms","floor":8,"gold_loss":0},{"damage_healed":0,"gold_gain":0,"player_choice":"Smashed Altar","damage_taken":0,"max_hp_gain":0,"max_hp_loss":0,"event_name":"Forgotten Altar","floor":19,"gold_loss":0,"cards_obtained":["Decay"]},{"damage_healed":0,"gold_gain":0,"player_choice":"Bought 0 Potions","damage_taken":0,"max_hp_gain":0,"max_hp_loss":0,"event_name":"The Woman in Blue","floor":20,"gold_loss":0}],"is_beta":false,"boss_relics":[{"not_picked":["Nuclear Battery","Fusion Hammer"],"picked":"Astrolabe"}],"items_purged_floors":[],"is_endless":false,"potions_floor_spawned":[6,12,13,16,18],"killed_by":"Snake Plant","ascension_level":17}