{"gold_per_floor":[114,114,127,127,145,177,177,206,206,206,218,53,65,75,75,148,148,164,3,17,17,17,17,51,0,0,0,0,0,11,28,28,28],"floor_reached":33,"playtime":959,"items_purged":[],"score":523,"play_id":"ee87f3a4-1d19-42e1-9eb3-3360b9fe4cab","local_time":"20210511230501","is_ascension_mode":true,"campfire_choices":[{"floor":7,"key":"REST"},{"floor":10,"key":"REST"},{"data":"Loop","floor":15,"key":"SMITH"},{"data":"Rainbow","floor":23,"key":"SMITH"},{"floor":27,"key":"REST"},{"floor":32,"key":"REST"}],"neow_cost":"NONE","seed_source_timestamp":18003249894900,"circlet_count":0,"master_deck":["AscendersBane","Strike_B","Strike_B","Defend_B","Defend_B","Defend_B","Zap","Dualcast","Loop+1","Streamline+1","Cold Snap","Sweeping Beam","Doom and Gloom","Coolheaded","Seek","Rainbow+1","Tempest","Conserve Battery","Fusion","Compile Driver","BootSequence","Ball Lightning+1"],"relics":["Sozu","Anchor","Pear","Ornamental Fan","Chemical X","Busted Crown","Tiny Chest","Thread and Needle","Question Card","Singing Bowl"],"potions_floor_usage":[],"damage_taken":[{"damage":7,"enemies":"Jaw Worm","floor":1,"turns":4},{"damage":1,"enemies":"Cultist","floor":3,"turns":3},{"damage":9,"enemies":"Small Slimes","floor":5,"turns":4},{"damage":26,"enemies":"Gremlin Nob","floor":6,"turns":4},{"damage":36,"enemies":"3 Sentries","floor":8,"turns":8},{"damage":2,"enemies":"Gremlin Gang","floor":11,"turns":2},{"damage":6,"enemies":"Blue Slaver","floor":13,"turns":4},{"damage":0,"enemies":"2 Fungi Beasts","floor":14,"turns":3},{"damage":17,"enemies":"Hexaghost","floor":16,"turns":9},{"damage":15,"enemies":"Chosen","floor":18,"turns":5},{"damage":13,"enemies":"3 Byrds","floor":20,"turns":3},{"damage":33,"enemies":"Book of Stabbing","floor":24,"turns":5},{"damage":0,"enemies":"Centurion and Healer","floor":30,"turns":5},{"damage":6,"enemies":"Chosen and Byrds","floor":31,"turns":4},{"damage":75,"enemies":"Collector","floor":33,"turns":7}],"seed_played":"-966428434081310279","potions_obtained":[],"is_trial":false,"path_per_floor":["M","?","M","?","M","E","R","E","T","R","M","$","M","M","R","B",null,"M","$","M","$","?","R","E","?","T","R","$","T","M","M","R","B"],"character_chosen":"DEFECT","items_purchased":["Chemical X","Tiny Chest"],"campfire_rested":4,"item_purchase_floors":[12,19],"current_hp_per_floor":[57,57,56,56,47,21,42,16,16,40,38,38,32,32,32,15,65,50,50,37,37,37,37,4,4,4,28,28,28,28,24,48,0],"gold":28,"neow_bonus":"BOSS_RELIC","is_prod":false,"is_daily":false,"chose_seed":false,"campfire_upgraded":2,"win_rate":0,"timestamp":1620788701,"path_taken":["M","?","?","?","M","E","R","E","T","R","?","$","M","M","R","BOSS","M","$","M","$","?","R","E","?","T","R","?","?","?","M","R","BOSS"],"build_version":"2020-12-22","purchased_purges":0,"victory":false,"max_hp_per_floor":[71,71,71,71,71,71,71,81,81,81,81,81,81,81,81,81,81,81,81,81,81,81,81,81,81,81,81,81,81,81,83,83,83],"card_choices":[{"not_picked":["Force Field","Stack"],"picked":"Loop","floor":1},{"not_picked":["Chaos","Auto Shields"],"picked":"Streamline","floor":3},{"not_picked":["Compile Driver","Undo"],"picked":"Cold Snap","floor":5},{"not_picked":["BootSequence","Gash"],"picked":"Sweeping Beam","floor":6},{"not_picked":["Undo","Hologram"],"picked":"Doom and Gloom","floor":8},{"not_picked":["Stack","Storm"],"picked":"Coolheaded","floor":11},{"not_picked":["Streamline","Rebound","Force Field"],"picked":"SKIP","floor":13},{"not_picked":["Force Field","Cold Snap"],"picked":"Seek","floor":14},{"not_picked":["All For One","Seek"],"picked":"Rainbow","floor":16},{"not_picked":[],"picked":"Tempest","floor":18},{"not_picked":[],"picked":"Conserve Battery","floor":20},{"not_picked":[],"picked":"BootSequence","floor":24},{"not_picked":["Turbo"],"picked":"Ball Lightning+1","floor":30},{"not_picked":["Gash","Stack"],"picked":"Singing Bowl","floor":31}],"player_experience":1457762,"relics_obtained":[{"floor":6,"key":"Anchor"},{"floor":8,"key":"Pear"},{"floor":9,"key":"Ornamental Fan"},{"floor":24,"key":"Thread and Needle"},{"floor":26,"key":"Question Card"},{"floor":29,"key":"Singing Bowl"}],"event_choices":[{"cards_removed":["Defend_B"],"damage_healed":0,"gold_gain":0,"player_choice":"Offered Basic","damage_taken":0,"max_hp_gain":0,"max_hp_loss":0,"event_name":"Bonfire Elementals","floor":2,"gold_loss":0},{"damage_healed":0,"gold_gain":0,"player_choice":"Upgraded","damage_taken":0,"max_hp_gain":0,"max_hp_loss":0,"event_name":"Upgrade Shrine","floor":4,"gold_loss":0,"cards_upgraded":["Streamline"]},{"damage_healed":0,"gold_gain":0,"cards_transformed":["Strike_B","Strike_B"],"player_choice":"Became Test Subject","damage_taken":0,"max_hp_gain":0,"max_hp_loss":0,"event_name":"Drug Dealer","floor":22,"gold_loss":0,"cards_obtained":["Fusion","Compile Driver"]},{"damage_healed":0,"gold_gain":0,"player_choice":"Paid Fearfully","damage_taken":0,"max_hp_gain":0,"max_hp_loss":0,"event_name":"Masked Bandits","floor":25,"gold_loss":51}],"is_beta":false,"boss_relics":[{"not_picked":["SlaversCollar","Cursed Key"],"picked":"Busted Crown"}],"items_purged_floors":[],"is_endless":false,"potions_floor_spawned":[1,3,8,14,16,18,24,30,31],"killed_by":"Collector","ascension_level":18}