{"gold_per_floor":[112,112,82,97,117,117,127,127,127,147,172,172],"floor_reached":12,"playtime":229,"items_purged":[],"score":152,"play_id":"43aa1e76-3795-4156-9a5f-ee014656c01c","local_time":"20210507125043","is_ascension_mode":true,"campfire_choices":[{"data":"Zap","floor":6,"key":"SMITH"},{"data":"Blizzard","floor":8,"key":"SMITH"}],"neow_cost":"NONE","seed_source_timestamp":922303710900,"circlet_count":0,"master_deck":["AscendersBane","Strike_B","Strike_B","Strike_B","Strike_B","Defend_B","Defend_B","Defend_B","Defend_B","Zap+1","Dualcast","Coolheaded","Cold Snap","Recycle","Blizzard+1","Redo","Redo"],"relics":["Cracked Core","NeowsBlessing","Symbiotic Virus","Boot"],"potions_floor_usage":[11],"damage_taken":[{"damage":0,"enemies":"2 Louse","floor":1,"turns":1},{"damage":0,"enemies":"Cultist","floor":4,"turns":1},{"damage":0,"enemies":"Jaw Worm","floor":5,"turns":1},{"damage":2,"enemies":"Looter","floor":7,"turns":4},{"damage":12,"enemies":"Large Slime","floor":10,"turns":4},{"damage":35,"enemies":"Gremlin Nob","floor":11,"turns":4},{"damage":15,"enemies":"Lots of Slimes","floor":12,"turns":2}],"seed_played":"-6622038964187608562","potions_obtained":[{"floor":3,"key":"Energy Potion"},{"floor":3,"key":"Weak Potion"},{"floor":7,"key":"Explosive Potion"}],"is_trial":false,"path_per_floor":["M","?","?","M","M","R","M","R","T","M","E","M"],"character_chosen":"DEFECT","items_purchased":[],"campfire_rested":0,"item_purchase_floors":[],"current_hp_per_floor":[64,64,64,64,64,64,62,62,62,50,15,0],"gold":172,"neow_bonus":"THREE_ENEMY_KILL","is_prod":false,"is_daily":false,"chose_seed":false,"campfire_upgraded":2,"win_rate":0,"timestamp":1620406243,"path_taken":["M","?","?","?","M","R","M","R","T","M","E","M"],"build_version":"2020-12-22","purchased_purges":0,"victory":false,"max_hp_per_floor":[71,71,71,71,71,71,71,71,71,71,71,71],"card_choices":[{"not_picked":["Beam Cell","Barrage"],"picked":"Coolheaded","floor":1},{"not_picked":["Rebound","Go for the Eyes"],"picked":"Cold Snap","floor":4},{"not_picked":["Stack","Barrage"],"picked":"Recycle","floor":5},{"not_picked":["Stack","Go for the Eyes"],"picked":"Blizzard","floor":7},{"not_picked":["Melter","Steam"],"picked":"Redo","floor":10},{"not_picked":["Auto Shields","Compile Driver"],"picked":"Redo","floor":11}],"player_experience":1445910,"relics_obtained":[{"floor":9,"key":"Symbiotic Virus"},{"floor":11,"key":"Boot"}],"event_choices":[{"damage_healed":0,"gold_gain":0,"player_choice":"Leave","damage_taken":0,"max_hp_gain":0,"max_hp_loss":0,"event_name":"The Cleric","floor":2,"gold_loss":0},{"damage_healed":0,"gold_gain":0,"player_choice":"Bought 2 Potions","damage_taken":0,"max_hp_gain":0,"max_hp_loss":0,"event_name":"The Woman in Blue","floor":3,"gold_loss":0}],"is_beta":false,"boss_relics":[],"items_purged_floors":[],"is_endless":false,"potions_floor_spawned":[4,7],"killed_by":"Lots of Slimes","ascension_level":18}