{"gold_per_floor":[110,110,110,124,124,157,170,170,222,257,557,586,601,601,601,674,674,614,272,272,272,272,272,272],"floor_reached":24,"playtime":597,"items_purged":[],"score":450,"play_id":"c0c81e69-09ee-41b7-9e2a-12e9763af2cb","local_time":"20210511223455","is_ascension_mode":true,"campfire_choices":[{"data":"Gash","floor":8,"key":"SMITH"},{"data":"Scrape","floor":15,"key":"SMITH"},{"floor":23,"key":"REST"}],"neow_cost":"NONE","seed_source_timestamp":16558511203400,"circlet_count":0,"master_deck":["AscendersBane","Strike_B","Strike_B","Defend_B","Defend_B","Defend_B","Zap","Dualcast","Gash+1","Go for the Eyes","Ball Lightning","Beam Cell","Reprogram","Auto Shields","Scrape+1","Core Surge","Conserve Battery","RitualDagger","Gash"],"relics":["Cracked Core","NeowsBlessing","Art of War","MealTicket","Eternal Feather","Old Coin","HornCleat","Ectoplasm","Torii","Red Mask"],"potions_floor_usage":[10,16,22,22,24],"damage_taken":[{"damage":0,"enemies":"Small Slimes","floor":1,"turns":1},{"damage":0,"enemies":"2 Louse","floor":4,"turns":1},{"damage":0,"enemies":"Gremlin Nob","floor":6,"turns":1},{"damage":6,"enemies":"Cultist","floor":7,"turns":3},{"damage":24,"enemies":"3 Sentries","floor":10,"turns":6},{"damage":8,"enemies":"Gremlin Nob","floor":12,"turns":3},{"damage":3,"enemies":"Looter","floor":13,"turns":2},{"damage":9,"enemies":"Hexaghost","floor":16,"turns":9},{"damage":19,"enemies":"2 Thieves","floor":18,"turns":3},{"damage":1,"enemies":"Spheric Guardian","floor":20,"turns":4},{"damage":37,"enemies":"Masked Bandits","floor":22,"turns":5},{"damage":63,"enemies":"Slavers","floor":24,"turns":4}],"seed_played":"-6552648938355266289","potions_obtained":[{"floor":4,"key":"DistilledChaos"},{"floor":7,"key":"LiquidBronze"},{"floor":12,"key":"EssenceOfSteel"},{"floor":18,"key":"EntropicBrew"}],"is_trial":false,"path_per_floor":["M","?","?","M","?","E","M","R","T","E","?","E","M","?","R","B",null,"M","$","M","?","?","R","E"],"character_chosen":"DEFECT","items_purchased":["Torii"],"campfire_rested":1,"item_purchase_floors":[19],"current_hp_per_floor":[64,57,57,57,62,62,56,56,56,32,32,24,21,21,30,21,62,43,58,57,51,14,45,0],"gold":272,"neow_bonus":"THREE_ENEMY_KILL","is_prod":false,"is_daily":false,"chose_seed":false,"campfire_upgraded":2,"win_rate":0,"timestamp":1620786895,"path_taken":["M","?","?","?","?","E","M","R","T","E","?","E","?","?","R","BOSS","M","$","M","?","?","R","E"],"build_version":"2020-12-22","purchased_purges":0,"victory":false,"max_hp_per_floor":[71,71,71,71,76,76,76,76,76,76,76,76,76,76,76,76,76,76,76,76,76,76,76,76],"card_choices":[{"not_picked":["Ball Lightning","Rebound"],"picked":"Gash","floor":1},{"not_picked":["Force Field","Blizzard"],"picked":"Go for the Eyes","floor":4},{"not_picked":["Skim","Conserve Battery"],"picked":"Ball Lightning","floor":6},{"not_picked":["Skim","Steam Power"],"picked":"Beam Cell","floor":7},{"not_picked":["Compile Driver","Go for the Eyes"],"picked":"Reprogram","floor":10},{"not_picked":["Buffer","Sweeping Beam"],"picked":"Auto Shields","floor":12},{"not_picked":["Stack","Glacier"],"picked":"Scrape","floor":13},{"not_picked":["Meteor Strike","Multi-Cast"],"picked":"Core Surge","floor":16},{"not_picked":["Barrage","Sweeping Beam"],"picked":"Conserve Battery","floor":18},{"not_picked":["Chill","Turbo","Force Field"],"picked":"SKIP","floor":20},{"not_picked":["Streamline","Turbo"],"picked":"Gash","floor":22}],"player_experience":1456357,"relics_obtained":[{"floor":6,"key":"Art of War"},{"floor":9,"key":"MealTicket"},{"floor":10,"key":"Eternal Feather"},{"floor":11,"key":"Old Coin"},{"floor":12,"key":"HornCleat"},{"floor":22,"key":"Red Mask"}],"event_choices":[{"cards_removed":["Strike_B"],"damage_healed":0,"gold_gain":0,"player_choice":"Card Removal","damage_taken":7,"max_hp_gain":0,"max_hp_loss":0,"event_name":"Golden Wing","floor":2,"gold_loss":0},{"cards_removed":["Defend_B"],"damage_healed":0,"gold_gain":0,"player_choice":"Offered Basic","damage_taken":0,"max_hp_gain":0,"max_hp_loss":0,"event_name":"Bonfire Elementals","floor":3,"gold_loss":0},{"damage_healed":0,"gold_gain":0,"player_choice":"Donut","damage_taken":0,"max_hp_gain":5,"max_hp_loss":0,"event_name":"Big Fish","floor":5,"gold_loss":0},{"damage_healed":0,"gold_gain":0,"player_choice":"Relic","damage_taken":0,"max_hp_gain":0,"max_hp_loss":0,"event_name":"Wheel of Change","floor":11,"gold_loss":0},{"cards_removed":["Strike_B"],"damage_healed":0,"gold_gain":0,"player_choice":"Purged","damage_taken":0,"max_hp_gain":0,"max_hp_loss":0,"event_name":"Purifier","floor":14,"gold_loss":0},{"damage_healed":0,"gold_gain":0,"player_choice":"Joined the Cult","damage_taken":6,"max_hp_gain":0,"max_hp_loss":0,"event_name":"Nest","floor":21,"gold_loss":0,"cards_obtained":["RitualDagger"]},{"damage_healed":0,"gold_gain":0,"player_choice":"Fought Bandits","damage_taken":0,"max_hp_gain":0,"max_hp_loss":0,"event_name":"Masked Bandits","floor":22,"gold_loss":0}],"is_beta":false,"boss_relics":[{"not_picked":["Velvet Choker","Runic Pyramid"],"picked":"Ectoplasm"}],"items_purged_floors":[],"is_endless":false,"potions_floor_spawned":[4,7,12,18],"killed_by":"Slavers","ascension_level":18}