{"gold_per_floor":[112,112,112,127,127,155,155,184,184,19,35,53,79,99,99,99],"floor_reached":16,"playtime":939,"items_purged":[],"score":276,"play_id":"93396292-3323-4dab-ac63-5faae88a57c1","local_time":"20210503144955","is_ascension_mode":true,"campfire_choices":[{"floor":15,"key":"DIG"}],"neow_cost":"NONE","seed_source_timestamp":69502939807300,"circlet_count":0,"master_deck":["AscendersBane","Strike_B","Strike_B+1","Strike_B+1","Strike_B","Defend_B","Defend_B","Defend_B","Defend_B","Zap","Dualcast+1","Streamline+1","Reprogram","Ball Lightning+1","Capacitor","Sweeping Beam","Conserve Battery","Compile Driver","Genetic Algorithm"],"relics":["Cracked Core","NeowsBlessing","Potion Belt","Toy Ornithopter","Shovel","Emotion Chip","Bottled Lightning","Whetstone","Omamori","Oddly Smooth Stone"],"potions_floor_usage":[12,12,13,16],"damage_taken":[{"damage":0,"enemies":"Small Slimes","floor":1,"turns":1},{"damage":0,"enemies":"2 Louse","floor":4,"turns":1},{"damage":0,"enemies":"Gremlin Nob","floor":6,"turns":1},{"damage":18,"enemies":"Lagavulin","floor":8,"turns":7},{"damage":6,"enemies":"Jaw Worm","floor":11,"turns":2},{"damage":4,"enemies":"Lots of Slimes","floor":12,"turns":3},{"damage":5,"enemies":"Gremlin Nob","floor":13,"turns":3},{"damage":3,"enemies":"2 Fungi Beasts","floor":14,"turns":3},{"damage":23,"enemies":"Hexaghost","floor":16,"turns":9}],"seed_played":"5688788342383179048","potions_obtained":[{"floor":1,"key":"DistilledChaos"},{"floor":8,"key":"Strength Potion"},{"floor":11,"key":"Energy Potion"},{"floor":13,"key":"Swift Potion"}],"is_trial":false,"path_per_floor":["M","?","?","M","?","E","T","E","T","$","M","M","E","M","R","B"],"character_chosen":"DEFECT","items_purchased":["Whetstone"],"campfire_rested":0,"item_purchase_floors":[10],"current_hp_per_floor":[64,59,59,59,38,38,38,20,20,20,14,20,20,17,17,0],"gold":99,"neow_bonus":"THREE_ENEMY_KILL","is_prod":false,"is_daily":false,"chose_seed":false,"campfire_upgraded":0,"win_rate":0,"timestamp":1620067795,"path_taken":["M","?","?","M","?","E","?","E","T","$","M","?","E","M","R","BOSS"],"build_version":"2020-12-22","purchased_purges":0,"victory":false,"max_hp_per_floor":[71,71,71,71,71,71,71,71,71,71,71,71,71,71,71,71],"card_choices":[{"not_picked":["Stack","Hologram"],"picked":"Streamline","floor":1},{"not_picked":["Sunder","Heatsinks"],"picked":"Reprogram","floor":4},{"not_picked":["Undo","Biased Cognition"],"picked":"Ball Lightning","floor":6},{"not_picked":["Force Field","Barrage"],"picked":"Capacitor","floor":8},{"not_picked":["Aggregate","Streamline"],"picked":"Sweeping Beam","floor":11},{"not_picked":["Double Energy","Steam"],"picked":"Conserve Battery","floor":12},{"not_picked":["Cold Snap","Auto Shields"],"picked":"Compile Driver","floor":13},{"not_picked":["Cold Snap","Hologram"],"picked":"Genetic Algorithm","floor":14}],"player_experience":1418658,"relics_obtained":[{"floor":6,"key":"Toy Ornithopter"},{"floor":7,"key":"Shovel"},{"floor":8,"key":"Emotion Chip"},{"floor":9,"key":"Bottled Lightning"},{"floor":13,"key":"Omamori"},{"floor":15,"key":"Oddly Smooth Stone"}],"event_choices":[{"damage_healed":0,"gold_gain":0,"player_choice":"Success","damage_taken":5,"relics_obtained":["Potion Belt"],"max_hp_gain":0,"max_hp_loss":0,"event_name":"Scrap Ooze","floor":2,"gold_loss":0},{"damage_healed":0,"gold_gain":0,"player_choice":"Grow","damage_taken":0,"max_hp_gain":0,"max_hp_loss":0,"event_name":"Living Wall","floor":3,"gold_loss":0,"cards_upgraded":["Streamline"]},{"damage_healed":0,"gold_gain":0,"player_choice":"Entered Light","damage_taken":21,"max_hp_gain":0,"max_hp_loss":0,"event_name":"Shining Light","floor":5,"gold_loss":0,"cards_upgraded":["Dualcast","Strike_B"]}],"is_beta":false,"boss_relics":[],"items_purged_floors":[],"is_endless":false,"potions_floor_spawned":[1,8,11,13],"killed_by":"Hexaghost","ascension_level":18}