{"gold_per_floor":[109,109,109,129,129,169,169,208,277,295,21,21,96,109,109,199,199,224,59,82,82,82,82],"floor_reached":23,"playtime":481,"items_purged":[],"score":422,"play_id":"d12440d1-030c-4d57-95aa-e4c78f0c53a0","local_time":"20210511224850","is_ascension_mode":true,"campfire_choices":[{"floor":12,"key":"REST"},{"data":"Defragment","floor":15,"key":"SMITH"}],"neow_cost":"NONE","seed_source_timestamp":17509902142500,"circlet_count":0,"master_deck":["AscendersBane","Strike_B","Strike_B","Strike_B","Strike_B","Defend_B","Defend_B","Defend_B","Defend_B","Zap","Dualcast","Sunder","Blizzard","Zap","Ball Lightning","Loop","Consume","Fusion+1","Defragment+1","Steam+1","Coolheaded+1","Echo Form","Tempest+1","Double Energy+1","Reinforced Body+1"],"relics":["Cracked Core","NeowsBlessing","Golden Idol","Bag of Marbles","Calipers","Centennial Puzzle","Toxic Egg 2","Chemical X","Inserter","Lee\u0027s Waffle"],"potions_floor_usage":[8,16,18,20],"damage_taken":[{"damage":0,"enemies":"Jaw Worm","floor":1,"turns":1},{"damage":0,"enemies":"Cultist","floor":4,"turns":1},{"damage":0,"enemies":"3 Sentries","floor":6,"turns":1},{"damage":25,"enemies":"Lagavulin","floor":8,"turns":5},{"damage":0,"enemies":"Small Slimes","floor":10,"turns":1},{"damage":5,"enemies":"3 Louse","floor":14,"turns":3},{"damage":23,"enemies":"Slime Boss","floor":16,"turns":8},{"damage":10,"enemies":"Chosen","floor":18,"turns":4},{"damage":23,"enemies":"Shell Parasite","floor":20,"turns":3},{"damage":57,"enemies":"Slavers","floor":23,"turns":4}],"seed_played":"2820135846851946291","potions_obtained":[{"floor":4,"key":"FocusPotion"},{"floor":8,"key":"Weak Potion"},{"floor":10,"key":"Regen Potion"},{"floor":18,"key":"SneckoOil"}],"is_trial":false,"path_per_floor":["M","?","?","M","?","E","?","E","T","M","$","R","?","M","R","B",null,"M","$","M","?","?","E"],"character_chosen":"DEFECT","items_purchased":["Defragment","Chemical X","Steam+1","Lee\u0027s Waffle"],"campfire_rested":1,"item_purchase_floors":[11,11,11,19],"current_hp_per_floor":[64,64,64,64,53,53,53,28,28,28,28,49,38,33,33,25,60,50,78,55,55,55,0],"gold":82,"neow_bonus":"THREE_ENEMY_KILL","is_prod":false,"is_daily":false,"chose_seed":false,"campfire_upgraded":1,"win_rate":0,"timestamp":1620787730,"path_taken":["M","?","?","?","?","E","?","E","T","?","?","R","?","M","R","BOSS","M","$","M","?","?","E"],"build_version":"2020-12-22","purchased_purges":0,"victory":false,"max_hp_per_floor":[71,71,71,71,71,71,71,71,71,71,71,71,71,71,71,71,71,71,78,78,78,78,78],"card_choices":[{"not_picked":["Steam","Stack"],"picked":"Sunder","floor":1},{"not_picked":["Gash","Hello World"],"picked":"Ball Lightning","floor":4},{"not_picked":["Auto Shields","Stack"],"picked":"Loop","floor":6},{"not_picked":["Leap","Steam Power"],"picked":"Consume","floor":8},{"not_picked":["Gash","Cold Snap"],"picked":"Fusion+1","floor":10},{"not_picked":["Sweeping Beam","Sunder"],"picked":"Coolheaded+1","floor":14},{"not_picked":["Reboot+1","Seek+1"],"picked":"Echo Form","floor":16},{"not_picked":["Leap+1","Coolheaded+1"],"picked":"Tempest+1","floor":18},{"not_picked":["Hologram+1","Barrage"],"picked":"Double Energy+1","floor":20}],"player_experience":1457281,"relics_obtained":[{"floor":6,"key":"Calipers"},{"floor":8,"key":"Centennial Puzzle"},{"floor":9,"key":"Toxic Egg 2"}],"event_choices":[{"damage_healed":0,"gold_gain":0,"player_choice":"Take Wound","damage_taken":0,"relics_obtained":["Golden Idol"],"max_hp_gain":0,"max_hp_loss":0,"event_name":"Golden Idol","floor":2,"gold_loss":0,"cards_obtained":["Injury"]},{"damage_healed":0,"gold_gain":0,"player_choice":"2 cards matched","damage_taken":0,"max_hp_gain":0,"max_hp_loss":0,"event_name":"Match and Keep!","floor":3,"gold_loss":0,"cards_obtained":["Blizzard","Zap"]},{"damage_healed":0,"gold_gain":0,"player_choice":"Success","damage_taken":11,"relics_obtained":["Bag of Marbles"],"max_hp_gain":0,"max_hp_loss":0,"event_name":"Scrap Ooze","floor":5,"gold_loss":0},{"cards_removed":["Injury"],"damage_healed":0,"gold_gain":0,"player_choice":"Removed Curses","damage_taken":0,"max_hp_gain":0,"max_hp_loss":0,"event_name":"Fountain of Cleansing","floor":7,"gold_loss":0},{"damage_healed":0,"gold_gain":75,"player_choice":"Gather Gold","damage_taken":11,"max_hp_gain":0,"max_hp_loss":0,"event_name":"World of Goop","floor":13,"gold_loss":0},{"damage_healed":0,"gold_gain":0,"player_choice":"Read","damage_taken":0,"max_hp_gain":0,"max_hp_loss":0,"event_name":"The Library","floor":21,"gold_loss":0,"cards_obtained":["Reinforced Body"]},{"damage_healed":0,"gold_gain":0,"player_choice":"Ignored","damage_taken":0,"max_hp_gain":0,"max_hp_loss":0,"event_name":"Vampires","floor":22,"gold_loss":0}],"is_beta":false,"boss_relics":[{"not_picked":["Philosopher\u0027s Stone","Busted Crown"],"picked":"Inserter"}],"items_purged_floors":[],"is_endless":false,"potions_floor_spawned":[4,8,10,18],"killed_by":"Slavers","ascension_level":18}