{"gold_per_floor":[368,26,176,176,194,228,228,153,179,179,203,246,275,300,300,300],"floor_reached":16,"playtime":758,"items_purged":[],"score":205,"play_id":"02faa3b6-7f07-4c5f-881b-584b94d2d0bb","local_time":"20210504173716","is_ascension_mode":true,"campfire_choices":[{"data":"Tempest","floor":10,"key":"SMITH"},{"data":"Defragment","floor":15,"key":"SMITH"}],"neow_cost":"TEN_PERCENT_HP_LOSS","seed_source_timestamp":27361664199700,"circlet_count":0,"master_deck":["AscendersBane","Strike_B","Strike_B","Strike_B","Strike_B","Defend_B","Defend_B","Defend_B","Defend_B","Zap","Dualcast","Glacier","Leap","Tempest+1","Ball Lightning","Blizzard","Injury","Redo","White Noise","Defragment+1"],"relics":["Cracked Core","Incense Burner","Mummified Hand","Golden Idol","Potion Belt","Toy Ornithopter","Odd Mushroom"],"potions_floor_usage":[6,12],"damage_taken":[{"damage":2,"enemies":"Jaw Worm","floor":1,"turns":4},{"damage":1,"enemies":"Small Slimes","floor":5,"turns":3},{"damage":17,"enemies":"3 Sentries","floor":6,"turns":8},{"damage":0,"enemies":"Cultist","floor":11,"turns":2},{"damage":7,"enemies":"Lagavulin","floor":12,"turns":6},{"damage":14,"enemies":"The Mushroom Lair","floor":13,"turns":3},{"damage":18,"enemies":"Exordium Wildlife","floor":14,"turns":5},{"damage":5,"enemies":"Hexaghost","floor":16,"turns":11}],"seed_played":"5019889231063256493","potions_obtained":[{"floor":1,"key":"Swift Potion"},{"floor":5,"key":"Strength Potion"}],"is_trial":false,"path_per_floor":["M","$","?","?","M","E","?","?","T","R","M","E","?","M","R","B"],"character_chosen":"DEFECT","items_purchased":["Incense Burner"],"campfire_rested":0,"item_purchase_floors":[2],"current_hp_per_floor":[62,62,62,62,61,44,44,44,44,44,44,37,23,5,5,0],"gold":300,"neow_bonus":"TWO_FIFTY_GOLD","is_prod":false,"is_daily":false,"chose_seed":false,"campfire_upgraded":2,"win_rate":0,"timestamp":1620164236,"path_taken":["M","$","?","?","?","E","?","?","T","R","M","E","?","M","R","BOSS"],"build_version":"2020-12-22","purchased_purges":0,"victory":false,"max_hp_per_floor":[64,64,64,64,64,64,64,64,64,64,64,64,64,64,64,64],"card_choices":[{"not_picked":["Storm","Compile Driver"],"picked":"Glacier","floor":1},{"not_picked":["Gash","Compile Driver"],"picked":"Ball Lightning","floor":5},{"not_picked":["Genetic Algorithm","Meteor Strike"],"picked":"Blizzard","floor":6},{"not_picked":["Turbo","Steam"],"picked":"Redo","floor":11},{"not_picked":["Go for the Eyes","Stack"],"picked":"White Noise","floor":12},{"not_picked":["FTL","Auto Shields"],"picked":"Defragment","floor":14}],"player_experience":1424423,"relics_obtained":[{"floor":6,"key":"Mummified Hand"},{"floor":9,"key":"Potion Belt"},{"floor":12,"key":"Toy Ornithopter"},{"floor":13,"key":"Odd Mushroom"}],"event_choices":[{"damage_healed":0,"gold_gain":150,"player_choice":"AGREE","damage_taken":0,"max_hp_gain":0,"max_hp_loss":0,"event_name":"Liars Game","floor":3,"gold_loss":0,"cards_obtained":["Doubt"]},{"damage_healed":0,"gold_gain":0,"player_choice":"2 cards matched","damage_taken":0,"max_hp_gain":0,"max_hp_loss":0,"event_name":"Match and Keep!","floor":4,"gold_loss":0,"cards_obtained":["Leap","Tempest"]},{"damage_healed":0,"gold_gain":0,"player_choice":"Take Wound","damage_taken":0,"relics_obtained":["Golden Idol"],"max_hp_gain":0,"max_hp_loss":0,"event_name":"Golden Idol","floor":7,"gold_loss":0,"cards_obtained":["Injury"]},{"cards_removed":["Doubt"],"damage_healed":0,"gold_gain":0,"player_choice":"Card Removal","damage_taken":0,"max_hp_gain":0,"max_hp_loss":0,"event_name":"The Cleric","floor":8,"gold_loss":75},{"damage_healed":0,"gold_gain":0,"player_choice":"Fought Mushrooms","damage_taken":0,"max_hp_gain":0,"max_hp_loss":0,"event_name":"Mushrooms","floor":13,"gold_loss":0}],"is_beta":false,"boss_relics":[],"items_purged_floors":[],"is_endless":false,"potions_floor_spawned":[1,5],"killed_by":"Hexaghost","ascension_level":18}