{"gold_per_floor":[367,292,292,98,173,193,193,222,248,279,279,304,263,297,297,371,371,348,34,0,0,15,41,53,53],"floor_reached":25,"playtime":885,"items_purged":[],"score":513,"play_id":"7378a98b-3a93-43d6-88f6-dd6e2eae4539","local_time":"20210502222808","is_ascension_mode":true,"campfire_choices":[{"floor":7,"key":"REST"},{"floor":11,"key":"REST"},{"data":"Chaos","floor":15,"key":"SMITH"}],"neow_cost":"TEN_PERCENT_HP_LOSS","seed_source_timestamp":10650276830200,"circlet_count":0,"master_deck":["AscendersBane","Strike_B","Strike_B","Strike_B","Defend_B","Defend_B","Defend_B","Zap","Dualcast","White Noise","Cold Snap","Coolheaded","Auto Shields","Ball Lightning","Self Repair","Chaos+1","FTL","Rainbow","Chaos+1","Coolheaded+1","Barrage","Redo"],"relics":["Cracked Core","PreservedInsect","Pen Nib","Orichalcum","Darkstone Periapt","Bronze Scales","Ornamental Fan","SacredBark","Ice Cream","Bag of Preparation"],"potions_floor_usage":[12,16,23,24],"damage_taken":[{"damage":5,"enemies":"Small Slimes","floor":1,"turns":3},{"damage":2,"enemies":"2 Louse","floor":6,"turns":3},{"damage":31,"enemies":"Gremlin Nob","floor":8,"turns":4},{"damage":14,"enemies":"3 Sentries","floor":10,"turns":8},{"damage":0,"enemies":"Lagavulin","floor":12,"turns":4},{"damage":8,"enemies":"3 Sentries","floor":14,"turns":5},{"damage":10,"enemies":"The Guardian","floor":16,"turns":8},{"damage":16,"enemies":"2 Thieves","floor":18,"turns":4},{"damage":10,"enemies":"Spheric Guardian","floor":22,"turns":4},{"damage":18,"enemies":"Book of Stabbing","floor":23,"turns":4},{"damage":19,"enemies":"Snake Plant","floor":24,"turns":4},{"damage":23,"enemies":"Slavers","floor":25,"turns":1}],"seed_played":"5231472410537636344","potions_obtained":[{"floor":1,"key":"EssenceOfDarkness"},{"floor":10,"key":"FocusPotion"},{"floor":22,"key":"SpeedPotion"},{"floor":23,"key":"Fire Potion"}],"is_trial":false,"path_per_floor":["M","?","?","$","?","M","R","E","T","E","R","E","$","E","R","B",null,"M","$","?","?","M","E","M","E"],"character_chosen":"DEFECT","items_purchased":["PreservedInsect","Cold Snap","Chaos","Ice Cream"],"campfire_rested":2,"item_purchase_floors":[4,4,13,19],"current_hp_per_floor":[59,59,52,52,41,39,58,27,27,13,32,32,32,31,31,28,55,46,46,46,46,43,32,13,0],"gold":53,"neow_bonus":"TWO_FIFTY_GOLD","is_prod":false,"is_daily":false,"chose_seed":false,"campfire_upgraded":1,"win_rate":0,"timestamp":1620008888,"path_taken":["M","?","?","$","?","?","R","E","T","E","R","E","$","E","R","BOSS","M","$","?","?","M","E","M","E"],"build_version":"2020-12-22","purchased_purges":0,"victory":false,"max_hp_per_floor":[64,64,64,64,64,64,64,64,64,64,64,64,64,64,64,64,64,64,64,64,64,64,64,64,64],"card_choices":[{"not_picked":["Recycle","Cold Snap"],"picked":"White Noise","floor":1},{"not_picked":["Rebound","Leap"],"picked":"Coolheaded","floor":6},{"not_picked":["Hologram","Consume"],"picked":"Auto Shields","floor":8},{"not_picked":["BootSequence","Leap"],"picked":"Ball Lightning","floor":10},{"not_picked":["Stack","Redo"],"picked":"Self Repair","floor":12},{"not_picked":["Cold Snap","Force Field"],"picked":"FTL","floor":14},{"not_picked":["Buffer","Machine Learning"],"picked":"Rainbow","floor":16},{"not_picked":["Coolheaded","Hologram+1","Gash"],"picked":"SKIP","floor":18},{"not_picked":["Rebound","Chaos"],"picked":"Coolheaded+1","floor":22},{"not_picked":["Beam Cell","Coolheaded+1"],"picked":"Barrage","floor":23},{"not_picked":["Beam Cell","FTL"],"picked":"Redo","floor":24}],"player_experience":1416639,"relics_obtained":[{"floor":8,"key":"Pen Nib"},{"floor":9,"key":"Orichalcum"},{"floor":10,"key":"Darkstone Periapt"},{"floor":12,"key":"Bronze Scales"},{"floor":14,"key":"Ornamental Fan"},{"floor":23,"key":"Bag of Preparation"}],"event_choices":[{"cards_removed":["Strike_B"],"damage_healed":0,"gold_gain":0,"player_choice":"Card Removal","damage_taken":0,"max_hp_gain":0,"max_hp_loss":0,"event_name":"The Cleric","floor":2,"gold_loss":75},{"cards_removed":["Defend_B"],"damage_healed":0,"gold_gain":0,"player_choice":"Card Removal","damage_taken":7,"max_hp_gain":0,"max_hp_loss":0,"event_name":"Golden Wing","floor":3,"gold_loss":0},{"damage_healed":0,"gold_gain":75,"player_choice":"Gather Gold","damage_taken":11,"max_hp_gain":0,"max_hp_loss":0,"event_name":"World of Goop","floor":5,"gold_loss":0},{"damage_healed":0,"gold_gain":0,"player_choice":"Paid Fearfully","damage_taken":0,"max_hp_gain":0,"max_hp_loss":0,"event_name":"Masked Bandits","floor":20,"gold_loss":34},{"damage_healed":0,"gold_gain":0,"player_choice":"Copied","damage_taken":0,"max_hp_gain":0,"max_hp_loss":0,"event_name":"Duplicator","floor":21,"gold_loss":0,"cards_obtained":["Chaos"]}],"is_beta":false,"boss_relics":[{"not_picked":["Sozu","Fusion Hammer"],"picked":"SacredBark"}],"items_purged_floors":[],"is_endless":false,"potions_floor_spawned":[1,10,22,23],"killed_by":"Slavers","ascension_level":18}