{"gold_per_floor":[116,266,191,191,209,238,238,269,269,301,318,109,127,159,159,231,231,242,37,37,47,47,47,79,79,79,104,104],"floor_reached":28,"playtime":759,"items_purged":[],"score":583,"play_id":"0dd10666-4da3-4d4a-a941-3cd581b0bd35","local_time":"20210510174506","is_ascension_mode":true,"campfire_choices":[{"data":"Sunder","floor":7,"key":"SMITH"},{"data":"Apotheosis","floor":15,"key":"SMITH"},{"floor":23,"key":"REST"},{"floor":25,"key":"REST"}],"neow_cost":"NONE","seed_source_timestamp":0,"circlet_count":0,"master_deck":["AscendersBane","Strike_B","Strike_B","Strike_B+1","Strike_B","Defend_B","Defend_B","Defend_B","Defend_B","Zap+1","Dualcast","Sweeping Beam","Sunder+1","Redo","Rip and Tear","Loop","Capacitor","Apotheosis+1","Cold Snap+1","Reboot","Rainbow","Barrage+1","Consume+1","Conserve Battery","Echo Form","Self Repair+1"],"special_seed":0,"relics":["Cracked Core","NeowsBlessing","Pocketwatch","Oddly Smooth Stone","Blue Candle","Potion Belt","Bag of Preparation","Black Star","Runic Capacitor","Whetstone","DataDisk","HornCleat","Boot","Dream Catcher"],"potions_floor_usage":[13,14,16,21,27],"damage_taken":[{"damage":0,"enemies":"Small Slimes","floor":1,"turns":1},{"damage":0,"enemies":"2 Louse","floor":5,"turns":1},{"damage":0,"enemies":"3 Sentries","floor":6,"turns":1},{"damage":25,"enemies":"Lagavulin","floor":8,"turns":5},{"damage":28,"enemies":"3 Sentries","floor":10,"turns":5},{"damage":0,"enemies":"Jaw Worm","floor":11,"turns":2},{"damage":2,"enemies":"Red Slaver","floor":13,"turns":4},{"damage":8,"enemies":"Gremlin Nob","floor":14,"turns":3},{"damage":2,"enemies":"Hexaghost","floor":16,"turns":7},{"damage":5,"enemies":"Spheric Guardian","floor":18,"turns":4},{"damage":26,"enemies":"Shell Parasite","floor":21,"turns":4},{"damage":35,"enemies":"Book of Stabbing","floor":24,"turns":7},{"damage":30,"enemies":"Gremlin Leader","floor":27,"turns":5},{"damage":18,"enemies":"Shelled Parasite and Fungi","floor":28,"turns":3}],"seed_played":"-1323875684178390808","potions_obtained":[{"floor":6,"key":"Regen Potion"},{"floor":8,"key":"BlessingOfTheForge"},{"floor":13,"key":"FocusPotion"},{"floor":16,"key":"FocusPotion"},{"floor":18,"key":"LiquidMemories"},{"floor":21,"key":"BlessingOfTheForge"},{"floor":24,"key":"SteroidPotion"}],"is_trial":false,"path_per_floor":["M","?","?","?","M","E","R","E","T","E","M","$","M","E","R","B",null,"M","$","?","M","?","R","E","R","T","E","M"],"character_chosen":"DEFECT","items_purchased":["Apotheosis","Runic Capacitor","Consume"],"campfire_rested":2,"item_purchase_floors":[12,19,19],"current_hp_per_floor":[64,64,64,64,64,64,64,39,39,11,11,11,21,13,13,11,56,51,51,51,25,39,60,25,46,46,16,0],"gold":104,"neow_bonus":"THREE_ENEMY_KILL","is_prod":false,"is_daily":false,"chose_seed":false,"campfire_upgraded":2,"win_rate":0,"timestamp":1620683106,"path_taken":["M","?","?","?","?","E","R","E","T","E","M","$","M","E","R","BOSS","M","$","?","?","?","R","E","R","T","E","M"],"build_version":"2020-12-22","purchased_purges":0,"victory":false,"max_hp_per_floor":[71,71,71,71,71,71,71,71,71,71,71,71,71,71,71,71,71,71,71,71,71,71,71,71,71,71,71,71],"card_choices":[{"not_picked":["Conserve Battery","Hello World"],"picked":"Sweeping Beam","floor":1},{"not_picked":["FTL","Leap"],"picked":"Sunder","floor":5},{"not_picked":["Turbo","Go for the Eyes"],"picked":"Redo","floor":6},{"not_picked":["Compile Driver","FTL"],"picked":"Rip and Tear","floor":8},{"not_picked":["Creative AI","Rebound"],"picked":"Loop","floor":10},{"not_picked":["White Noise","Compile Driver"],"picked":"Capacitor","floor":11},{"not_picked":["Sweeping Beam","Scrape"],"picked":"Cold Snap","floor":13},{"not_picked":["Ball Lightning","Heatsinks"],"picked":"Reboot","floor":14},{"not_picked":["Buffer","Meteor Strike"],"picked":"Rainbow","floor":16},{"not_picked":["Hologram+1","Beam Cell"],"picked":"Barrage+1","floor":18},{"not_picked":["Beam Cell","Barrage"],"picked":"Conserve Battery","floor":21},{"not_picked":["Ball Lightning","Conserve Battery"],"picked":"Echo Form","floor":24},{"not_picked":["BootSequence","Barrage"],"picked":"Self Repair+1","floor":27}],"player_experience":1452229,"relics_obtained":[{"floor":6,"key":"Pocketwatch"},{"floor":8,"key":"Oddly Smooth Stone"},{"floor":9,"key":"Blue Candle"},{"floor":10,"key":"Potion Belt"},{"floor":14,"key":"Bag of Preparation"},{"floor":24,"key":"Whetstone"},{"floor":24,"key":"DataDisk"},{"floor":26,"key":"HornCleat"},{"floor":27,"key":"Boot"},{"floor":27,"key":"Dream Catcher"}],"event_choices":[{"damage_healed":0,"gold_gain":150,"player_choice":"AGREE","damage_taken":0,"max_hp_gain":0,"max_hp_loss":0,"event_name":"Liars Game","floor":2,"gold_loss":0,"cards_obtained":["Doubt"]},{"cards_removed":["Doubt"],"damage_healed":0,"gold_gain":0,"player_choice":"Card Removal","damage_taken":0,"max_hp_gain":0,"max_hp_loss":0,"event_name":"The Cleric","floor":3,"gold_loss":75},{"damage_healed":0,"gold_gain":0,"player_choice":"Grow","damage_taken":0,"max_hp_gain":0,"max_hp_loss":0,"event_name":"Living Wall","floor":4,"gold_loss":0,"cards_upgraded":["Zap"]},{"damage_healed":0,"gold_gain":0,"player_choice":"Upgraded","damage_taken":0,"max_hp_gain":0,"max_hp_loss":0,"event_name":"Upgrade Shrine","floor":20,"gold_loss":0,"cards_upgraded":["Consume"]},{"damage_healed":14,"gold_gain":0,"player_choice":"Heal","damage_taken":0,"max_hp_gain":0,"max_hp_loss":0,"event_name":"The Library","floor":22,"gold_loss":0}],"is_beta":false,"boss_relics":[{"not_picked":["Coffee Dripper","SlaversCollar"],"picked":"Black Star"}],"items_purged_floors":[],"is_endless":false,"potions_floor_spawned":[6,8,13,16,18,21,24],"killed_by":"Shelled Parasite and Fungi","ascension_level":18}