{"gold_per_floor":[118,118,128,93,93,93,160,173,173,212,212,266,266],"floor_reached":13,"playtime":162,"items_purged":[],"score":150,"play_id":"e83fb259-95fb-4fed-93d1-0b8b143f5a89","local_time":"20210502213838","is_ascension_mode":true,"campfire_choices":[{"data":"Reinforced Body","floor":6,"key":"SMITH"},{"data":"Zap","floor":11,"key":"SMITH"}],"neow_cost":"NONE","seed_source_timestamp":8403251644399,"circlet_count":0,"master_deck":["AscendersBane","Strike_B","Strike_B+1","Strike_B","Strike_B","Defend_B","Defend_B","Defend_B+1","Defend_B","Zap+1","Dualcast","Reinforced Body+1","Streamline","Injury","Redo","Meteor Strike"],"relics":["Cracked Core","NeowsBlessing","Golden Idol","Anchor","Sundial","Regal Pillow"],"potions_floor_usage":[],"damage_taken":[{"damage":0,"enemies":"2 Louse","floor":1,"turns":1},{"damage":0,"enemies":"Small Slimes","floor":3,"turns":1},{"damage":0,"enemies":"Jaw Worm","floor":8,"turns":1},{"damage":40,"enemies":"Gremlin Nob","floor":10,"turns":5},{"damage":22,"enemies":"Lagavulin","floor":13,"turns":5}],"seed_played":"2345967105970891165","potions_obtained":[{"floor":8,"key":"SpeedPotion"}],"is_trial":false,"path_per_floor":["M","?","M","?","?","R","?","M","T","E","R","T","E"],"character_chosen":"DEFECT","items_purchased":[],"campfire_rested":0,"item_purchase_floors":[],"current_hp_per_floor":[64,43,43,60,60,60,60,60,60,20,20,20,0],"gold":266,"neow_bonus":"THREE_ENEMY_KILL","is_prod":false,"is_daily":false,"chose_seed":false,"campfire_upgraded":2,"win_rate":0,"timestamp":1620005918,"path_taken":["M","?","M","?","?","R","?","?","T","E","R","?","E"],"build_version":"2020-12-22","purchased_purges":0,"victory":false,"max_hp_per_floor":[71,71,71,71,71,71,71,71,71,71,71,71,71],"card_choices":[{"not_picked":["Stack","Go for the Eyes"],"picked":"Reinforced Body","floor":1},{"not_picked":["Leap","Cold Snap"],"picked":"Streamline","floor":3},{"not_picked":["Conserve Battery","Go for the Eyes"],"picked":"Redo","floor":8},{"not_picked":["Fusion","Blizzard"],"picked":"Meteor Strike","floor":10}],"player_experience":1414472,"relics_obtained":[{"floor":9,"key":"Anchor"},{"floor":10,"key":"Sundial"},{"floor":12,"key":"Regal Pillow"}],"event_choices":[{"damage_healed":0,"gold_gain":0,"player_choice":"Entered Light","damage_taken":21,"max_hp_gain":0,"max_hp_loss":0,"event_name":"Shining Light","floor":2,"gold_loss":0,"cards_upgraded":["Defend_B","Strike_B"]},{"damage_healed":17,"gold_gain":0,"player_choice":"Healed","damage_taken":0,"max_hp_gain":0,"max_hp_loss":0,"event_name":"The Cleric","floor":4,"gold_loss":35},{"damage_healed":0,"gold_gain":0,"player_choice":"Take Wound","damage_taken":0,"relics_obtained":["Golden Idol"],"max_hp_gain":0,"max_hp_loss":0,"event_name":"Golden Idol","floor":5,"gold_loss":0,"cards_obtained":["Injury"]},{"damage_healed":0,"gold_gain":67,"player_choice":"Gained Gold","damage_taken":0,"max_hp_gain":0,"max_hp_loss":0,"event_name":"Golden Wing","floor":7,"gold_loss":0}],"is_beta":false,"boss_relics":[],"items_purged_floors":[],"is_endless":false,"potions_floor_spawned":[8],"killed_by":"Lagavulin","ascension_level":17}