{"gold_per_floor":[20,37,37,55,55,55,76,109,109,35,48,48,112,188,188,287,287,311,311,311,311,311,347,347,347],"floor_reached":25,"playtime":506,"items_purged":[],"score":512,"play_id":"ca5ed4a5-79b3-41f1-8594-c011cd4f4ce0","local_time":"20210511112150","is_ascension_mode":true,"campfire_choices":[{"data":"Hyperbeam","floor":6,"key":"SMITH"},{"floor":12,"key":"REST"},{"data":"Streamline","floor":15,"key":"SMITH"},{"floor":24,"key":"REST"}],"neow_cost":"NO_GOLD","seed_source_timestamp":22667875319000,"circlet_count":0,"master_deck":["AscendersBane","Strike_B","Strike_B","Strike_B","Strike_B","Defend_B","Defend_B","Defend_B","Defend_B","Zap","Dualcast","Hyperbeam+1","Steam","Streamline+1","Beam Cell","Injury","Melter","Fusion","Echo Form","CurseOfTheBell","White Noise","Stack","Decay","Writhe","Hyperbeam+1"],"relics":["Cracked Core","GremlinMask","Golden Idol","Gremlin Horn","Du-Vu Doll","Prayer Wheel","Calling Bell","Toy Ornithopter","Singing Bowl","Calipers","TungstenRod","Darkstone Periapt"],"potions_floor_usage":[8,16,18,23],"damage_taken":[{"damage":7,"enemies":"Small Slimes","floor":1,"turns":2},{"damage":0,"enemies":"Cultist","floor":2,"turns":3},{"damage":0,"enemies":"2 Louse","floor":4,"turns":1},{"damage":7,"enemies":"2 Fungi Beasts","floor":7,"turns":3},{"damage":36,"enemies":"Gremlin Nob","floor":8,"turns":4},{"damage":2,"enemies":"Large Slime","floor":11,"turns":3},{"damage":4,"enemies":"3 Sentries","floor":14,"turns":2},{"damage":7,"enemies":"Hexaghost","floor":16,"turns":7},{"damage":0,"enemies":"Spheric Guardian","floor":18,"turns":3},{"damage":58,"enemies":"Book of Stabbing","floor":23,"turns":5},{"damage":34,"enemies":"Slavers","floor":25,"turns":2}],"seed_played":"924093397994171891","potions_obtained":[{"floor":2,"key":"BlessingOfTheForge"},{"floor":14,"key":"AttackPotion"},{"floor":16,"key":"Block Potion"},{"floor":18,"key":"CultistPotion"}],"is_trial":false,"path_per_floor":["M","M","?","M","?","R","M","E","T","$","M","R","?","?","R","B",null,"M","?","$","?","?","E","R","E"],"character_chosen":"DEFECT","items_purchased":["Melter"],"campfire_rested":2,"item_purchase_floors":[10],"current_hp_per_floor":[57,57,57,57,57,57,50,14,14,14,12,33,33,29,29,22,59,64,64,64,64,64,13,34,0],"gold":347,"neow_bonus":"THREE_RARE_CARDS","is_prod":false,"is_daily":false,"chose_seed":false,"campfire_upgraded":2,"win_rate":0,"timestamp":1620746510,"path_taken":["M","M","?","?","?","R","M","E","T","$","M","R","?","?","R","BOSS","M","?","$","?","?","E","R","E"],"build_version":"2020-12-22","purchased_purges":0,"victory":false,"max_hp_per_floor":[71,71,71,71,71,71,71,71,71,71,71,71,71,71,71,71,71,71,71,71,71,71,73,73,73],"card_choices":[{"not_picked":["Meteor Strike","Amplify"],"picked":"Hyperbeam","floor":0},{"not_picked":["Hologram","Blizzard"],"picked":"Steam","floor":1},{"not_picked":["Storm","Defragment"],"picked":"Streamline","floor":2},{"not_picked":["Turbo","Steam"],"picked":"Beam Cell","floor":4},{"not_picked":["Loop","Ball Lightning","Compile Driver"],"picked":"SKIP","floor":7},{"not_picked":["Glacier","Consume","Compile Driver"],"picked":"SKIP","floor":8},{"not_picked":["Compile Driver","Darkness"],"picked":"Fusion","floor":11},{"not_picked":["Biased Cognition","Electrodynamics"],"picked":"Echo Form","floor":16},{"not_picked":["Consume","Rebound"],"picked":"White Noise","floor":18},{"not_picked":["Go for the Eyes","Hologram+1"],"picked":"Stack","floor":18},{"not_picked":["Loop+1","Barrage","Thunder Strike"],"picked":"Singing Bowl","floor":23}],"player_experience":1455842,"relics_obtained":[{"floor":8,"key":"Gremlin Horn"},{"floor":9,"key":"Du-Vu Doll"},{"floor":14,"key":"Prayer Wheel"},{"floor":17,"key":"Toy Ornithopter"},{"floor":17,"key":"Singing Bowl"},{"floor":17,"key":"Calipers"},{"floor":23,"key":"Darkstone Periapt"}],"event_choices":[{"damage_healed":0,"gold_gain":0,"player_choice":"Trade","damage_taken":0,"relics_obtained":["GremlinMask"],"max_hp_gain":0,"max_hp_loss":0,"event_name":"FaceTrader","floor":3,"gold_loss":0},{"damage_healed":0,"gold_gain":0,"player_choice":"Take Wound","damage_taken":0,"relics_obtained":["Golden Idol"],"max_hp_gain":0,"max_hp_loss":0,"event_name":"Golden Idol","floor":5,"gold_loss":0,"cards_obtained":["Injury"]},{"damage_healed":0,"gold_gain":64,"player_choice":"Gained Gold","damage_taken":0,"max_hp_gain":0,"max_hp_loss":0,"event_name":"Golden Wing","floor":13,"gold_loss":0},{"damage_healed":0,"gold_gain":0,"player_choice":"Searched \u00272\u0027 times","damage_taken":0,"max_hp_gain":0,"max_hp_loss":0,"event_name":"Dead Adventurer","floor":14,"gold_loss":0},{"damage_healed":0,"gold_gain":0,"player_choice":"Smashed Altar","damage_taken":0,"max_hp_gain":0,"max_hp_loss":0,"event_name":"Forgotten Altar","floor":19,"gold_loss":0,"cards_obtained":["Decay"]},{"damage_healed":0,"gold_gain":0,"player_choice":"Opened","damage_taken":0,"relics_obtained":["TungstenRod"],"max_hp_gain":0,"max_hp_loss":0,"event_name":"The Mausoleum","floor":21,"gold_loss":0,"cards_obtained":["Writhe"]},{"damage_healed":0,"gold_gain":0,"player_choice":"Copied","damage_taken":0,"max_hp_gain":0,"max_hp_loss":0,"event_name":"Duplicator","floor":22,"gold_loss":0,"cards_obtained":["Hyperbeam"]}],"is_beta":false,"boss_relics":[{"not_picked":["FrozenCore","Coffee Dripper"],"picked":"Calling Bell"}],"items_purged_floors":[],"is_endless":false,"potions_floor_spawned":[2,14,16,18],"killed_by":"Slavers","ascension_level":18}