{"gold_per_floor":[110,110,35,51,51,89,89,125,206,220,236,274,287,287,287,382,382,395,395,148,166,166,166],"floor_reached":23,"playtime":704,"items_purged":["Regret"],"score":445,"play_id":"53715a37-f1b6-4561-846c-e6fefe60ff5f","local_time":"20210507130743","is_ascension_mode":true,"campfire_choices":[{"data":"Consume","floor":7,"key":"SMITH"},{"floor":15,"key":"REST"}],"neow_cost":"NONE","seed_source_timestamp":1465499309500,"circlet_count":0,"master_deck":["AscendersBane","Strike_B","Strike_B","Strike_B","Strike_B","Defend_B","Defend_B","Defend_B","Defend_B","Zap","Dualcast","Auto Shields","Streamline","Consume+1","Loop","Glacier","Melter","Sweeping Beam","Buffer+1","Stack","Self Repair+1"],"relics":["Cracked Core","NeowsBlessing","Orichalcum","Golden Idol","Oddly Smooth Stone","Matryoshka","Cables","Frozen Egg 2","Blue Candle","Coffee Dripper","DataDisk","Ancient Tea Set","Kunai"],"potions_floor_usage":[18,19,23],"damage_taken":[{"damage":0,"enemies":"Jaw Worm","floor":1,"turns":1},{"damage":0,"enemies":"2 Louse","floor":4,"turns":1},{"damage":0,"enemies":"3 Sentries","floor":6,"turns":1},{"damage":35,"enemies":"Gremlin Nob","floor":8,"turns":5},{"damage":0,"enemies":"Cultist","floor":10,"turns":3},{"damage":2,"enemies":"Exordium Thugs","floor":11,"turns":7},{"damage":10,"enemies":"3 Sentries","floor":12,"turns":11},{"damage":0,"enemies":"2 Fungi Beasts","floor":13,"turns":3},{"damage":17,"enemies":"The Guardian","floor":16,"turns":9},{"damage":0,"enemies":"Spheric Guardian","floor":18,"turns":2},{"damage":34,"enemies":"2 Thieves","floor":21,"turns":4},{"damage":58,"enemies":"Gremlin Leader","floor":23,"turns":8}],"seed_played":"199753198322789552","potions_obtained":[{"floor":1,"key":"LiquidMemories"},{"floor":8,"key":"ColorlessPotion"},{"floor":18,"key":"Fruit Juice"},{"floor":19,"key":"Fruit Juice"},{"floor":19,"key":"SmokeBomb"}],"is_trial":false,"path_per_floor":["M","?","$","M","?","E","R","E","T","M","M","E","M","?","R","B",null,"M","?","$","M","T","E"],"character_chosen":"DEFECT","items_purchased":["Self Repair+1","DataDisk"],"campfire_rested":1,"item_purchase_floors":[20,20],"current_hp_per_floor":[64,64,64,64,64,64,64,29,29,29,27,17,17,10,31,14,57,62,67,67,43,43,0],"gold":166,"neow_bonus":"THREE_ENEMY_KILL","is_prod":false,"is_daily":false,"chose_seed":false,"campfire_upgraded":1,"win_rate":0,"timestamp":1620407263,"path_taken":["M","?","$","M","?","E","R","E","T","M","M","E","M","?","R","BOSS","M","?","$","?","?","E"],"build_version":"2020-12-22","purchased_purges":1,"victory":false,"max_hp_per_floor":[71,71,71,71,71,71,71,71,71,71,71,71,71,71,71,71,71,76,81,81,81,81,81],"card_choices":[{"not_picked":["Coolheaded","Rebound"],"picked":"Auto Shields","floor":1},{"not_picked":["Sweeping Beam","Beam Cell"],"picked":"Streamline","floor":4},{"not_picked":["Force Field","Leap"],"picked":"Consume","floor":6},{"not_picked":["Compile Driver","Barrage"],"picked":"Loop","floor":8},{"not_picked":["Tempest","Steam"],"picked":"Glacier","floor":10},{"not_picked":["Steam","Conserve Battery","Go for the Eyes"],"picked":"SKIP","floor":11},{"not_picked":["Hologram","Conserve Battery"],"picked":"Melter","floor":12},{"not_picked":["Steam","Reinforced Body"],"picked":"Sweeping Beam","floor":13},{"not_picked":["Hyperbeam","Meteor Strike"],"picked":"Buffer+1","floor":16},{"not_picked":["Gash+1","Doom and Gloom"],"picked":"Stack","floor":18},{"not_picked":["Steam","Streamline","Hologram+1"],"picked":"SKIP","floor":21}],"player_experience":1446414,"relics_obtained":[{"floor":6,"key":"Oddly Smooth Stone"},{"floor":8,"key":"Matryoshka"},{"floor":9,"key":"Cables"},{"floor":9,"key":"Frozen Egg 2"},{"floor":12,"key":"Blue Candle"},{"floor":22,"key":"Ancient Tea Set"},{"floor":22,"key":"Kunai"}],"event_choices":[{"damage_healed":0,"gold_gain":0,"player_choice":"Box","damage_taken":0,"relics_obtained":["Orichalcum"],"max_hp_gain":0,"max_hp_loss":0,"event_name":"Big Fish","floor":2,"gold_loss":0,"cards_obtained":["Regret"]},{"damage_healed":0,"gold_gain":0,"player_choice":"Take Wound","damage_taken":0,"relics_obtained":["Golden Idol"],"max_hp_gain":0,"max_hp_loss":0,"event_name":"Golden Idol","floor":5,"gold_loss":0,"cards_obtained":["Injury"]},{"cards_removed":["Injury"],"damage_healed":0,"gold_gain":0,"player_choice":"Card Removal","damage_taken":7,"max_hp_gain":0,"max_hp_loss":0,"event_name":"Golden Wing","floor":14,"gold_loss":0},{"damage_healed":0,"gold_gain":0,"player_choice":"Got Potions","damage_taken":0,"max_hp_gain":0,"max_hp_loss":0,"event_name":"Lab","floor":19,"gold_loss":0}],"is_beta":false,"boss_relics":[{"not_picked":["Pandora\u0027s Box","Sozu"],"picked":"Coffee Dripper"}],"items_purged_floors":[3],"is_endless":false,"potions_floor_spawned":[1,8,18],"killed_by":"Gremlin Leader","ascension_level":18}