{"gold_per_floor":[111,111,122,64,83,118,40,74,74,74],"floor_reached":10,"playtime":294,"items_purged":[],"score":144,"play_id":"36d04b73-8308-4337-a811-35c0c58b9ef5","local_time":"20210507185729","is_ascension_mode":true,"campfire_choices":[],"neow_cost":"NONE","seed_source_timestamp":22862172685400,"circlet_count":0,"master_deck":["AscendersBane","Strike_B","Strike_B","Strike_B","Strike_B","Defend_B","Defend_B","Defend_B","Defend_B","Zap","Dualcast","Sweeping Beam","Scrape","Gash","Go for the Eyes","Genetic Algorithm","Sunder","Beam Cell"],"relics":["Cracked Core","NeowsBlessing","Kunai","Dead Branch","Thread and Needle","Emotion Chip"],"potions_floor_usage":[],"damage_taken":[{"damage":0,"enemies":"Small Slimes","floor":1,"turns":1},{"damage":0,"enemies":"Cultist","floor":3,"turns":1},{"damage":0,"enemies":"2 Louse","floor":5,"turns":1},{"damage":29,"enemies":"3 Sentries","floor":6,"turns":7},{"damage":17,"enemies":"Lagavulin","floor":8,"turns":6},{"damage":26,"enemies":"Gremlin Nob","floor":10,"turns":3}],"seed_played":"-9033582302140715485","potions_obtained":[{"floor":1,"key":"EssenceOfSteel"},{"floor":6,"key":"EssenceOfSteel"}],"is_trial":false,"path_per_floor":["M","?","M","$","M","E","$","E","T","E"],"character_chosen":"DEFECT","items_purchased":["Gash","Sunder"],"campfire_rested":0,"item_purchase_floors":[4,7],"current_hp_per_floor":[64,64,64,64,64,35,35,18,18,0],"gold":74,"neow_bonus":"THREE_ENEMY_KILL","is_prod":false,"is_daily":false,"chose_seed":false,"campfire_upgraded":0,"win_rate":0,"timestamp":1620428249,"path_taken":["M","?","M","$","?","E","?","E","T","E"],"build_version":"2020-12-22","purchased_purges":0,"victory":false,"max_hp_per_floor":[71,71,71,71,71,71,71,71,71,71],"card_choices":[{"not_picked":["Blizzard","Turbo"],"picked":"Sweeping Beam","floor":1},{"not_picked":["Beam Cell","Redo"],"picked":"Scrape","floor":3},{"not_picked":["Coolheaded","Turbo"],"picked":"Go for the Eyes","floor":5},{"not_picked":["Conserve Battery","Leap"],"picked":"Genetic Algorithm","floor":6},{"not_picked":["Heatsinks","Cold Snap"],"picked":"Beam Cell","floor":8}],"player_experience":1448448,"relics_obtained":[{"floor":6,"key":"Dead Branch"},{"floor":8,"key":"Thread and Needle"},{"floor":9,"key":"Emotion Chip"}],"event_choices":[{"damage_healed":0,"gold_gain":0,"player_choice":"Gave Potion","damage_taken":0,"relics_obtained":["Kunai"],"max_hp_gain":0,"max_hp_loss":0,"event_name":"WeMeetAgain","floor":2,"gold_loss":0}],"is_beta":false,"boss_relics":[],"items_purged_floors":[],"is_endless":false,"potions_floor_spawned":[1,6],"killed_by":"Gremlin Nob","ascension_level":18}