{"gold_per_floor":[110,35,310,320,320,320,346,346,346,357,0,29,40,51,51,51],"floor_reached":16,"playtime":554,"items_purged":["Regret"],"score":209,"play_id":"6f94e9b4-e7d4-4a10-a9a8-2e7f3ec4f56f","local_time":"20210510213543","is_ascension_mode":true,"campfire_choices":[{"data":"Doom and Gloom","floor":6,"key":"SMITH"},{"floor":8,"key":"REST"},{"data":"Fusion","floor":15,"key":"SMITH"}],"neow_cost":"CURSE","seed_source_timestamp":60946159081700,"circlet_count":0,"master_deck":["AscendersBane","Strike_B","Strike_B","Strike_B","Defend_B","Defend_B","Defend_B","Zap","Dualcast","BootSequence","Consume","Sunder+1","Doom and Gloom+1","Cold Snap","Glacier","Tempest","Fusion+1","Compile Driver"],"relics":["Cracked Core","Meat on the Bone","Darkstone Periapt","White Beast Statue","Bottled Flame"],"potions_floor_usage":[10,16,16],"damage_taken":[{"damage":3,"enemies":"2 Louse","floor":1,"turns":3},{"damage":3,"enemies":"Small Slimes","floor":4,"turns":3},{"damage":37,"enemies":"3 Sentries","floor":7,"turns":5},{"damage":5,"enemies":"Cultist","floor":10,"turns":3},{"damage":22,"enemies":"Lagavulin","floor":12,"turns":6},{"damage":8,"enemies":"Blue Slaver","floor":13,"turns":3},{"damage":7,"enemies":"Exordium Thugs","floor":14,"turns":4},{"damage":48,"enemies":"Hexaghost","floor":16,"turns":14}],"seed_played":"-4128815065512277258","potions_obtained":[{"floor":10,"key":"Fruit Juice"},{"floor":12,"key":"PowerPotion"},{"floor":13,"key":"BlessingOfTheForge"}],"is_trial":false,"path_per_floor":["M","?","?","M","?","R","E","R","T","M","$","E","M","M","R","B"],"character_chosen":"DEFECT","items_purchased":["White Beast Statue"],"campfire_rested":1,"item_purchase_floors":[11],"current_hp_per_floor":[61,61,61,58,58,58,21,42,42,42,42,32,36,41,41,0],"gold":51,"neow_bonus":"TRANSFORM_TWO_CARDS","is_prod":false,"is_daily":false,"chose_seed":false,"campfire_upgraded":2,"win_rate":0,"timestamp":1620696943,"path_taken":["M","?","?","?","?","R","E","R","T","M","?","E","M","M","R","BOSS"],"build_version":"2020-12-22","purchased_purges":1,"victory":false,"max_hp_per_floor":[71,71,71,71,71,71,71,71,71,76,76,76,76,76,76,76],"card_choices":[{"not_picked":["Turbo","Leap"],"picked":"Sunder","floor":1},{"not_picked":["Consume","Heatsinks"],"picked":"Doom and Gloom","floor":4},{"not_picked":["Loop","Chill"],"picked":"Cold Snap","floor":7},{"not_picked":["Hologram","Gash"],"picked":"Glacier","floor":10},{"not_picked":["Chill","Go for the Eyes"],"picked":"Tempest","floor":12},{"not_picked":["Steam Power","Rebound"],"picked":"Fusion","floor":13},{"not_picked":["Sweeping Beam","Coolheaded"],"picked":"Compile Driver","floor":14}],"player_experience":1453443,"relics_obtained":[{"floor":7,"key":"Meat on the Bone"},{"floor":9,"key":"Darkstone Periapt"},{"floor":12,"key":"Bottled Flame"}],"event_choices":[{"cards_removed":["Decay"],"damage_healed":0,"gold_gain":0,"player_choice":"Card Removal","damage_taken":0,"max_hp_gain":0,"max_hp_loss":0,"event_name":"The Cleric","floor":2,"gold_loss":75},{"damage_healed":0,"gold_gain":275,"player_choice":"Desecrate","damage_taken":0,"max_hp_gain":0,"max_hp_loss":0,"event_name":"Golden Shrine","floor":3,"gold_loss":0,"cards_obtained":["Regret"]},{"damage_healed":0,"gold_gain":0,"player_choice":"Upgraded","damage_taken":0,"max_hp_gain":0,"max_hp_loss":0,"event_name":"Upgrade Shrine","floor":5,"gold_loss":0,"cards_upgraded":["Sunder"]}],"is_beta":false,"boss_relics":[],"items_purged_floors":[11],"is_endless":false,"potions_floor_spawned":[10,12,13,14],"killed_by":"Hexaghost","ascension_level":18}