{"gold_per_floor":[116,116,35,35,35,78,91,91,91,126,126,169,169,204,204,294,294,309,332,332,332,118,118,162,162,162,186,186],"floor_reached":28,"playtime":699,"items_purged":[],"score":542,"play_id":"b02d41b4-3a1a-4caa-9059-85472c1d44fe","local_time":"20210504121612","is_ascension_mode":true,"campfire_choices":[{"data":"Zap","floor":8,"key":"SMITH"},{"data":"Sweeping Beam","floor":11,"key":"SMITH"},{"floor":13,"key":"REST"},{"data":"Tempest","floor":15,"key":"SMITH"},{"floor":23,"key":"REST"},{"floor":25,"key":"REST"}],"neow_cost":"NONE","seed_source_timestamp":8155626824400,"circlet_count":0,"master_deck":["AscendersBane","Strike_B","Strike_B","Strike_B","Strike_B","Defend_B","Defend_B","Defend_B","Defend_B","Zap+1","Dualcast","Ball Lightning","Meteor Strike","Sweeping Beam+1","Beam Cell","Capacitor","Tempest+1","Compile Driver","Creative AI","Sunder","Defragment","Conserve Battery","Doubt","Auto Shields+1"],"relics":["Cracked Core","NeowsBlessing","Golden Idol","Gremlin Horn","Emotion Chip","Bronze Scales","PreservedInsect","Kunai","Cursed Key","Enchiridion","Orichalcum","Meat on the Bone","Bag of Marbles"],"potions_floor_usage":[24,27],"damage_taken":[{"damage":0,"enemies":"Small Slimes","floor":1,"turns":1},{"damage":0,"enemies":"3 Sentries","floor":6,"turns":1},{"damage":0,"enemies":"Jaw Worm","floor":7,"turns":1},{"damage":11,"enemies":"Gremlin Nob","floor":10,"turns":3},{"damage":25,"enemies":"Lagavulin","floor":12,"turns":5},{"damage":15,"enemies":"3 Sentries","floor":14,"turns":3},{"damage":28,"enemies":"The Guardian","floor":16,"turns":8},{"damage":27,"enemies":"Shell Parasite","floor":18,"turns":3},{"damage":18,"enemies":"Chosen","floor":19,"turns":4},{"damage":19,"enemies":"Book of Stabbing","floor":24,"turns":3},{"damage":9,"enemies":"Centurion and Healer","floor":27,"turns":5},{"damage":31,"enemies":"Slavers","floor":28,"turns":3}],"seed_played":"-5098421661867103762","potions_obtained":[{"floor":12,"key":"Ancient Potion"},{"floor":14,"key":"LiquidBronze"},{"floor":19,"key":"Dexterity Potion"}],"is_trial":false,"path_per_floor":["M","?","$","?","$","E","M","R","T","E","R","E","R","E","R","B",null,"M","M","?","?","$","R","E","R","T","M","E"],"character_chosen":"DEFECT","items_purchased":["Meteor Strike","Conserve Battery","Orichalcum"],"campfire_rested":3,"item_purchase_floors":[3,22,22],"current_hp_per_floor":[64,64,64,64,64,64,64,64,64,53,53,28,49,34,34,6,55,28,10,24,3,3,24,5,26,26,29,0],"gold":186,"neow_bonus":"THREE_ENEMY_KILL","is_prod":false,"is_daily":false,"chose_seed":false,"campfire_upgraded":3,"win_rate":0,"timestamp":1620144972,"path_taken":["M","?","$","?","?","E","?","R","T","E","R","E","R","E","R","BOSS","M","M","?","?","$","R","E","R","T","M","E"],"build_version":"2020-12-22","purchased_purges":0,"victory":false,"max_hp_per_floor":[71,71,71,71,71,71,71,71,71,71,71,71,71,71,71,71,71,71,71,71,71,71,71,71,71,71,71,71],"card_choices":[{"not_picked":["Heatsinks","Cold Snap"],"picked":"Ball Lightning","floor":1},{"not_picked":["Gash","Go for the Eyes"],"picked":"Sweeping Beam","floor":6},{"not_picked":["Rebound","Barrage"],"picked":"Beam Cell","floor":7},{"not_picked":["Reboot","Stack"],"picked":"Capacitor","floor":10},{"not_picked":["Conserve Battery","Gash"],"picked":"Tempest","floor":12},{"not_picked":["Redo","Skim"],"picked":"Compile Driver","floor":14},{"not_picked":["Reboot","Multi-Cast"],"picked":"Creative AI","floor":16},{"not_picked":["Tempest","Barrage"],"picked":"Sunder","floor":18},{"not_picked":["Reprogram","Steam Power"],"picked":"Defragment","floor":19},{"not_picked":["Gash","Go for the Eyes","Beam Cell"],"picked":"SKIP","floor":24},{"not_picked":["Turbo","Gash+1"],"picked":"Auto Shields+1","floor":27}],"player_experience":1419825,"relics_obtained":[{"floor":6,"key":"Gremlin Horn"},{"floor":9,"key":"Emotion Chip"},{"floor":10,"key":"Bronze Scales"},{"floor":12,"key":"PreservedInsect"},{"floor":14,"key":"Kunai"},{"floor":21,"key":"Enchiridion"},{"floor":24,"key":"Meat on the Bone"},{"floor":26,"key":"Bag of Marbles"}],"event_choices":[{"damage_healed":0,"gold_gain":0,"player_choice":"Take Wound","damage_taken":0,"relics_obtained":["Golden Idol"],"max_hp_gain":0,"max_hp_loss":0,"event_name":"Golden Idol","floor":2,"gold_loss":0,"cards_obtained":["Injury"]},{"cards_removed":["Injury"],"damage_healed":0,"gold_gain":0,"player_choice":"Forget","damage_taken":0,"max_hp_gain":0,"max_hp_loss":0,"event_name":"Living Wall","floor":4,"gold_loss":0},{"damage_healed":14,"gold_gain":0,"player_choice":"Heal","damage_taken":0,"max_hp_gain":0,"max_hp_loss":0,"event_name":"The Library","floor":20,"gold_loss":0},{"damage_healed":0,"gold_gain":0,"player_choice":"Obtained Book","damage_taken":21,"max_hp_gain":0,"max_hp_loss":0,"event_name":"Cursed Tome","floor":21,"gold_loss":0}],"is_beta":false,"boss_relics":[{"not_picked":["Coffee Dripper","Tiny House"],"picked":"Cursed Key"}],"items_purged_floors":[],"is_endless":false,"potions_floor_spawned":[12,14,16,19],"killed_by":"Slavers","ascension_level":18}