{"gold_per_floor":[116,116,116,266,289,320,320,320,320,345,389,389,412,412],"floor_reached":14,"playtime":262,"items_purged":[],"score":334,"play_id":"a0dcebb2-176c-4714-8298-43068ba882b0","local_time":"20210507124300","is_ascension_mode":true,"campfire_choices":[{"data":"Zap","floor":7,"key":"SMITH"},{"floor":12,"key":"REST"}],"neow_cost":"NONE","seed_source_timestamp":425719567400,"circlet_count":0,"master_deck":["AscendersBane","Strike_B","Strike_B","Strike_B","Strike_B","Defend_B","Defend_B","Defend_B","Defend_B","Zap+1","Dualcast","Sweeping Beam","Regret","Injury","Doubt","Conserve Battery","Gash","Decay","Ball Lightning","Reboot","Gash"],"relics":["Cracked Core","NeowsBlessing","Boot","Golden Idol","Blood Vial","Symbiotic Virus","Calipers"],"potions_floor_usage":[14,14],"damage_taken":[{"damage":0,"enemies":"2 Louse","floor":1,"turns":1},{"damage":0,"enemies":"Small Slimes","floor":5,"turns":1},{"damage":3,"enemies":"Lagavulin","floor":6,"turns":2},{"damage":6,"enemies":"Cultist","floor":10,"turns":3},{"damage":42,"enemies":"3 Sentries","floor":11,"turns":7},{"damage":11,"enemies":"Red Slaver","floor":13,"turns":2},{"damage":57,"enemies":"Gremlin Nob","floor":14,"turns":4}],"seed_played":"-2798829184438646948","potions_obtained":[{"floor":10,"key":"Weak Potion"},{"floor":13,"key":"FocusPotion"}],"is_trial":false,"path_per_floor":["M","?","?","?","M","E","R","?","T","M","E","R","M","E"],"character_chosen":"DEFECT","items_purchased":[],"campfire_rested":1,"item_purchase_floors":[],"current_hp_per_floor":[64,64,64,64,64,61,61,61,61,57,17,38,29,0],"gold":412,"neow_bonus":"THREE_ENEMY_KILL","is_prod":false,"is_daily":false,"chose_seed":false,"campfire_upgraded":1,"win_rate":0,"timestamp":1620405780,"path_taken":["M","?","?","?","M","E","R","?","T","?","E","R","M","E"],"build_version":"2020-12-22","purchased_purges":0,"victory":false,"max_hp_per_floor":[71,71,71,71,71,71,71,71,71,71,71,71,71,71],"card_choices":[{"not_picked":["Leap","Conserve Battery"],"picked":"Sweeping Beam","floor":1},{"not_picked":["Heatsinks","Compile Driver"],"picked":"Conserve Battery","floor":5},{"not_picked":["Steam","Loop"],"picked":"Gash","floor":6},{"not_picked":["Steam","Redo"],"picked":"Ball Lightning","floor":10},{"not_picked":["Streamline","Sweeping Beam"],"picked":"Reboot","floor":11},{"not_picked":["Loop","Redo"],"picked":"Gash","floor":13}],"player_experience":1445437,"relics_obtained":[{"floor":6,"key":"Blood Vial"},{"floor":9,"key":"Symbiotic Virus"},{"floor":11,"key":"Calipers"}],"event_choices":[{"damage_healed":0,"gold_gain":0,"player_choice":"Box","damage_taken":0,"relics_obtained":["Boot"],"max_hp_gain":0,"max_hp_loss":0,"event_name":"Big Fish","floor":2,"gold_loss":0,"cards_obtained":["Regret"]},{"damage_healed":0,"gold_gain":0,"player_choice":"Take Wound","damage_taken":0,"relics_obtained":["Golden Idol"],"max_hp_gain":0,"max_hp_loss":0,"event_name":"Golden Idol","floor":3,"gold_loss":0,"cards_obtained":["Injury"]},{"damage_healed":0,"gold_gain":150,"player_choice":"AGREE","damage_taken":0,"max_hp_gain":0,"max_hp_loss":0,"event_name":"Liars Game","floor":4,"gold_loss":0,"cards_obtained":["Doubt"]},{"damage_healed":0,"gold_gain":0,"player_choice":"Cursed","damage_taken":0,"max_hp_gain":0,"max_hp_loss":0,"event_name":"Wheel of Change","floor":8,"gold_loss":0,"cards_obtained":["Decay"]}],"is_beta":false,"boss_relics":[],"items_purged_floors":[],"is_endless":false,"potions_floor_spawned":[10,13],"killed_by":"Gremlin Nob","ascension_level":18}