{"gold_per_floor":[113,132,57,57,207,207,232,252,279,309,309,319,344,344,344,418,418,431,431,6,6,6,6,6],"floor_reached":24,"playtime":599,"items_purged":["Doubt"],"score":450,"play_id":"a0c23c9e-a2f4-4f4e-9d5d-b16fe5ae8f51","local_time":"20210507132608","is_ascension_mode":true,"campfire_choices":[{"data":"Streamline","floor":6,"key":"SMITH"},{"data":"Hologram","floor":15,"key":"SMITH"},{"data":"Metamorphosis","floor":23,"key":"SMITH"}],"neow_cost":"NONE","seed_source_timestamp":2661963177400,"circlet_count":0,"master_deck":["AscendersBane","Strike_B+1","Strike_B+1","Strike_B","Defend_B","Defend_B","Defend_B+1","Defend_B","Zap","Dualcast","Streamline+1","Gash","Recycle","Hologram+1","Rebound","Gash","Hologram+1","Electrodynamics","Coolheaded+1","Metamorphosis+1"],"special_seed":0,"relics":["Cracked Core","NeowsBlessing","Toy Ornithopter","Whetstone","Thread and Needle","Regal Pillow","Nuclear Battery","War Paint"],"potions_floor_usage":[10,14,24],"damage_taken":[{"damage":0,"enemies":"2 Louse","floor":1,"turns":1},{"damage":0,"enemies":"Small Slimes","floor":2,"turns":1},{"damage":0,"enemies":"Gremlin Nob","floor":7,"turns":1},{"damage":1,"enemies":"Cultist","floor":8,"turns":3},{"damage":42,"enemies":"3 Sentries","floor":10,"turns":7},{"damage":5,"enemies":"3 Louse","floor":12,"turns":2},{"damage":2,"enemies":"Gremlin Nob","floor":13,"turns":3},{"damage":0,"enemies":"2 Fungi Beasts","floor":14,"turns":1},{"damage":44,"enemies":"The Guardian","floor":16,"turns":10},{"damage":13,"enemies":"2 Thieves","floor":18,"turns":4},{"damage":60,"enemies":"Gremlin Leader","floor":24,"turns":5}],"seed_played":"7527760057606405770","potions_obtained":[{"floor":8,"key":"SneckoOil"},{"floor":12,"key":"SmokeBomb"},{"floor":19,"key":"Energy Potion"},{"floor":19,"key":"BlessingOfTheForge"}],"is_trial":false,"path_per_floor":["M","M","?","$","?","R","E","M","T","E","?","M","E","M","R","B",null,"M","?","$","?","$","R","E"],"character_chosen":"DEFECT","items_purchased":["War Paint","Metamorphosis"],"campfire_rested":0,"item_purchase_floors":[20,20],"current_hp_per_floor":[64,64,64,64,64,64,64,63,63,26,49,44,42,47,47,3,54,41,41,41,41,41,41,0],"gold":6,"neow_bonus":"THREE_ENEMY_KILL","is_prod":false,"is_daily":false,"chose_seed":false,"campfire_upgraded":3,"win_rate":0,"timestamp":1620408368,"path_taken":["M","M","?","$","?","R","E","M","T","E","?","M","E","M","R","BOSS","M","?","?","?","$","R","E"],"build_version":"2020-12-22","purchased_purges":1,"victory":false,"max_hp_per_floor":[71,71,71,71,71,71,71,71,71,71,71,71,71,71,71,71,71,71,71,71,71,71,71,71],"card_choices":[{"not_picked":["Cold Snap","Loop"],"picked":"Streamline","floor":1},{"not_picked":["Steam","Stack"],"picked":"Gash","floor":2},{"not_picked":["Storm","Turbo"],"picked":"Recycle","floor":7},{"not_picked":["Cold Snap","Beam Cell"],"picked":"Hologram","floor":8},{"not_picked":["Ball Lightning","Creative AI"],"picked":"Rebound","floor":10},{"not_picked":["Rebound","Consume"],"picked":"Gash","floor":12},{"not_picked":["Streamline","Sweeping Beam"],"picked":"Hologram","floor":13},{"not_picked":["Thunder Strike","Rainbow"],"picked":"Electrodynamics","floor":16},{"not_picked":["BootSequence","Chill"],"picked":"Coolheaded+1","floor":18}],"player_experience":1447558,"relics_obtained":[{"floor":7,"key":"Toy Ornithopter"},{"floor":9,"key":"Whetstone"},{"floor":10,"key":"Thread and Needle"},{"floor":13,"key":"Regal Pillow"}],"event_choices":[{"cards_removed":["Strike_B"],"damage_healed":0,"gold_gain":0,"player_choice":"Card Removal","damage_taken":0,"max_hp_gain":0,"max_hp_loss":0,"event_name":"The Cleric","floor":3,"gold_loss":75},{"damage_healed":0,"gold_gain":150,"player_choice":"AGREE","damage_taken":0,"max_hp_gain":0,"max_hp_loss":0,"event_name":"Liars Game","floor":5,"gold_loss":0,"cards_obtained":["Doubt"]},{"damage_healed":23,"gold_gain":0,"player_choice":"Banana","damage_taken":0,"max_hp_gain":0,"max_hp_loss":0,"event_name":"Big Fish","floor":11,"gold_loss":0},{"damage_healed":0,"gold_gain":0,"player_choice":"Got Potions","damage_taken":0,"max_hp_gain":0,"max_hp_loss":0,"event_name":"Lab","floor":19,"gold_loss":0},{"damage_healed":0,"gold_gain":0,"player_choice":"Ignored","damage_taken":0,"max_hp_gain":0,"max_hp_loss":0,"event_name":"Ghosts","floor":21,"gold_loss":0}],"is_beta":false,"boss_relics":[{"not_picked":["Runic Dome","Philosopher\u0027s Stone"],"picked":"Nuclear Battery"}],"items_purged_floors":[20],"is_endless":false,"potions_floor_spawned":[8,12,14],"killed_by":"Gremlin Leader","ascension_level":18}