{"gold_per_floor":[118,118,136,154,154,182,197,197,275,319,72,72,93,121,121,197,197,223,61,106,31,56,56,86,95,95,120,48,48,66,100,100,183,183,212,212,261,1278,578,578,578,578],"floor_reached":42,"playtime":2103,"items_purged":["Pain","Normality"],"score":886,"play_id":"4a6835a7-61a1-49dc-9e15-3ba77c6baefd","local_time":"20210504172403","is_ascension_mode":true,"campfire_choices":[{"data":"Reprogram","floor":8,"key":"SMITH"},{"data":"Echo Form","floor":15,"key":"SMITH"},{"data":"Echo Form","floor":23,"key":"SMITH"},{"data":"Double Energy","floor":29,"key":"SMITH"},{"floor":32,"key":"REST"},{"data":"Fission","floor":40,"key":"SMITH"}],"neow_cost":"TEN_PERCENT_HP_LOSS","seed_source_timestamp":25221844874100,"circlet_count":0,"master_deck":["AscendersBane","Defend_B","Defend_B","Defend_B","Zap","Dualcast","Streamline","All For One","Fission+1","Steam","Hello World","Beam Cell","Echo Form+1","Go for the Eyes","Reprogram+1","Chill","Echo Form+1","Gash","Steam Power","Streamline+1","Bite","Bite","Bite","Bite","Writhe","Self Repair+1","Double Energy+1","Recycle","All For One","Beam Cell","Hologram","Normality","Enlightenment"],"relics":["FrozenCore","Prayer Wheel","WarpedTongs","Thread and Needle","Pear","CeramicFish","Ancient Tea Set","Sozu","PreservedInsect","Bag of Marbles","Blood Vial","MealTicket","Symbiotic Virus","Orichalcum","WingedGreaves","Art of War","PrismaticShard","Nunchaku"],"potions_floor_usage":[6,10],"damage_taken":[{"damage":1,"enemies":"Cultist","floor":1,"turns":3},{"damage":1,"enemies":"2 Louse","floor":3,"turns":2},{"damage":1,"enemies":"Jaw Worm","floor":4,"turns":3},{"damage":10,"enemies":"3 Sentries","floor":6,"turns":4},{"damage":5,"enemies":"2 Fungi Beasts","floor":7,"turns":5},{"damage":7,"enemies":"Lagavulin","floor":10,"turns":4},{"damage":0,"enemies":"Blue Slaver","floor":13,"turns":3},{"damage":0,"enemies":"3 Louse","floor":14,"turns":3},{"damage":12,"enemies":"The Guardian","floor":16,"turns":9},{"damage":7,"enemies":"3 Byrds","floor":18,"turns":6},{"damage":19,"enemies":"Gremlin Leader","floor":24,"turns":6},{"damage":22,"enemies":"2 Thieves","floor":27,"turns":4},{"damage":20,"enemies":"Centurion and Healer","floor":30,"turns":5},{"damage":41,"enemies":"Slavers","floor":31,"turns":7},{"damage":23,"enemies":"Champ","floor":33,"turns":7},{"damage":23,"enemies":"3 Darklings","floor":35,"turns":7},{"damage":34,"enemies":"2 Orb Walkers","floor":37,"turns":5},{"damage":77,"enemies":"Reptomancer","floor":42,"turns":3}],"seed_played":"-1945509773706654479","potions_obtained":[{"floor":3,"key":"PowerPotion"},{"floor":4,"key":"EssenceOfDarkness"},{"floor":10,"key":"SteroidPotion"},{"floor":14,"key":"SpeedPotion"}],"is_trial":false,"path_per_floor":["M","?","M","M","?","E","M","R","T","E","$","?","M","M","R","B",null,"M","$","?","?","T","R","E","?","T","M","$","R","M","E","R","B",null,"M","?","?","?","$","R","?","E"],"character_chosen":"DEFECT","items_purchased":["Ancient Tea Set","PreservedInsect","Double Energy","Art of War","PrismaticShard","Nunchaku","Enlightenment"],"campfire_rested":1,"item_purchase_floors":[11,19,28,39,39,39,39],"current_hp_per_floor":[63,63,62,61,61,51,46,46,56,49,49,54,54,54,54,42,70,63,63,55,55,55,55,44,44,44,30,45,45,37,22,38,52,54,55,55,36,36,51,51,51,0],"gold":578,"neow_bonus":"ONE_RARE_RELIC","is_prod":false,"is_daily":false,"chose_seed":false,"campfire_upgraded":5,"win_rate":0,"timestamp":1620163443,"path_taken":["M","?","?","M","?","E","?","R","T","E","?","?","M","M","R","BOSS","M","$","?","?","?","R","E","?","T","M","$","R","M","E","R","BOSS","M","?","?","?","$","R","?","E"],"build_version":"2020-12-22","purchased_purges":2,"victory":false,"max_hp_per_floor":[64,64,64,64,64,64,64,64,74,74,74,79,79,79,79,79,79,79,79,55,55,55,55,55,55,55,55,55,55,55,55,55,55,55,55,55,55,55,55,55,55,55],"card_choices":[{"not_picked":["Steam","Cold Snap"],"picked":"Streamline","floor":1},{"not_picked":["Conserve Battery","Barrage"],"picked":"All For One","floor":1},{"not_picked":["Compile Driver","Streamline"],"picked":"Steam","floor":3},{"not_picked":["Cold Snap","Sweeping Beam"],"picked":"Hello World","floor":3},{"not_picked":["Ball Lightning","Go for the Eyes"],"picked":"Beam Cell","floor":4},{"not_picked":["Streamline","Coolheaded","Skim"],"picked":"SKIP","floor":4},{"not_picked":["Glacier","Multi-Cast"],"picked":"Echo Form","floor":6},{"not_picked":["Static Discharge","Rebound"],"picked":"Go for the Eyes","floor":7},{"not_picked":["Conserve Battery","Force Field"],"picked":"Reprogram","floor":7},{"not_picked":["Ball Lightning","Beam Cell"],"picked":"Chill","floor":10},{"not_picked":["Turbo","Hologram"],"picked":"Echo Form","floor":13},{"not_picked":["Tempest","Chaos","Streamline"],"picked":"SKIP","floor":13},{"not_picked":["Double Energy","Turbo"],"picked":"Gash","floor":14},{"not_picked":["Blizzard","Lockon"],"picked":"Steam Power","floor":14},{"not_picked":["Rebound","Force Field"],"picked":"Streamline+1","floor":18},{"not_picked":["Coolheaded","Hello World","Aggregate"],"picked":"SKIP","floor":18},{"not_picked":["Redo","Barrage","Meteor Strike"],"picked":"SKIP","floor":24},{"not_picked":["Streamline","Chill"],"picked":"Self Repair+1","floor":27},{"not_picked":["Stack","Consume+1","Cold Snap"],"picked":"SKIP","floor":27},{"not_picked":["Ball Lightning","Turbo","Melter+1"],"picked":"SKIP","floor":30},{"not_picked":["Steam","Cold Snap","Defragment"],"picked":"SKIP","floor":30},{"not_picked":["Meteor Strike","Conserve Battery"],"picked":"Recycle","floor":31},{"not_picked":["Buffer","Amplify"],"picked":"All For One","floor":33},{"not_picked":["Sweeping Beam","Auto Shields+1"],"picked":"Beam Cell","floor":35},{"not_picked":["Heatsinks","Stack"],"picked":"Hologram","floor":35}],"player_experience":1422320,"relics_obtained":[{"floor":6,"key":"Thread and Needle"},{"floor":9,"key":"Pear"},{"floor":10,"key":"CeramicFish"},{"floor":22,"key":"Bag of Marbles"},{"floor":24,"key":"Blood Vial"},{"floor":26,"key":"Symbiotic Virus"},{"floor":31,"key":"Orichalcum"},{"floor":37,"key":"WingedGreaves"}],"event_choices":[{"damage_healed":0,"gold_gain":0,"player_choice":"1 cards matched","damage_taken":0,"max_hp_gain":0,"max_hp_loss":0,"event_name":"Match and Keep!","floor":2,"gold_loss":0,"cards_obtained":["Fission"]},{"damage_healed":0,"gold_gain":0,"player_choice":"Rummage","damage_taken":0,"relics_obtained":["WarpedTongs"],"max_hp_gain":0,"max_hp_loss":0,"event_name":"Accursed Blacksmith","floor":5,"gold_loss":0,"cards_obtained":["Pain"]},{"damage_healed":0,"gold_gain":0,"player_choice":"Donut","damage_taken":0,"max_hp_gain":5,"max_hp_loss":0,"event_name":"Big Fish","floor":12,"gold_loss":0},{"damage_healed":0,"gold_gain":0,"player_choice":"Became a vampire","damage_taken":0,"max_hp_gain":0,"max_hp_loss":24,"event_name":"Vampires","floor":20,"gold_loss":0,"cards_obtained":["Bite","Bite","Bite","Bite","Bite"]},{"cards_removed":["Defend_B"],"damage_healed":0,"gold_gain":0,"player_choice":"Gave Gold","damage_taken":0,"max_hp_gain":0,"max_hp_loss":0,"event_name":"Beggar","floor":21,"gold_loss":75},{"damage_healed":0,"gold_gain":0,"player_choice":"Opened","damage_taken":0,"relics_obtained":["MealTicket"],"max_hp_gain":0,"max_hp_loss":0,"event_name":"The Mausoleum","floor":25,"gold_loss":0,"cards_obtained":["Writhe"]},{"cards_removed":["Bite"],"damage_healed":0,"gold_gain":0,"player_choice":"Removed Attack","damage_taken":0,"max_hp_gain":0,"max_hp_loss":0,"event_name":"Falling","floor":36,"gold_loss":0},{"damage_healed":0,"gold_gain":0,"player_choice":"Fight","damage_taken":0,"max_hp_gain":0,"max_hp_loss":0,"event_name":"Mysterious Sphere","floor":37,"gold_loss":0},{"damage_healed":0,"gold_gain":999,"player_choice":"Gold","damage_taken":0,"max_hp_gain":0,"max_hp_loss":0,"event_name":"MindBloom","floor":38,"gold_loss":0,"cards_obtained":["Normality","Normality"]},{"damage_healed":0,"gold_gain":0,"player_choice":"Ignored","damage_taken":0,"max_hp_gain":0,"max_hp_loss":0,"event_name":"Tomb of Lord Red Mask","floor":41,"gold_loss":0}],"is_beta":false,"boss_relics":[{"not_picked":["Pandora\u0027s Box","Runic Dome"],"picked":"Sozu"},{"not_picked":["Coffee Dripper","Cursed Key"],"picked":"FrozenCore"}],"items_purged_floors":[11,39],"is_endless":false,"potions_floor_spawned":[3,4,10,14,27,30,31,35,37],"killed_by":"Reptomancer","ascension_level":18}