{"gold_per_floor":[19,38,38,51,71,110,110,147,147,147,72,108,135,135],"floor_reached":14,"playtime":460,"items_purged":[],"score":209,"play_id":"f848ffd4-bd44-4f54-a66e-f41f11845a00","local_time":"20210508214202","is_ascension_mode":true,"campfire_choices":[{"floor":7,"key":"REST"},{"floor":10,"key":"REST"}],"neow_cost":"NO_GOLD","seed_source_timestamp":61665428586900,"circlet_count":0,"master_deck":["AscendersBane","Strike_B","Strike_B","Strike_B","Defend_B","Defend_B","Defend_B","Defend_B","Zap","Dualcast","Sadistic Nature","Rebound","Go for the Eyes","Gash","Ball Lightning","Skim","Fission","Beam Cell","Sweeping Beam"],"relics":["Cracked Core","CeramicFish","Ornamental Fan","Pantograph","Bottled Lightning"],"potions_floor_usage":[8,14],"damage_taken":[{"damage":2,"enemies":"Jaw Worm","floor":1,"turns":3},{"damage":0,"enemies":"Cultist","floor":2,"turns":3},{"damage":1,"enemies":"2 Louse","floor":4,"turns":3},{"damage":11,"enemies":"Blue Slaver","floor":5,"turns":4},{"damage":20,"enemies":"Lagavulin","floor":6,"turns":6},{"damage":30,"enemies":"3 Sentries","floor":8,"turns":7},{"damage":37,"enemies":"Gremlin Nob","floor":12,"turns":4},{"damage":3,"enemies":"2 Fungi Beasts","floor":13,"turns":3},{"damage":7,"enemies":"3 Sentries","floor":14,"turns":2}],"seed_played":"-3506320462670434202","potions_obtained":[{"floor":2,"key":"LiquidBronze"},{"floor":4,"key":"Fire Potion"},{"floor":12,"key":"FearPotion"}],"is_trial":false,"path_per_floor":["M","M","?","M","M","E","R","E","T","R","?","E","M","E"],"character_chosen":"DEFECT","items_purchased":[],"campfire_rested":2,"item_purchase_floors":[],"current_hp_per_floor":[62,62,62,61,50,30,51,21,21,42,42,5,2,0],"gold":135,"neow_bonus":"RANDOM_COLORLESS_2","is_prod":false,"is_daily":false,"chose_seed":false,"campfire_upgraded":0,"win_rate":0,"timestamp":1620524522,"path_taken":["M","M","?","?","M","E","R","E","T","R","?","E","M","E"],"build_version":"2020-12-22","purchased_purges":0,"victory":false,"max_hp_per_floor":[71,71,71,71,71,71,71,71,71,71,71,71,71,71],"card_choices":[{"not_picked":["Chrysalis","Metamorphosis"],"picked":"Sadistic Nature","floor":0},{"not_picked":["Hologram","Stack"],"picked":"Rebound","floor":1},{"not_picked":["Barrage","Stack"],"picked":"Go for the Eyes","floor":2},{"not_picked":["Glacier","Reprogram"],"picked":"Gash","floor":4},{"not_picked":["Capacitor","Recycle"],"picked":"Ball Lightning","floor":5},{"not_picked":["Defragment","Sweeping Beam"],"picked":"Skim","floor":6},{"not_picked":["Steam","Cold Snap"],"picked":"Fission","floor":8},{"not_picked":["Barrage","Streamline"],"picked":"Beam Cell","floor":12},{"not_picked":["BootSequence","Redo"],"picked":"Sweeping Beam","floor":13}],"player_experience":1451769,"relics_obtained":[{"floor":6,"key":"CeramicFish"},{"floor":8,"key":"Ornamental Fan"},{"floor":9,"key":"Pantograph"},{"floor":12,"key":"Bottled Lightning"}],"event_choices":[{"cards_removed":["Strike_B"],"damage_healed":0,"gold_gain":0,"player_choice":"Purged","damage_taken":0,"max_hp_gain":0,"max_hp_loss":0,"event_name":"Purifier","floor":3,"gold_loss":0},{"damage_healed":0,"gold_gain":0,"player_choice":"Left Gold","damage_taken":0,"max_hp_gain":0,"max_hp_loss":0,"event_name":"World of Goop","floor":11,"gold_loss":75}],"is_beta":false,"boss_relics":[],"items_purged_floors":[],"is_endless":false,"potions_floor_spawned":[2,4,12],"killed_by":"3 Sentries","ascension_level":18}