{"gold_per_floor":[119,44,194,213,45,45,89,117,117,153,153,179,179,215,215,215],"floor_reached":16,"playtime":391,"items_purged":[],"score":287,"play_id":"f49d243a-ee72-435b-aeba-ca79fb75614c","local_time":"20210507190411","is_ascension_mode":true,"campfire_choices":[{"data":"Zap","floor":6,"key":"SMITH"},{"floor":11,"key":"REST"},{"data":"Seek","floor":15,"key":"SMITH"}],"neow_cost":"NONE","seed_source_timestamp":23168092553800,"circlet_count":0,"master_deck":["AscendersBane","Strike_B","Strike_B","Strike_B","Defend_B","Defend_B","Defend_B","Defend_B","Zap+1","Dualcast","Gash","Doubt","Rebound","Streamline","Rebound","BootSequence","Seek+1"],"relics":["Cracked Core","NeowsBlessing","CeramicFish","White Beast Statue","Darkstone Periapt","Regal Pillow","StrikeDummy","Bronze Scales"],"potions_floor_usage":[10,10,12,14,16],"damage_taken":[{"damage":0,"enemies":"2 Louse","floor":1,"turns":1},{"damage":0,"enemies":"Jaw Worm","floor":4,"turns":1},{"damage":0,"enemies":"Lagavulin","floor":7,"turns":1},{"damage":17,"enemies":"Small Slimes","floor":8,"turns":4},{"damage":11,"enemies":"Gremlin Nob","floor":10,"turns":3},{"damage":39,"enemies":"Lagavulin","floor":12,"turns":5},{"damage":8,"enemies":"Gremlin Nob","floor":14,"turns":3},{"damage":49,"enemies":"The Guardian","floor":16,"turns":9}],"seed_played":"7943656628443977794","potions_obtained":[{"floor":4,"key":"Explosive Potion"},{"floor":7,"key":"Ancient Potion"},{"floor":10,"key":"LiquidMemories"},{"floor":12,"key":"SteroidPotion"},{"floor":14,"key":"FearPotion"}],"is_trial":false,"path_per_floor":["M","?","?","M","$","R","E","M","T","E","R","E","?","E","R","B"],"character_chosen":"DEFECT","items_purchased":["CeramicFish"],"campfire_rested":1,"item_purchase_floors":[5],"current_hp_per_floor":[64,64,64,64,64,64,64,47,47,36,71,32,55,47,47,0],"gold":215,"neow_bonus":"THREE_ENEMY_KILL","is_prod":false,"is_daily":false,"chose_seed":false,"campfire_upgraded":2,"win_rate":0,"timestamp":1620428651,"path_taken":["M","?","?","M","$","R","E","M","T","E","R","E","?","E","R","BOSS"],"build_version":"2020-12-22","purchased_purges":0,"victory":false,"max_hp_per_floor":[71,71,71,71,71,71,71,71,71,71,71,71,71,71,71,71],"card_choices":[{"not_picked":["Turbo","Go for the Eyes"],"picked":"Gash","floor":1},{"not_picked":["Barrage","Ball Lightning"],"picked":"Rebound","floor":4},{"not_picked":["Meteor Strike","White Noise"],"picked":"Streamline","floor":7},{"not_picked":["Redo","Aggregate"],"picked":"Rebound","floor":8},{"not_picked":["Doom and Gloom","Coolheaded"],"picked":"BootSequence","floor":10},{"not_picked":["Ball Lightning","Aggregate","Compile Driver"],"picked":"SKIP","floor":12},{"not_picked":["Redo","Beam Cell"],"picked":"Seek","floor":14}],"player_experience":1448742,"relics_obtained":[{"floor":7,"key":"White Beast Statue"},{"floor":9,"key":"Darkstone Periapt"},{"floor":10,"key":"Regal Pillow"},{"floor":12,"key":"StrikeDummy"},{"floor":14,"key":"Bronze Scales"}],"event_choices":[{"cards_removed":["Strike_B"],"damage_healed":0,"gold_gain":0,"player_choice":"Card Removal","damage_taken":0,"max_hp_gain":0,"max_hp_loss":0,"event_name":"The Cleric","floor":2,"gold_loss":75},{"damage_healed":0,"gold_gain":150,"player_choice":"AGREE","damage_taken":0,"max_hp_gain":0,"max_hp_loss":0,"event_name":"Liars Game","floor":3,"gold_loss":0,"cards_obtained":["Doubt"]},{"damage_healed":23,"gold_gain":0,"player_choice":"Banana","damage_taken":0,"max_hp_gain":0,"max_hp_loss":0,"event_name":"Big Fish","floor":13,"gold_loss":0}],"is_beta":false,"boss_relics":[],"items_purged_floors":[],"is_endless":false,"potions_floor_spawned":[4,7,8,10,12,14],"killed_by":"The Guardian","ascension_level":18}