{"gold_per_floor":[112,112,112,31,106,132,51,51,51,51,84,101,127,139,139,139],"floor_reached":16,"playtime":255,"items_purged":[],"score":296,"play_id":"133ce7eb-8107-40da-9b8b-0aa00676b9e7","local_time":"20210507125510","is_ascension_mode":true,"campfire_choices":[{"data":"Rip and Tear","floor":8,"key":"SMITH"},{"data":"Glacier","floor":10,"key":"SMITH"},{"data":"Tempest","floor":15,"key":"SMITH"}],"neow_cost":"NONE","seed_source_timestamp":1161896051000,"circlet_count":0,"master_deck":["AscendersBane","Strike_B","Strike_B","Strike_B","Strike_B","Defend_B","Defend_B","Defend_B","Defend_B","Zap+1","Dualcast","Conserve Battery","Rip and Tear+1","Ball Lightning","Glacier+1","Sweeping Beam","Tempest+1","Heatsinks+1"],"relics":["Cracked Core","NeowsBlessing","Tiny Chest","Potion Belt","Frozen Egg 2","Orichalcum","Centennial Puzzle"],"potions_floor_usage":[16,16],"damage_taken":[{"damage":0,"enemies":"2 Louse","floor":1,"turns":1},{"damage":0,"enemies":"Lagavulin","floor":6,"turns":1},{"damage":0,"enemies":"Gremlin Nob","floor":11,"turns":1},{"damage":0,"enemies":"Jaw Worm","floor":12,"turns":2},{"damage":0,"enemies":"Small Slimes","floor":14,"turns":2},{"damage":40,"enemies":"Hexaghost","floor":16,"turns":12}],"seed_played":"-8034083358528142731","potions_obtained":[{"floor":1,"key":"Ancient Potion"},{"floor":6,"key":"SkillPotion"},{"floor":11,"key":"EssenceOfSteel"}],"is_trial":false,"path_per_floor":["M","?","?","$","?","E","$","R","T","R","E","M","T","M","R","B"],"character_chosen":"DEFECT","items_purchased":["Rip and Tear","Glacier"],"campfire_rested":0,"item_purchase_floors":[4,7],"current_hp_per_floor":[64,46,46,46,35,35,35,35,35,35,35,35,35,35,35,0],"gold":139,"neow_bonus":"THREE_ENEMY_KILL","is_prod":false,"is_daily":false,"chose_seed":false,"campfire_upgraded":3,"win_rate":0,"timestamp":1620406510,"path_taken":["M","?","?","$","?","E","?","R","T","R","E","M","?","?","R","BOSS"],"build_version":"2020-12-22","purchased_purges":0,"victory":false,"max_hp_per_floor":[71,71,71,71,71,71,71,71,71,71,71,71,71,71,71,71],"card_choices":[{"not_picked":["Force Field","Steam Power"],"picked":"Conserve Battery","floor":1},{"not_picked":["Aggregate","Conserve Battery"],"picked":"Ball Lightning","floor":6},{"not_picked":["Rebound","Beam Cell"],"picked":"Sweeping Beam","floor":11},{"not_picked":["Sweeping Beam","Multi-Cast"],"picked":"Tempest","floor":12},{"not_picked":["Ball Lightning","Sweeping Beam"],"picked":"Heatsinks+1","floor":14}],"player_experience":1446139,"relics_obtained":[{"floor":6,"key":"Potion Belt"},{"floor":9,"key":"Frozen Egg 2"},{"floor":11,"key":"Orichalcum"},{"floor":13,"key":"Centennial Puzzle"}],"event_choices":[{"damage_healed":0,"gold_gain":0,"player_choice":"Success","damage_taken":18,"relics_obtained":["Tiny Chest"],"max_hp_gain":0,"max_hp_loss":0,"event_name":"Scrap Ooze","floor":2,"gold_loss":0},{"damage_healed":0,"gold_gain":0,"player_choice":"Grow","damage_taken":0,"max_hp_gain":0,"max_hp_loss":0,"event_name":"Living Wall","floor":3,"gold_loss":0,"cards_upgraded":["Zap"]},{"damage_healed":0,"gold_gain":75,"player_choice":"Gather Gold","damage_taken":11,"max_hp_gain":0,"max_hp_loss":0,"event_name":"World of Goop","floor":5,"gold_loss":0}],"is_beta":false,"boss_relics":[],"items_purged_floors":[],"is_endless":false,"potions_floor_spawned":[1,6,11],"killed_by":"Hexaghost","ascension_level":18}