{"gold_per_floor":[109,121,121,121,136,136,162,162,162,162,173,193,193,193,193,283,283,306,282,332,332],"floor_reached":21,"playtime":638,"items_purged":[],"score":340,"play_id":"77110127-51d0-46cb-a328-e9f34e87ea8b","local_time":"20210515200359","is_ascension_mode":true,"campfire_choices":[{"data":"Defragment","floor":6,"key":"SMITH"},{"data":"Defragment","floor":8,"key":"SMITH"},{"floor":10,"key":"REST"},{"floor":15,"key":"REST"}],"neow_cost":"NONE","seed_source_timestamp":84333373095700,"circlet_count":0,"master_deck":["AscendersBane","Strike_B+1","Strike_B","Strike_B","Strike_B","Defend_B","Defend_B+1","Defend_B","Defend_B","Zap","Dualcast","Cold Snap","Defragment+1","Regret","Sweeping Beam","Defragment+1","Barrage","Ball Lightning","Loop","Injury","Echo Form","Chill","Force Field"],"relics":["Cracked Core","NeowsBlessing","Question Card","White Beast Statue","Orichalcum","Golden Idol","Inserter"],"potions_floor_usage":[12,16,21],"damage_taken":[{"damage":0,"enemies":"Small Slimes","floor":1,"turns":1},{"damage":0,"enemies":"Cultist","floor":2,"turns":1},{"damage":0,"enemies":"2 Louse","floor":5,"turns":1},{"damage":29,"enemies":"3 Sentries","floor":7,"turns":8},{"damage":9,"enemies":"Large Slime","floor":11,"turns":6},{"damage":2,"enemies":"Looter","floor":12,"turns":2},{"damage":21,"enemies":"The Guardian","floor":16,"turns":11},{"damage":11,"enemies":"Chosen","floor":18,"turns":4},{"damage":35,"enemies":"2 Thieves","floor":19,"turns":5},{"damage":10,"enemies":"Sentry and Sphere","floor":21,"turns":2}],"seed_played":"6495616758284109820","potions_obtained":[{"floor":2,"key":"PotionOfCapacity"},{"floor":11,"key":"Weak Potion"},{"floor":12,"key":"Block Potion"},{"floor":16,"key":"Fire Potion"},{"floor":18,"key":"Energy Potion"}],"is_trial":false,"path_per_floor":["M","M","?","?","M","R","E","R","T","R","M","M","?","?","R","B",null,"M","M","?","M"],"character_chosen":"DEFECT","items_purchased":[],"campfire_rested":2,"item_purchase_floors":[],"current_hp_per_floor":[64,64,64,64,64,64,35,35,35,56,47,45,45,24,45,24,59,48,13,6,0],"gold":332,"neow_bonus":"THREE_ENEMY_KILL","is_prod":false,"is_daily":false,"chose_seed":false,"campfire_upgraded":2,"win_rate":0,"timestamp":1621123439,"path_taken":["M","M","?","?","M","R","E","R","T","R","?","?","?","?","R","BOSS","M","M","?","?"],"build_version":"2020-12-22","purchased_purges":0,"victory":false,"max_hp_per_floor":[71,71,71,71,71,71,71,71,71,71,71,71,71,71,71,71,71,71,71,71,71],"card_choices":[{"not_picked":["Coolheaded","Turbo"],"picked":"Cold Snap","floor":1},{"not_picked":["Heatsinks","Redo"],"picked":"Defragment","floor":2},{"not_picked":["Scrape","Compile Driver","Turbo"],"picked":"Defragment","floor":5},{"not_picked":["Aggregate","Steam","Recycle"],"picked":"Barrage","floor":7},{"not_picked":["Streamline","Thunder Strike","Conserve Battery"],"picked":"Ball Lightning","floor":11},{"not_picked":["Turbo","Sweeping Beam","Rebound"],"picked":"Loop","floor":12},{"not_picked":["Core Surge","Machine Learning","Hyperbeam"],"picked":"Echo Form","floor":16},{"not_picked":["Turbo+1","Conserve Battery","Leap"],"picked":"Chill","floor":18},{"not_picked":["Turbo","Biased Cognition","Cold Snap+1"],"picked":"Force Field","floor":19}],"player_experience":1463341,"relics_obtained":[{"floor":7,"key":"White Beast Statue"},{"floor":9,"key":"Orichalcum"}],"event_choices":[{"damage_healed":0,"gold_gain":0,"player_choice":"Box","damage_taken":0,"relics_obtained":["Question Card"],"max_hp_gain":0,"max_hp_loss":0,"event_name":"Big Fish","floor":3,"gold_loss":0,"cards_obtained":["Regret"]},{"damage_healed":0,"gold_gain":0,"player_choice":"1 cards matched","damage_taken":0,"max_hp_gain":0,"max_hp_loss":0,"event_name":"Match and Keep!","floor":4,"gold_loss":0,"cards_obtained":["Sweeping Beam"]},{"damage_healed":0,"gold_gain":0,"player_choice":"Take Wound","damage_taken":0,"relics_obtained":["Golden Idol"],"max_hp_gain":0,"max_hp_loss":0,"event_name":"Golden Idol","floor":13,"gold_loss":0,"cards_obtained":["Injury"]},{"damage_healed":0,"gold_gain":0,"player_choice":"Entered Light","damage_taken":21,"max_hp_gain":0,"max_hp_loss":0,"event_name":"Shining Light","floor":14,"gold_loss":0,"cards_upgraded":["Strike_B","Defend_B"]},{"damage_healed":0,"gold_gain":50,"player_choice":"Touch","damage_taken":7,"max_hp_gain":0,"max_hp_loss":0,"event_name":"FaceTrader","floor":20,"gold_loss":0}],"is_beta":false,"boss_relics":[{"not_picked":["Sozu","Velvet Choker"],"picked":"Inserter"}],"items_purged_floors":[],"is_endless":false,"potions_floor_spawned":[2,11,12,16,18,19],"killed_by":"Sentry and Sphere","ascension_level":18}