{"gold_per_floor":[366,385,403,135,155,188,188,221,221,247,258,258,15,87,87,166,166,137,187,187,29,29],"floor_reached":22,"playtime":636,"items_purged":["Regret"],"score":479,"play_id":"c4c17842-894d-49a8-8e23-b3758daff1ee","local_time":"20210515231843","is_ascension_mode":true,"campfire_choices":[{"floor":12,"key":"REST"},{"data":"Consume","floor":15,"key":"SMITH"}],"neow_cost":"CURSE","seed_source_timestamp":96023748548900,"circlet_count":0,"master_deck":["AscendersBane","Strike_B","Strike_B","Strike_B","Strike_B","Defend_B","Defend_B","Defend_B","Defend_B+1","Zap+1","Dualcast","Compile Driver","Coolheaded","Self Repair","Sweeping Beam","Capacitor","Defragment","Doom and Gloom","Fission","Auto Shields","Consume+1","Rainbow","Redo","Necronomicurse"],"relics":["Cracked Core","PreservedInsect","War Paint","Happy Flower","Pear","Prayer Wheel","Toolbox","Sozu","Necronomicon","Vajra"],"potions_floor_usage":[8,16],"damage_taken":[{"damage":10,"enemies":"Cultist","floor":1,"turns":4},{"damage":8,"enemies":"2 Louse","floor":2,"turns":3},{"damage":8,"enemies":"Jaw Worm","floor":3,"turns":3},{"damage":8,"enemies":"3 Louse","floor":5,"turns":3},{"damage":31,"enemies":"Gremlin Nob","floor":6,"turns":4},{"damage":2,"enemies":"3 Sentries","floor":8,"turns":5},{"damage":34,"enemies":"Gremlin Nob","floor":10,"turns":4},{"damage":7,"enemies":"2 Fungi Beasts","floor":11,"turns":3},{"damage":0,"enemies":"Slime Boss","floor":16,"turns":6},{"damage":31,"enemies":"2 Thieves","floor":18,"turns":4},{"damage":32,"enemies":"3 Byrds","floor":22,"turns":3}],"seed_played":"4668973687587968879","potions_obtained":[{"floor":1,"key":"FearPotion"},{"floor":3,"key":"FocusPotion"},{"floor":5,"key":"FairyPotion"},{"floor":8,"key":"CultistPotion"},{"floor":10,"key":"Fire Potion"}],"is_trial":false,"path_per_floor":["M","M","M","$","M","E","?","E","T","E","M","R","$","?","R","B",null,"M","?","?","$","M"],"character_chosen":"DEFECT","items_purchased":["PreservedInsect","Sweeping Beam","Consume","Toolbox","Vajra"],"campfire_rested":1,"item_purchase_floors":[4,4,13,13,21],"current_hp_per_floor":[54,46,38,38,37,13,13,18,28,24,24,48,48,48,48,58,75,51,51,30,30,0],"gold":29,"neow_bonus":"TWO_FIFTY_GOLD","is_prod":false,"is_daily":false,"chose_seed":false,"campfire_upgraded":1,"win_rate":0,"timestamp":1621135123,"path_taken":["M","?","M","$","M","E","?","E","T","E","?","R","$","?","R","BOSS","M","?","?","$","M"],"build_version":"2020-12-22","purchased_purges":1,"victory":false,"max_hp_per_floor":[71,71,71,71,71,71,71,71,81,81,81,81,81,81,81,81,81,81,81,81,81,81],"card_choices":[{"not_picked":["Go for the Eyes","Force Field"],"picked":"Compile Driver","floor":1},{"not_picked":["Stack","Rebound"],"picked":"Coolheaded","floor":2},{"not_picked":["Redo","Aggregate"],"picked":"Self Repair","floor":3},{"not_picked":["Rebound","Compile Driver"],"picked":"Capacitor","floor":5},{"not_picked":["Compile Driver","Sunder"],"picked":"Defragment","floor":6},{"not_picked":["Barrage","Blizzard"],"picked":"Doom and Gloom","floor":8},{"not_picked":["Stack","Go for the Eyes"],"picked":"Fission","floor":10},{"not_picked":["Static Discharge","Gash"],"picked":"Auto Shields","floor":11},{"not_picked":["Stack","Hologram","Scrape"],"picked":"SKIP","floor":11},{"not_picked":["Seek","All For One"],"picked":"Rainbow","floor":16},{"not_picked":["Steam","Sweeping Beam"],"picked":"Redo","floor":18},{"not_picked":["Streamline","Hologram","Compile Driver"],"picked":"SKIP","floor":18}],"player_experience":1464191,"relics_obtained":[{"floor":6,"key":"War Paint"},{"floor":8,"key":"Happy Flower"},{"floor":9,"key":"Pear"},{"floor":10,"key":"Prayer Wheel"},{"floor":20,"key":"Necronomicon"}],"event_choices":[{"damage_healed":0,"gold_gain":0,"player_choice":"Got Potions","damage_taken":0,"max_hp_gain":0,"max_hp_loss":0,"event_name":"Lab","floor":7,"gold_loss":0},{"damage_healed":0,"gold_gain":72,"player_choice":"Gained Gold","damage_taken":0,"max_hp_gain":0,"max_hp_loss":0,"event_name":"Golden Wing","floor":14,"gold_loss":0},{"damage_healed":0,"gold_gain":50,"player_choice":"Stole From Cult","damage_taken":0,"max_hp_gain":0,"max_hp_loss":0,"event_name":"Nest","floor":19,"gold_loss":0},{"damage_healed":0,"gold_gain":0,"player_choice":"Obtained Book","damage_taken":21,"max_hp_gain":0,"max_hp_loss":0,"event_name":"Cursed Tome","floor":20,"gold_loss":0}],"is_beta":false,"boss_relics":[{"not_picked":["Ectoplasm","Fusion Hammer"],"picked":"Sozu"}],"items_purged_floors":[4],"is_endless":false,"potions_floor_spawned":[1,3,5,8,10,18],"killed_by":"3 Byrds","ascension_level":18}