{"gold_per_floor":[111,111,121,134,134,134,26,45,72,72],"floor_reached":10,"playtime":4620,"items_purged":[],"score":110,"play_id":"33e66d84-f3fc-4d8a-bbc6-2cc623ee8227","local_time":"20210515195240","is_ascension_mode":true,"campfire_choices":[{"data":"Capacitor","floor":6,"key":"SMITH"}],"neow_cost":"PERCENT_DAMAGE","seed_source_timestamp":0,"circlet_count":0,"master_deck":["AscendersBane","Strike_B","Strike_B","Strike_B","Strike_B+1","Defend_B","Defend_B","Defend_B+1","Defend_B","Zap","Dualcast","Melter","Double Energy","Capacitor+1","Auto Shields"],"special_seed":0,"relics":["Cracked Core","Centennial Puzzle","Toy Ornithopter"],"potions_floor_usage":[10],"damage_taken":[{"damage":12,"enemies":"2 Louse","floor":1,"turns":3},{"damage":0,"enemies":"Cultist","floor":3,"turns":3},{"damage":4,"enemies":"Jaw Worm","floor":4,"turns":3},{"damage":6,"enemies":"Looter","floor":8,"turns":3},{"damage":67,"enemies":"Gremlin Nob","floor":10,"turns":5}],"seed_played":"3109244969312997733","potions_obtained":[{"floor":8,"key":"ColorlessPotion"}],"is_trial":false,"path_per_floor":["M","?","M","M","?","R","?","M","T","E"],"character_chosen":"DEFECT","items_purchased":[],"campfire_rested":0,"item_purchase_floors":[],"current_hp_per_floor":[34,81,81,77,53,53,53,47,47,0],"gold":72,"neow_bonus":"THREE_RARE_CARDS","is_prod":false,"is_daily":false,"chose_seed":false,"campfire_upgraded":1,"win_rate":0,"timestamp":1621122760,"path_taken":["M","?","?","M","?","R","?","?","T","E"],"build_version":"2020-12-22","purchased_purges":0,"victory":false,"max_hp_per_floor":[71,81,81,81,81,81,81,81,81,81],"card_choices":[{"not_picked":["Buffer","Creative AI"],"picked":"Multi-Cast","floor":0},{"not_picked":["Hologram","Redo"],"picked":"Melter","floor":1},{"not_picked":["Turbo","Hologram"],"picked":"Double Energy","floor":3},{"not_picked":["Gash","Chaos"],"picked":"Capacitor","floor":4},{"not_picked":["Conserve Battery","Steam"],"picked":"Auto Shields","floor":8}],"player_experience":1458721,"relics_obtained":[{"floor":9,"key":"Toy Ornithopter"}],"event_choices":[{"cards_removed":["Multi-Cast"],"damage_healed":37,"gold_gain":0,"player_choice":"Offered Rare","damage_taken":0,"max_hp_gain":10,"max_hp_loss":0,"event_name":"Bonfire Elementals","floor":2,"gold_loss":0},{"damage_healed":0,"gold_gain":0,"player_choice":"Entered Light","damage_taken":24,"max_hp_gain":0,"max_hp_loss":0,"event_name":"Shining Light","floor":5,"gold_loss":0,"cards_upgraded":["Defend_B","Strike_B"]},{"damage_healed":0,"gold_gain":0,"player_choice":"Paid Gold","damage_taken":0,"relics_obtained":["Centennial Puzzle"],"max_hp_gain":0,"max_hp_loss":0,"event_name":"WeMeetAgain","floor":7,"gold_loss":108}],"is_beta":false,"boss_relics":[],"items_purged_floors":[],"is_endless":false,"potions_floor_spawned":[8],"killed_by":"Gremlin Nob","ascension_level":18}