{"gold_per_floor":[10,20,20,20,20,20,45,64,64,64],"floor_reached":10,"playtime":236,"items_purged":[],"score":110,"play_id":"69140da5-ac5c-4bc6-8252-21fe24ad3566","local_time":"20210627160210","is_ascension_mode":true,"campfire_choices":[{"data":"Zap","floor":6,"key":"SMITH"}],"neow_cost":"NO_GOLD","seed_source_timestamp":316067592740800,"circlet_count":0,"master_deck":["AscendersBane","Strike_B","Strike_B","Defend_B","Defend_B","Defend_B","Defend_B","Zap+1","Dualcast","Stack","Loop","Gash","Recycle","Injury","Regret","Self Repair","Compile Driver"],"relics":["Cracked Core","Golden Idol","FossilizedHelix","HornCleat"],"potions_floor_usage":[],"damage_taken":[{"damage":7,"enemies":"2 Louse","floor":1,"turns":3},{"damage":17,"enemies":"Jaw Worm","floor":2,"turns":4},{"damage":0,"enemies":"Small Slimes","floor":7,"turns":3},{"damage":6,"enemies":"Exordium Wildlife","floor":8,"turns":3},{"damage":49,"enemies":"Gremlin Nob","floor":10,"turns":4}],"seed_played":"2242924502644305134","potions_obtained":[],"is_trial":false,"path_per_floor":["M","M","?","?","T","R","M","M","T","E"],"character_chosen":"DEFECT","items_purchased":[],"campfire_rested":0,"item_purchase_floors":[],"current_hp_per_floor":[57,40,40,40,40,40,40,41,41,0],"gold":64,"neow_bonus":"TRANSFORM_TWO_CARDS","is_prod":false,"is_daily":false,"chose_seed":false,"campfire_upgraded":1,"win_rate":0,"timestamp":1624824130,"path_taken":["M","M","?","?","?","R","M","?","T","E"],"build_version":"2020-12-22","purchased_purges":0,"victory":false,"max_hp_per_floor":[71,71,71,71,71,71,71,71,71,71],"card_choices":[{"not_picked":["Compile Driver","Cold Snap"],"picked":"Gash","floor":1},{"not_picked":["Barrage","Conserve Battery"],"picked":"Recycle","floor":2},{"not_picked":["Loop","Redo"],"picked":"Self Repair","floor":7},{"not_picked":["Reprogram","Steam"],"picked":"Compile Driver","floor":8}],"player_experience":1475148,"relics_obtained":[{"floor":9,"key":"HornCleat"}],"event_choices":[{"damage_healed":0,"gold_gain":0,"player_choice":"Take Wound","damage_taken":0,"relics_obtained":["Golden Idol"],"max_hp_gain":0,"max_hp_loss":0,"event_name":"Golden Idol","floor":3,"gold_loss":0,"cards_obtained":["Injury"]},{"damage_healed":0,"gold_gain":0,"player_choice":"Box","damage_taken":0,"relics_obtained":["FossilizedHelix"],"max_hp_gain":0,"max_hp_loss":0,"event_name":"Big Fish","floor":4,"gold_loss":0,"cards_obtained":["Regret"]}],"is_beta":false,"boss_relics":[],"items_purged_floors":[],"is_endless":false,"potions_floor_spawned":[],"killed_by":"Gremlin Nob","ascension_level":18}