{"gold_per_floor":[15,15,15,15,40,89,89,130,153,200,275,275,66,99,99,239,266,284,284,306,338,338,338,360,407,433,476,476,514,514,548,548,688,688,720,795,810,843,873,920,920,920,920,189,189,233,233,290,302,314,326,338,95,129,129],"floor_reached":56,"playtime":2983,"items_purged":[],"score":1591,"play_id":"2ee3b973-a1ea-4df1-8b24-ebb75106847c","local_time":"20210626151209","is_ascension_mode":true,"campfire_choices":[{"floor":7,"key":"REST"},{"floor":12,"key":"REST"},{"floor":15,"key":"REST"},{"data":"Rainbow","floor":23,"key":"SMITH"},{"data":"Defragment","floor":28,"key":"SMITH"},{"floor":30,"key":"RECALL"},{"data":"Redo","floor":32,"key":"SMITH"},{"floor":42,"key":"REST"},{"data":"Consume","floor":49,"key":"SMITH"},{"data":"Capacitor","floor":52,"key":"SMITH"}],"neow_cost":"NO_GOLD","seed_source_timestamp":223898002746800,"circlet_count":0,"master_deck":["Strike_B","Strike_B","Defend_B+1","Defend_B+1","Zap","Dualcast+1","Glacier+1","Sweeping Beam","Streamline","Chill","Defragment+1","Coolheaded","Rainbow+1","Go for the Eyes+1","Fission+1","Auto Shields+1","Barrage","Rainbow","Redo+1","Darkness","Fusion","Buffer","Conserve Battery+1","Capacitor+1","Defragment","Self Repair","Barrage","Flash of Steel","Defragment","Violence","Melter+1","Consume+1"],"relics":["Cracked Core","Golden Idol","CeramicFish","War Paint","Anchor","PreservedInsect","White Beast Statue","Runic Capacitor","Astrolabe","Spirit Poop","Mummified Hand","Tiny Chest","Ancient Tea Set","Shuriken","Philosopher\u0027s Stone","Emotion Chip","Omamori","Ice Cream","Gambling Chip","TheAbacus","Blood Vial","MawBank","Strawberry","Letter Opener","Centennial Puzzle"],"potions_floor_usage":[8,16,21,33,55,55,55],"damage_taken":[{"damage":6,"enemies":"Jaw Worm","floor":1,"turns":3},{"damage":0,"enemies":"Small Slimes","floor":5,"turns":3},{"damage":47,"enemies":"Gremlin Nob","floor":6,"turns":7},{"damage":9,"enemies":"Lagavulin","floor":8,"turns":6},{"damage":11,"enemies":"Gremlin Nob","floor":10,"turns":4},{"damage":0,"enemies":"2 Louse","floor":14,"turns":2},{"damage":18,"enemies":"Slime Boss","floor":16,"turns":11},{"damage":8,"enemies":"Spheric Guardian","floor":18,"turns":4},{"damage":3,"enemies":"2 Thieves","floor":20,"turns":4},{"damage":0,"enemies":"Snecko","floor":21,"turns":5},{"damage":9,"enemies":"3 Cultists","floor":24,"turns":5},{"damage":0,"enemies":"Slavers","floor":25,"turns":4},{"damage":0,"enemies":"Book of Stabbing","floor":27,"turns":4},{"damage":0,"enemies":"Gremlin Leader","floor":29,"turns":6},{"damage":2,"enemies":"Snake Plant","floor":31,"turns":3},{"damage":10,"enemies":"Automaton","floor":33,"turns":9},{"damage":9,"enemies":"3 Shapes","floor":35,"turns":4},{"damage":30,"enemies":"2 Orb Walkers","floor":36,"turns":7},{"damage":8,"enemies":"3 Darklings","floor":37,"turns":5},{"damage":0,"enemies":"Jaw Worm Horde","floor":38,"turns":4},{"damage":5,"enemies":"Transient","floor":39,"turns":5},{"damage":0,"enemies":"Giant Head","floor":40,"turns":8},{"damage":0,"enemies":"Reptomancer","floor":46,"turns":5},{"damage":0,"enemies":"Giant Head","floor":48,"turns":8},{"damage":24,"enemies":"Awakened One","floor":50,"turns":10},{"damage":1,"enemies":"Shield and Spear","floor":54,"turns":7},{"damage":46,"enemies":"The Heart","floor":55,"turns":8}],"seed_played":"2561572562627310357","potions_obtained":[{"floor":6,"key":"SteroidPotion"},{"floor":14,"key":"BlessingOfTheForge"},{"floor":16,"key":"GamblersBrew"},{"floor":18,"key":"EssenceOfDarkness"},{"floor":20,"key":"SpeedPotion"},{"floor":21,"key":"Fruit Juice"},{"floor":24,"key":"PowerPotion"},{"floor":25,"key":"AttackPotion"},{"floor":27,"key":"FocusPotion"},{"floor":33,"key":"FocusPotion"},{"floor":48,"key":"FocusPotion"}],"is_trial":false,"path_per_floor":["M","?","?","?","M","E","R","E","T","E","?","R","$","M","R","B",null,"M","?","M","M","?","R","M","E","T","E","R","E","R","M","R","B",null,"M","?","M","M","M","E","?","R","T","$","T","E","T","E","R","B",null,"R","$","E","B",null],"character_chosen":"DEFECT","items_purchased":["Runic Capacitor","Defragment","Gambling Chip","TheAbacus","Flash of Steel","Defragment","Violence","Letter Opener"],"campfire_rested":4,"item_purchase_floors":[13,13,44,44,44,44,44,53],"current_hp_per_floor":[83,83,71,53,53,6,32,23,23,12,1,27,27,27,53,35,89,81,81,78,83,83,83,74,74,74,74,74,74,74,72,72,62,94,85,55,47,47,42,49,49,77,77,77,77,84,84,100,100,84,101,101,101,101,62],"gold":129,"neow_bonus":"TWENTY_PERCENT_HP_BONUS","is_prod":false,"is_daily":false,"chose_seed":false,"campfire_upgraded":5,"win_rate":0,"timestamp":1624734729,"path_taken":["M","?","?","?","?","E","R","E","T","E","?","R","$","M","R","BOSS","M","?","?","M","?","R","M","E","T","E","R","E","R","M","R","BOSS","M","?","M","M","M","E","?","R","T","$","?","E","?","E","R","BOSS","R","$","E","BOSS"],"build_version":"2020-12-22","purchased_purges":0,"victory":true,"max_hp_per_floor":[89,89,89,89,89,89,89,89,89,89,89,89,89,89,89,89,89,89,89,89,94,94,94,94,94,94,94,94,94,94,94,94,94,94,94,94,94,94,94,94,94,94,94,94,94,94,94,101,101,101,101,101,101,101,101],"card_choices":[{"not_picked":["Coolheaded","Force Field"],"picked":"Glacier","floor":1},{"not_picked":["Cold Snap","Undo"],"picked":"Sweeping Beam","floor":5},{"not_picked":["Skim","Stack"],"picked":"Streamline","floor":6},{"not_picked":["Rebound","Static Discharge","Turbo"],"picked":"SKIP","floor":8},{"not_picked":["Meteor Strike","Turbo"],"picked":"Chill","floor":10},{"not_picked":["Reprogram","Recycle"],"picked":"Coolheaded","floor":14},{"not_picked":["Hyperbeam","Core Surge"],"picked":"Rainbow","floor":16},{"not_picked":["Coolheaded","Stack","Hologram"],"picked":"SKIP","floor":18},{"not_picked":["Beam Cell","Gash"],"picked":"Barrage","floor":20},{"not_picked":["Coolheaded","Steam"],"picked":"Rainbow","floor":21},{"not_picked":["Hologram","Beam Cell+1"],"picked":"Redo","floor":24},{"not_picked":["Turbo","Static Discharge"],"picked":"Darkness","floor":25},{"not_picked":["Gash+1","Steam+1","Tempest"],"picked":"SKIP","floor":27},{"not_picked":["Genetic Algorithm","Gash","Hologram+1"],"picked":"SKIP","floor":29},{"not_picked":["Undo","Beam Cell"],"picked":"Fusion","floor":31},{"not_picked":["Thunder Strike","Reboot"],"picked":"Buffer","floor":33},{"not_picked":["Storm+1","Rebound"],"picked":"Conserve Battery+1","floor":35},{"not_picked":["Steam+1","Beam Cell+1"],"picked":"Capacitor","floor":36},{"not_picked":["Hologram+1","All For One","Streamline"],"picked":"SKIP","floor":37},{"not_picked":["Streamline+1","White Noise"],"picked":"Defragment","floor":38},{"not_picked":["Sweeping Beam","Go for the Eyes"],"picked":"Self Repair","floor":39},{"not_picked":["Hologram","Force Field+1"],"picked":"Barrage","floor":40},{"not_picked":["Rebound+1","Stack+1"],"picked":"Melter+1","floor":46},{"not_picked":["Steam","Hello World+1"],"picked":"Consume","floor":48},{"not_picked":["Heatsinks","Leap","Auto Shields"],"picked":"SKIP","floor":54}],"player_experience":1468794,"relics_obtained":[{"floor":6,"key":"War Paint"},{"floor":8,"key":"Anchor"},{"floor":9,"key":"PreservedInsect"},{"floor":10,"key":"White Beast Statue"},{"floor":25,"key":"Mummified Hand"},{"floor":26,"key":"Tiny Chest"},{"floor":27,"key":"Ancient Tea Set"},{"floor":29,"key":"Shuriken"},{"floor":36,"key":"Emotion Chip"},{"floor":40,"key":"Omamori"},{"floor":43,"key":"Ice Cream"},{"floor":46,"key":"Blood Vial"},{"floor":47,"key":"MawBank"},{"floor":48,"key":"Strawberry"},{"floor":54,"key":"Centennial Puzzle"}],"event_choices":[{"damage_healed":0,"gold_gain":0,"player_choice":"Take Wound","damage_taken":0,"relics_obtained":["Golden Idol"],"max_hp_gain":0,"max_hp_loss":0,"event_name":"Golden Idol","floor":2,"gold_loss":0,"cards_obtained":["Injury"]},{"damage_healed":0,"gold_gain":0,"player_choice":"Success","damage_taken":12,"relics_obtained":["CeramicFish"],"max_hp_gain":0,"max_hp_loss":0,"event_name":"Scrap Ooze","floor":3,"gold_loss":0},{"damage_healed":0,"gold_gain":0,"player_choice":"Entered Light","damage_taken":18,"max_hp_gain":0,"max_hp_loss":0,"event_name":"Shining Light","floor":4,"gold_loss":0,"cards_upgraded":["Dualcast","Defend_B"]},{"damage_healed":0,"gold_gain":75,"player_choice":"Gather Gold","damage_taken":11,"max_hp_gain":0,"max_hp_loss":0,"event_name":"World of Goop","floor":11,"gold_loss":0},{"cards_removed":["Injury"],"damage_healed":0,"gold_gain":0,"player_choice":"Offered Curse","damage_taken":0,"relics_obtained":["Spirit Poop"],"max_hp_gain":0,"max_hp_loss":0,"event_name":"Bonfire Elementals","floor":19,"gold_loss":0},{"damage_healed":0,"gold_gain":0,"player_choice":"Ignored","damage_taken":0,"max_hp_gain":0,"max_hp_loss":0,"event_name":"Ghosts","floor":22,"gold_loss":0},{"damage_healed":0,"gold_gain":0,"player_choice":"Fight","damage_taken":0,"max_hp_gain":0,"max_hp_loss":0,"event_name":"Mysterious Sphere","floor":36,"gold_loss":0},{"cards_removed":["Defend_B"],"damage_healed":0,"gold_gain":0,"player_choice":"Removed Skill","damage_taken":0,"max_hp_gain":0,"max_hp_loss":0,"event_name":"Falling","floor":41,"gold_loss":0}],"is_beta":false,"boss_relics":[{"not_picked":["Snecko Eye","Nuclear Battery"],"picked":"Astrolabe"},{"not_picked":["Velvet Choker","Runic Pyramid"],"picked":"Philosopher\u0027s Stone"}],"items_purged_floors":[],"is_endless":false,"potions_floor_spawned":[6,14,16,18,20,21,24,25,27,29,31,33,35,36,37,38,39,40,46,48,54],"ascension_level":1}