{"gold_per_floor":[112,112,112,135,151,178,197,197,220,220,255,405,405,431,431,503,503,521,115,115],"floor_reached":20,"playtime":517,"items_purged":["Doubt"],"score":405,"play_id":"f9581078-2b24-403e-b16e-6b48bd4b7311","local_time":"20210627161058","is_ascension_mode":true,"campfire_choices":[{"data":"Reprogram","floor":8,"key":"SMITH"},{"floor":10,"key":"REST"},{"data":"Beam Cell","floor":15,"key":"SMITH"}],"neow_cost":"NONE","seed_source_timestamp":316313801091400,"circlet_count":0,"master_deck":["AscendersBane","Strike_B","Strike_B","Strike_B","Strike_B","Defend_B","Defend_B+1","Defend_B+1","Defend_B","Zap","Dualcast","Reprogram+1","Beam Cell+1","Melter","Doom and Gloom","Core Surge","Self Repair","Hyperbeam"],"relics":["Cracked Core","NeowsBlessing","Pear","PreservedInsect","Tiny Chest","Blood Vial","Nunchaku","SlaversCollar","Bronze Scales","Sling"],"potions_floor_usage":[14,16,16,18],"damage_taken":[{"damage":0,"enemies":"Jaw Worm","floor":1,"turns":1},{"damage":0,"enemies":"2 Louse","floor":5,"turns":1},{"damage":0,"enemies":"Gremlin Nob","floor":6,"turns":1},{"damage":6,"enemies":"Cultist","floor":7,"turns":3},{"damage":15,"enemies":"3 Sentries","floor":11,"turns":6},{"damage":34,"enemies":"Gremlin Nob","floor":14,"turns":4},{"damage":28,"enemies":"Hexaghost","floor":16,"turns":9},{"damage":51,"enemies":"Shell Parasite","floor":18,"turns":5},{"damage":34,"enemies":"3 Byrds","floor":20,"turns":2}],"seed_played":"2601179274462065962","potions_obtained":[{"floor":5,"key":"Swift Potion"},{"floor":7,"key":"Strength Potion"},{"floor":14,"key":"ColorlessPotion"},{"floor":16,"key":"ColorlessPotion"}],"is_trial":false,"path_per_floor":["M","?","?","T","M","E","M","R","T","R","E","?","?","E","R","B",null,"M","$","M"],"character_chosen":"DEFECT","items_purchased":["Bronze Scales","Sling"],"campfire_rested":1,"item_purchase_floors":[19,19],"current_hp_per_floor":[64,43,42,42,42,42,36,36,36,60,45,45,72,40,40,21,66,24,24,0],"gold":115,"neow_bonus":"THREE_ENEMY_KILL","is_prod":false,"is_daily":false,"chose_seed":false,"campfire_upgraded":2,"win_rate":0,"timestamp":1624824658,"path_taken":["M","?","?","?","?","E","M","R","T","R","E","?","?","E","R","BOSS","M","$","M"],"build_version":"2020-12-22","purchased_purges":1,"victory":false,"max_hp_per_floor":[71,71,81,81,81,81,81,81,81,81,81,81,81,81,81,81,81,81,81,81],"card_choices":[{"not_picked":["Coolheaded","Barrage"],"picked":"Reprogram","floor":1},{"not_picked":["Barrage","Sweeping Beam"],"picked":"Beam Cell","floor":5},{"not_picked":["Auto Shields","Leap"],"picked":"Melter","floor":6},{"not_picked":["Darkness","Coolheaded"],"picked":"Doom and Gloom","floor":7},{"not_picked":["Conserve Battery","Recycle"],"picked":"Core Surge","floor":11},{"not_picked":["Steam","Compile Driver"],"picked":"Self Repair","floor":14},{"not_picked":["Seek","Echo Form"],"picked":"Hyperbeam","floor":16},{"not_picked":["Hologram","Sunder+1","Lockon"],"picked":"SKIP","floor":18}],"player_experience":1475384,"relics_obtained":[{"floor":6,"key":"PreservedInsect"},{"floor":9,"key":"Tiny Chest"},{"floor":11,"key":"Blood Vial"},{"floor":14,"key":"Nunchaku"}],"event_choices":[{"damage_healed":0,"gold_gain":0,"player_choice":"Entered Light","damage_taken":21,"max_hp_gain":0,"max_hp_loss":0,"event_name":"Shining Light","floor":2,"gold_loss":0,"cards_upgraded":["Defend_B","Defend_B"]},{"damage_healed":0,"gold_gain":0,"player_choice":"Success","damage_taken":11,"relics_obtained":["Pear"],"max_hp_gain":0,"max_hp_loss":0,"event_name":"Scrap Ooze","floor":3,"gold_loss":0},{"damage_healed":0,"gold_gain":150,"player_choice":"AGREE","damage_taken":0,"max_hp_gain":0,"max_hp_loss":0,"event_name":"Liars Game","floor":12,"gold_loss":0,"cards_obtained":["Doubt"]},{"damage_healed":27,"gold_gain":0,"player_choice":"Banana","damage_taken":0,"max_hp_gain":0,"max_hp_loss":0,"event_name":"Big Fish","floor":13,"gold_loss":0}],"is_beta":false,"boss_relics":[{"not_picked":["Coffee Dripper","Fusion Hammer"],"picked":"SlaversCollar"}],"items_purged_floors":[19],"is_endless":false,"potions_floor_spawned":[5,7,14,16],"killed_by":"3 Byrds","ascension_level":18}