{"gold_per_floor":[118,13,13,13,113,139,156,156,156,211,211,229,229],"floor_reached":13,"playtime":235,"items_purged":[],"score":220,"play_id":"00a23b83-bb8d-48de-aadd-4f4f0a18463c","local_time":"20210627161504","is_ascension_mode":true,"campfire_choices":[{"data":"Jack Of All Trades","floor":8,"key":"SMITH"},{"floor":11,"key":"REST"}],"neow_cost":"NONE","seed_source_timestamp":316841928170600,"circlet_count":0,"master_deck":["AscendersBane","Strike_B+1","Strike_B","Strike_B","Strike_B","Defend_B","Defend_B","Defend_B+1","Defend_B","Zap","Dualcast","Scrape","Jack Of All Trades+1","Go for the Eyes","Gash","Conserve Battery","Go for the Eyes"],"relics":["Cracked Core","NeowsBlessing","Happy Flower","TungstenRod","StoneCalendar","Gremlin Horn"],"potions_floor_usage":[10,10],"damage_taken":[{"damage":0,"enemies":"Small Slimes","floor":1,"turns":1},{"damage":0,"enemies":"Gremlin Nob","floor":6,"turns":1},{"damage":0,"enemies":"Jaw Worm","floor":7,"turns":1},{"damage":15,"enemies":"Lagavulin","floor":10,"turns":4},{"damage":0,"enemies":"Cultist","floor":12,"turns":3},{"damage":50,"enemies":"Gremlin Nob","floor":13,"turns":4}],"seed_played":"-336632552033899721","potions_obtained":[{"floor":1,"key":"Fire Potion"},{"floor":7,"key":"AttackPotion"},{"floor":12,"key":"Weak Potion"}],"is_trial":false,"path_per_floor":["M","$","?","?","?","E","M","R","T","E","R","M","E"],"character_chosen":"DEFECT","items_purchased":["Jack Of All Trades"],"campfire_rested":1,"item_purchase_floors":[2],"current_hp_per_floor":[64,64,53,32,32,32,32,32,32,17,38,38,0],"gold":229,"neow_bonus":"THREE_ENEMY_KILL","is_prod":false,"is_daily":false,"chose_seed":false,"campfire_upgraded":1,"win_rate":0,"timestamp":1624824904,"path_taken":["M","$","?","?","?","E","?","R","T","E","R","?","E"],"build_version":"2020-12-22","purchased_purges":0,"victory":false,"max_hp_per_floor":[71,71,71,71,71,71,71,71,71,71,71,71,71],"card_choices":[{"not_picked":["FTL","Turbo"],"picked":"Scrape","floor":1},{"not_picked":["Glacier","Streamline"],"picked":"Go for the Eyes","floor":6},{"not_picked":["Cold Snap","Capacitor"],"picked":"Gash","floor":7},{"not_picked":["Steam","Barrage"],"picked":"Conserve Battery","floor":10},{"not_picked":["Self Repair","Scrape"],"picked":"Go for the Eyes","floor":12}],"player_experience":1475901,"relics_obtained":[{"floor":6,"key":"TungstenRod"},{"floor":9,"key":"StoneCalendar"},{"floor":10,"key":"Gremlin Horn"}],"event_choices":[{"damage_healed":0,"gold_gain":0,"player_choice":"Success","damage_taken":11,"relics_obtained":["Happy Flower"],"max_hp_gain":0,"max_hp_loss":0,"event_name":"Scrap Ooze","floor":3,"gold_loss":0},{"damage_healed":0,"gold_gain":0,"player_choice":"Entered Light","damage_taken":21,"max_hp_gain":0,"max_hp_loss":0,"event_name":"Shining Light","floor":4,"gold_loss":0,"cards_upgraded":["Defend_B","Strike_B"]},{"damage_healed":0,"gold_gain":100,"player_choice":"Gold","damage_taken":0,"max_hp_gain":0,"max_hp_loss":0,"event_name":"Wheel of Change","floor":5,"gold_loss":0}],"is_beta":false,"boss_relics":[],"items_purged_floors":[],"is_endless":false,"potions_floor_spawned":[1,7,12],"killed_by":"Gremlin Nob","ascension_level":18}