{"gold_per_floor":[115,26,26,38,38,38,68,68,95,126,91,91],"floor_reached":12,"playtime":201,"items_purged":[],"score":207,"play_id":"8ec5429e-5c72-4951-b761-25823d21af6d","local_time":"20210627111949","is_ascension_mode":true,"campfire_choices":[{"data":"Fusion","floor":6,"key":"SMITH"},{"data":"Strike_B","floor":8,"key":"PURGE"}],"neow_cost":"NONE","seed_source_timestamp":299161404414100,"circlet_count":0,"master_deck":["AscendersBane","Strike_B","Strike_B","Strike_B","Defend_B","Defend_B","Defend_B+1","Defend_B","Zap","Dualcast","Fusion+1","Capacitor","Sweeping Beam","Cold Snap+1","Genetic Algorithm","Hyperbeam"],"relics":["Cracked Core","NeowsBlessing","Prayer Wheel","Peace Pipe","MealTicket","White Beast Statue"],"potions_floor_usage":[10,12],"damage_taken":[{"damage":0,"enemies":"Small Slimes","floor":1,"turns":1},{"damage":0,"enemies":"Cultist","floor":4,"turns":1},{"damage":0,"enemies":"Lagavulin","floor":7,"turns":1},{"damage":25,"enemies":"Gremlin Nob","floor":10,"turns":4},{"damage":47,"enemies":"Gremlin Nob","floor":12,"turns":4}],"seed_played":"-2799103493452576768","potions_obtained":[{"floor":7,"key":"FearPotion"},{"floor":10,"key":"EssenceOfSteel"}],"is_trial":false,"path_per_floor":["M","$","?","M","?","R","E","R","T","E","?","?"],"character_chosen":"DEFECT","items_purchased":["Capacitor"],"campfire_rested":0,"item_purchase_floors":[2],"current_hp_per_floor":[64,64,64,64,43,43,43,43,43,18,35,0],"gold":91,"neow_bonus":"THREE_ENEMY_KILL","is_prod":false,"is_daily":false,"chose_seed":false,"campfire_upgraded":1,"win_rate":0,"timestamp":1624807189,"path_taken":["M","$","?","?","?","R","E","R","T","E","?","?"],"build_version":"2020-12-22","purchased_purges":0,"victory":false,"max_hp_per_floor":[71,71,71,71,71,71,71,71,71,71,71,71],"card_choices":[{"not_picked":["Redo","Double Energy"],"picked":"Fusion","floor":1},{"not_picked":["Streamline","Compile Driver"],"picked":"Sweeping Beam","floor":4},{"not_picked":["Barrage","Hologram"],"picked":"Cold Snap","floor":4},{"not_picked":["Hologram","Recycle"],"picked":"Genetic Algorithm","floor":7},{"not_picked":["Blizzard","Recycle"],"picked":"Hyperbeam","floor":10}],"player_experience":1472023,"relics_obtained":[{"floor":3,"key":"Prayer Wheel"},{"floor":7,"key":"Peace Pipe"},{"floor":9,"key":"MealTicket"},{"floor":10,"key":"White Beast Statue"}],"event_choices":[{"damage_healed":0,"gold_gain":0,"player_choice":"Relic","damage_taken":0,"max_hp_gain":0,"max_hp_loss":0,"event_name":"Wheel of Change","floor":3,"gold_loss":0},{"damage_healed":0,"gold_gain":0,"player_choice":"Entered Light","damage_taken":21,"max_hp_gain":0,"max_hp_loss":0,"event_name":"Shining Light","floor":5,"gold_loss":0,"cards_upgraded":["Defend_B","Cold Snap"]},{"damage_healed":17,"gold_gain":0,"player_choice":"Healed","damage_taken":0,"max_hp_gain":0,"max_hp_loss":0,"event_name":"The Cleric","floor":11,"gold_loss":35},{"damage_healed":0,"gold_gain":0,"player_choice":"Searched \u00271\u0027 times","damage_taken":0,"max_hp_gain":0,"max_hp_loss":0,"event_name":"Dead Adventurer","floor":12,"gold_loss":0}],"is_beta":false,"boss_relics":[],"items_purged_floors":[],"is_endless":false,"potions_floor_spawned":[7,10],"killed_by":"Gremlin Nob","ascension_level":18}