{"gold_per_floor":[219,189,200,227,242,270,109,137,190,209,147,147,173,188,188,266,266,285,300,300,300,225,225,256,44,44,14,14,31,31,0,0,73,73,87,87,101,38,48,48,48],"floor_reached":41,"playtime":1357,"items_purged":["Strike_B"],"score":811,"play_id":"e6c252da-04fe-49e5-912b-41c336a72d3b","local_time":"20210627145944","is_ascension_mode":true,"campfire_choices":[{"data":"1","floor":12,"key":"LIFT"},{"floor":15,"key":"REST"},{"floor":23,"key":"DIG"},{"floor":28,"key":"DIG"},{"floor":32,"key":"DIG"},{"floor":40,"key":"DIG"}],"neow_cost":"NONE","seed_source_timestamp":311199024639500,"circlet_count":0,"master_deck":["AscendersBane","Strike_B","Strike_B+1","Defend_B","Defend_B","Defend_B","Defend_B","Zap","Dualcast","Ball Lightning","Genetic Algorithm","Doom and Gloom+1","Rip and Tear","Leap","Capacitor","Rainbow","Defragment","Electrodynamics","CurseOfTheBell","BootSequence","Defragment","Conserve Battery+1","Coolheaded","Loop","Stack","Thunder Strike","White Noise","Cold Snap+1","Redo"],"relics":["Cracked Core","Toy Ornithopter","Pantograph","OrangePellets","Girya","Pen Nib","Calling Bell","Lantern","Symbiotic Virus","Shovel","Blue Candle","Bag of Marbles","Membership Card","The Courier","Thread and Needle","Vajra","Coffee Dripper","Toolbox","Whetstone"],"potions_floor_usage":[8,13,13,18,24,24,29,33,41],"damage_taken":[{"damage":4,"enemies":"Jaw Worm","floor":1,"turns":5},{"damage":1,"enemies":"Cultist","floor":3,"turns":3},{"damage":0,"enemies":"2 Louse","floor":5,"turns":3},{"damage":32,"enemies":"3 Sentries","floor":6,"turns":5},{"damage":15,"enemies":"Lagavulin","floor":8,"turns":5},{"damage":2,"enemies":"2 Fungi Beasts","floor":10,"turns":4},{"damage":10,"enemies":"3 Sentries","floor":13,"turns":6},{"damage":8,"enemies":"Blue Slaver","floor":14,"turns":3},{"damage":37,"enemies":"Slime Boss","floor":16,"turns":8},{"damage":21,"enemies":"Shell Parasite","floor":18,"turns":4},{"damage":4,"enemies":"Chosen","floor":19,"turns":4},{"damage":30,"enemies":"Gremlin Leader","floor":24,"turns":7},{"damage":3,"enemies":"Snecko","floor":29,"turns":5},{"damage":71,"enemies":"Automaton","floor":33,"turns":12},{"damage":0,"enemies":"3 Shapes","floor":35,"turns":4},{"damage":39,"enemies":"3 Darklings","floor":37,"turns":4},{"damage":0,"enemies":"Maw","floor":39,"turns":8},{"damage":25,"enemies":"Reptomancer","floor":41,"turns":3}],"seed_played":"-3857568757750934738","potions_obtained":[{"floor":2,"key":"PotionOfCapacity"},{"floor":2,"key":"LiquidMemories"},{"floor":3,"key":"Block Potion"},{"floor":5,"key":"Strength Potion"},{"floor":10,"key":"Block Potion"},{"floor":14,"key":"SpeedPotion"},{"floor":16,"key":"Regen Potion"},{"floor":18,"key":"EssenceOfSteel"},{"floor":24,"key":"DistilledChaos"},{"floor":29,"key":"LiquidBronze"},{"floor":39,"key":"CultistPotion"}],"is_trial":false,"path_per_floor":["M","?","M","T","M","E","$","E","T","M","?","R","E","M","R","B",null,"M","M","?","?","?","R","E","$","T","$","R","M","?","?","R","B",null,"M","?","M","$","M","R","E"],"character_chosen":"DEFECT","items_purchased":["OrangePellets","Membership Card","Coolheaded","Loop","Toolbox"],"campfire_rested":1,"item_purchase_floors":[7,25,25,27,38],"current_hp_per_floor":[60,60,59,59,59,27,27,17,17,15,15,15,15,7,28,16,57,41,37,51,51,51,51,46,46,46,46,46,48,48,48,48,5,55,55,55,16,16,16,16,0],"gold":48,"neow_bonus":"HUNDRED_GOLD","is_prod":false,"is_daily":false,"chose_seed":false,"campfire_upgraded":0,"win_rate":0,"timestamp":1624820384,"path_taken":["M","?","?","?","M","E","$","E","T","M","?","R","E","M","R","BOSS","M","M","?","?","?","R","E","?","T","$","R","M","?","?","R","BOSS","M","?","M","$","M","R","E"],"build_version":"2020-12-22","purchased_purges":1,"victory":false,"max_hp_per_floor":[71,71,71,71,71,71,71,71,71,71,71,71,71,71,71,71,71,71,71,71,71,71,71,71,71,71,71,71,71,71,71,71,71,71,71,71,71,71,71,71,71],"card_choices":[{"not_picked":["FTL","Leap"],"picked":"Ball Lightning","floor":1},{"not_picked":["Skim","Cold Snap"],"picked":"Genetic Algorithm","floor":3},{"not_picked":["Barrage","Reprogram"],"picked":"Doom and Gloom","floor":5},{"not_picked":["Auto Shields","Meteor Strike"],"picked":"Rip and Tear","floor":6},{"not_picked":["Ball Lightning","Hologram"],"picked":"Leap","floor":8},{"not_picked":["Hologram","Consume"],"picked":"Capacitor","floor":10},{"not_picked":["Reinforced Body","Self Repair"],"picked":"Rainbow","floor":13},{"not_picked":["Go for the Eyes","Stack"],"picked":"Defragment","floor":14},{"not_picked":["Reboot","Rainbow"],"picked":"Electrodynamics","floor":16},{"not_picked":["Compile Driver","Streamline"],"picked":"BootSequence","floor":18},{"not_picked":["Undo","Hologram"],"picked":"Defragment","floor":19},{"not_picked":["Ball Lightning","Defragment"],"picked":"Conserve Battery+1","floor":24},{"not_picked":["Compile Driver","Turbo"],"picked":"Stack","floor":29},{"not_picked":["Machine Learning","Meteor Strike"],"picked":"Thunder Strike","floor":33},{"not_picked":["Hello World","Turbo"],"picked":"White Noise","floor":35},{"not_picked":["Lockon","Leap"],"picked":"Cold Snap+1","floor":37},{"not_picked":["Gash","Ball Lightning"],"picked":"Redo","floor":39}],"player_experience":1473791,"relics_obtained":[{"floor":4,"key":"Toy Ornithopter"},{"floor":6,"key":"Pantograph"},{"floor":8,"key":"Girya"},{"floor":13,"key":"Pen Nib"},{"floor":17,"key":"Lantern"},{"floor":17,"key":"Symbiotic Virus"},{"floor":17,"key":"Shovel"},{"floor":23,"key":"Blue Candle"},{"floor":24,"key":"Bag of Marbles"},{"floor":26,"key":"The Courier"},{"floor":28,"key":"Thread and Needle"},{"floor":32,"key":"Vajra"},{"floor":40,"key":"Whetstone"}],"event_choices":[{"damage_healed":0,"gold_gain":0,"player_choice":"Bought 2 Potions","damage_taken":0,"max_hp_gain":0,"max_hp_loss":0,"event_name":"The Woman in Blue","floor":2,"gold_loss":0},{"damage_healed":0,"gold_gain":0,"player_choice":"Left Gold","damage_taken":0,"max_hp_gain":0,"max_hp_loss":0,"event_name":"World of Goop","floor":11,"gold_loss":62},{"damage_healed":14,"gold_gain":0,"player_choice":"Heal","damage_taken":0,"max_hp_gain":0,"max_hp_loss":0,"event_name":"The Library","floor":20,"gold_loss":0},{"damage_healed":0,"gold_gain":0,"player_choice":"Ignored","damage_taken":0,"max_hp_gain":0,"max_hp_loss":0,"event_name":"Cursed Tome","floor":21,"gold_loss":0},{"cards_removed":["Strike_B"],"damage_healed":0,"gold_gain":0,"player_choice":"Gave Gold","damage_taken":0,"max_hp_gain":0,"max_hp_loss":0,"event_name":"Beggar","floor":22,"gold_loss":75},{"damage_healed":0,"gold_gain":0,"player_choice":"Ignored","damage_taken":0,"max_hp_gain":0,"max_hp_loss":0,"event_name":"Ghosts","floor":30,"gold_loss":0},{"damage_healed":0,"gold_gain":0,"player_choice":"Paid Fearfully","damage_taken":0,"max_hp_gain":0,"max_hp_loss":0,"event_name":"Masked Bandits","floor":31,"gold_loss":31},{"damage_healed":0,"gold_gain":0,"player_choice":"Ignored","damage_taken":0,"max_hp_gain":0,"max_hp_loss":0,"event_name":"WeMeetAgain","floor":36,"gold_loss":0}],"is_beta":false,"boss_relics":[{"not_picked":["Ectoplasm","Nuclear Battery"],"picked":"Calling Bell"},{"not_picked":["Busted Crown","Black Star"],"picked":"Coffee Dripper"}],"items_purged_floors":[25],"is_endless":false,"potions_floor_spawned":[3,5,10,14,16,18,24,29,39],"killed_by":"Reptomancer","ascension_level":18}