{"gold_per_floor":[217,217,217,232,46,46,46,59,59,92,3,3,34,34],"floor_reached":14,"playtime":359,"items_purged":[],"score":182,"play_id":"03173d40-66f1-4648-93e6-b6d717f35295","local_time":"20210627163450","is_ascension_mode":true,"campfire_choices":[{"data":"Bandage Up","floor":6,"key":"SMITH"},{"floor":12,"key":"REST"}],"neow_cost":"NONE","seed_source_timestamp":317905055251800,"circlet_count":0,"master_deck":["AscendersBane","Strike_B","Strike_B","Strike_B+1","Strike_B","Defend_B+1","Defend_B","Defend_B","Defend_B","Zap","Dualcast","Reinforced Body+1","Ball Lightning","Lockon","Bandage Up+1","Genetic Algorithm","Glacier","Fusion","Redo"],"relics":["Cracked Core","Pantograph","Tiny Chest","DataDisk"],"potions_floor_usage":[13],"damage_taken":[{"damage":2,"enemies":"2 Louse","floor":1,"turns":3},{"damage":1,"enemies":"Small Slimes","floor":4,"turns":3},{"damage":7,"enemies":"Jaw Worm","floor":8,"turns":3},{"damage":17,"enemies":"3 Sentries","floor":10,"turns":7},{"damage":1,"enemies":"Lagavulin","floor":13,"turns":7},{"damage":76,"enemies":"Gremlin Gang","floor":14,"turns":3}],"seed_played":"6079549903195925830","potions_obtained":[{"floor":1,"key":"ColorlessPotion"},{"floor":4,"key":"FocusPotion"},{"floor":10,"key":"PowerPotion"}],"is_trial":false,"path_per_floor":["M","?","?","M","$","R","?","M","T","E","$","R","E","M"],"character_chosen":"DEFECT","items_purchased":["Lockon","Bandage Up","Fusion"],"campfire_rested":1,"item_purchase_floors":[5,5,11],"current_hp_per_floor":[62,62,41,40,40,40,40,39,39,28,28,49,54,0],"gold":34,"neow_bonus":"HUNDRED_GOLD","is_prod":false,"is_daily":false,"chose_seed":false,"campfire_upgraded":1,"win_rate":0,"timestamp":1624826090,"path_taken":["M","?","?","M","$","R","?","M","T","E","?","R","E","M"],"build_version":"2020-12-22","purchased_purges":0,"victory":false,"max_hp_per_floor":[71,71,71,71,71,71,71,71,71,71,71,71,71,71],"card_choices":[{"not_picked":["Fusion","Hologram"],"picked":"Reinforced Body","floor":1},{"not_picked":["Consume","FTL"],"picked":"Ball Lightning","floor":4},{"not_picked":["Cold Snap","Reinforced Body"],"picked":"Genetic Algorithm","floor":8},{"not_picked":["Conserve Battery","Chill"],"picked":"Glacier","floor":10},{"not_picked":["Compile Driver","Streamline"],"picked":"Redo","floor":13}],"player_experience":1476913,"relics_obtained":[{"floor":9,"key":"Pantograph"},{"floor":10,"key":"Tiny Chest"},{"floor":13,"key":"DataDisk"}],"event_choices":[{"damage_healed":0,"gold_gain":0,"player_choice":"Leave","damage_taken":0,"max_hp_gain":0,"max_hp_loss":0,"event_name":"The Cleric","floor":2,"gold_loss":0},{"damage_healed":0,"gold_gain":0,"player_choice":"Entered Light","damage_taken":21,"max_hp_gain":0,"max_hp_loss":0,"event_name":"Shining Light","floor":3,"gold_loss":0,"cards_upgraded":["Defend_B","Strike_B"]},{"damage_healed":0,"gold_gain":0,"player_choice":"Grow","damage_taken":0,"max_hp_gain":0,"max_hp_loss":0,"event_name":"Living Wall","floor":7,"gold_loss":0,"cards_upgraded":["Reinforced Body"]}],"is_beta":false,"boss_relics":[],"items_purged_floors":[],"is_endless":false,"potions_floor_spawned":[1,4,10],"killed_by":"Gremlin Gang","ascension_level":18}