{"gold_per_floor":[114,114,62,76,76,76,101,101,101,132,132,172,191,216,216,312,312,327,346,7,7,7,7],"floor_reached":23,"playtime":732,"items_purged":[],"score":378,"play_id":"26eb6c4f-d112-4d15-97c5-00be9c2f775e","local_time":"20210627114637","is_ascension_mode":true,"campfire_choices":[{"data":"Sunder","floor":6,"key":"SMITH"},{"data":"Zap","floor":8,"key":"SMITH"},{"floor":15,"key":"REST"}],"neow_cost":"CURSE","seed_source_timestamp":300238445450700,"circlet_count":0,"master_deck":["AscendersBane","Strike_B","Strike_B","Strike_B","Defend_B","Defend_B","Defend_B","Zap+1","Dualcast","Compile Driver","Leap","Sunder+1","Sweeping Beam","Self Repair","Beam Cell","Ball Lightning","Conserve Battery","Heatsinks","Electrodynamics","Fusion","Rainbow"],"relics":["FrozenCore","Golden Idol","InkBottle","Bronze Scales","Gambling Chip","Toolbox","Juzu Bracelet"],"potions_floor_usage":[12,13,23],"damage_taken":[{"damage":1,"enemies":"Small Slimes","floor":1,"turns":3},{"damage":6,"enemies":"Cultist","floor":4,"turns":3},{"damage":0,"enemies":"Jaw Worm","floor":7,"turns":3},{"damage":32,"enemies":"Gremlin Nob","floor":10,"turns":4},{"damage":30,"enemies":"Lagavulin","floor":12,"turns":6},{"damage":4,"enemies":"Exordium Thugs","floor":13,"turns":3},{"damage":1,"enemies":"2 Fungi Beasts","floor":14,"turns":3},{"damage":30,"enemies":"Slime Boss","floor":16,"turns":7},{"damage":6,"enemies":"Chosen","floor":18,"turns":4},{"damage":41,"enemies":"Shell Parasite","floor":19,"turns":7},{"damage":24,"enemies":"Book of Stabbing","floor":23,"turns":4}],"seed_played":"-3865177843394017736","potions_obtained":[{"floor":4,"key":"SkillPotion"},{"floor":12,"key":"ColorlessPotion"},{"floor":16,"key":"Swift Potion"},{"floor":19,"key":"DuplicationPotion"}],"is_trial":false,"path_per_floor":["M","?","$","M","?","R","M","R","T","E","?","E","M","M","R","B",null,"M","M","$","?","$","E"],"character_chosen":"DEFECT","items_purchased":["Sweeping Beam","Toolbox","Rainbow"],"campfire_rested":1,"item_purchase_floors":[3,20,20],"current_hp_per_floor":[63,63,63,57,57,57,57,57,57,32,32,9,5,11,32,9,56,57,23,23,23,23,0],"gold":7,"neow_bonus":"TRANSFORM_TWO_CARDS","is_prod":false,"is_daily":false,"chose_seed":false,"campfire_upgraded":2,"win_rate":0,"timestamp":1624808797,"path_taken":["M","?","?","M","?","R","M","R","T","E","?","E","?","M","R","BOSS","M","M","$","?","?","E"],"build_version":"2020-12-22","purchased_purges":0,"victory":false,"max_hp_per_floor":[71,71,71,71,71,71,71,71,71,71,71,71,71,71,71,71,71,71,71,71,71,71,71],"card_choices":[{"not_picked":["Stack","Sweeping Beam"],"picked":"Sunder","floor":1},{"not_picked":["Redo","Beam Cell"],"picked":"Self Repair","floor":4},{"not_picked":["Go for the Eyes","Steam Power"],"picked":"Beam Cell","floor":7},{"not_picked":["Multi-Cast","Leap"],"picked":"Ball Lightning","floor":10},{"not_picked":["Streamline","Creative AI"],"picked":"Conserve Battery","floor":12},{"not_picked":["Leap","Loop","Ball Lightning"],"picked":"SKIP","floor":13},{"not_picked":["Auto Shields","Compile Driver"],"picked":"Heatsinks","floor":14},{"not_picked":["Biased Cognition","Core Surge"],"picked":"Electrodynamics","floor":16},{"not_picked":["Go for the Eyes","Steam+1","Barrage"],"picked":"SKIP","floor":18},{"not_picked":["Barrage","Beam Cell"],"picked":"Fusion","floor":19}],"player_experience":1473059,"relics_obtained":[{"floor":9,"key":"InkBottle"},{"floor":10,"key":"Bronze Scales"},{"floor":12,"key":"Gambling Chip"}],"event_choices":[{"cards_removed":["Normality"],"damage_healed":0,"gold_gain":0,"player_choice":"Purged","damage_taken":0,"max_hp_gain":0,"max_hp_loss":0,"event_name":"Purifier","floor":2,"gold_loss":0},{"damage_healed":0,"gold_gain":0,"player_choice":"Take Wound","damage_taken":0,"relics_obtained":["Golden Idol"],"max_hp_gain":0,"max_hp_loss":0,"event_name":"Golden Idol","floor":5,"gold_loss":0,"cards_obtained":["Injury"]},{"cards_removed":["Injury"],"damage_healed":0,"gold_gain":0,"player_choice":"Removed Curses","damage_taken":0,"max_hp_gain":0,"max_hp_loss":0,"event_name":"Fountain of Cleansing","floor":11,"gold_loss":0},{"damage_healed":0,"gold_gain":0,"player_choice":"Gave Potion","damage_taken":0,"relics_obtained":["Juzu Bracelet"],"max_hp_gain":0,"max_hp_loss":0,"event_name":"WeMeetAgain","floor":21,"gold_loss":0}],"is_beta":false,"boss_relics":[{"not_picked":["Ectoplasm","Velvet Choker"],"picked":"FrozenCore"}],"items_purged_floors":[],"is_endless":false,"potions_floor_spawned":[4,12,16,19],"killed_by":"Book of Stabbing","ascension_level":18}