{"gold_per_floor":[13,31,43,53,69,69,69,94,94,94],"floor_reached":10,"playtime":238,"items_purged":[],"score":133,"play_id":"d2b2969d-8448-41a6-a57e-71d7345ce914","local_time":"20210701114422","is_ascension_mode":true,"campfire_choices":[{"data":"Strike_B","floor":6,"key":"PURGE"}],"neow_cost":"NO_GOLD","seed_source_timestamp":646197842739900,"circlet_count":0,"master_deck":["AscendersBane","Strike_B","Strike_B","Strike_B","Defend_B","Defend_B","Defend_B","Defend_B","Zap","Dualcast","Gash","Go for the Eyes","Redo","Streamline","Sunder","BootSequence"],"relics":["Cracked Core","Peace Pipe","Pen Nib","Unceasing Top"],"potions_floor_usage":[8,10],"damage_taken":[{"damage":7,"enemies":"Cultist","floor":1,"turns":4},{"damage":3,"enemies":"2 Louse","floor":2,"turns":2},{"damage":4,"enemies":"Small Slimes","floor":3,"turns":3},{"damage":8,"enemies":"Blue Slaver","floor":4,"turns":4},{"damage":6,"enemies":"Looter","floor":5,"turns":2},{"damage":54,"enemies":"Gremlin Nob","floor":8,"turns":5},{"damage":6,"enemies":"Lagavulin","floor":10,"turns":3}],"seed_played":"-8484188285579582748","potions_obtained":[{"floor":1,"key":"SkillPotion"},{"floor":3,"key":"Dexterity Potion"}],"is_trial":false,"path_per_floor":["M","M","M","M","M","R","?","E","T","E"],"character_chosen":"DEFECT","items_purchased":[],"campfire_rested":0,"item_purchase_floors":[],"current_hp_per_floor":[57,54,50,42,36,36,59,5,5,0],"gold":94,"neow_bonus":"ONE_RARE_RELIC","is_prod":false,"is_daily":false,"chose_seed":false,"campfire_upgraded":0,"win_rate":0,"timestamp":1625154262,"path_taken":["M","M","M","M","?","R","?","E","T","E"],"build_version":"2020-12-22","purchased_purges":0,"victory":false,"max_hp_per_floor":[71,71,71,71,71,71,71,71,71,71],"card_choices":[{"not_picked":["Skim","Undo"],"picked":"Gash","floor":1},{"not_picked":["Static Discharge","Leap"],"picked":"Go for the Eyes","floor":2},{"not_picked":["Compile Driver","Force Field"],"picked":"Redo","floor":3},{"not_picked":["Go for the Eyes","Steam"],"picked":"Streamline","floor":4},{"not_picked":["Streamline","Chill"],"picked":"Sunder","floor":5},{"not_picked":["Amplify","Heatsinks"],"picked":"BootSequence","floor":8}],"player_experience":1478415,"relics_obtained":[{"floor":8,"key":"Pen Nib"},{"floor":9,"key":"Unceasing Top"}],"event_choices":[{"damage_healed":23,"gold_gain":0,"player_choice":"Banana","damage_taken":0,"max_hp_gain":0,"max_hp_loss":0,"event_name":"Big Fish","floor":7,"gold_loss":0}],"is_beta":false,"boss_relics":[],"items_purged_floors":[],"is_endless":false,"potions_floor_spawned":[1,3,5],"killed_by":"Lagavulin","ascension_level":18}