{"gold_per_floor":[111,261,15,28,28,62,62,92,118,136,146,146,179,12,12,86,86,97,147,147,147,173,173],"floor_reached":23,"playtime":625,"items_purged":["Doubt"],"score":437,"play_id":"f53aadab-2df2-4aed-925a-1b5bfe9d898d","local_time":"20210701000156","is_ascension_mode":true,"campfire_choices":[{"data":"Genetic Algorithm","floor":7,"key":"SMITH"},{"data":"Streamline","floor":15,"key":"SMITH"}],"neow_cost":"NONE","seed_source_timestamp":603663827613900,"circlet_count":0,"master_deck":["AscendersBane","Strike_B","Strike_B","Strike_B","Strike_B+1","Defend_B+1","Defend_B","Defend_B","Defend_B+1","Zap","Dualcast","Ball Lightning","Genetic Algorithm+1","Streamline+1","Ball Lightning","Skim","Rip and Tear","Tempest","Gash+1","Self Repair","Electrodynamics","Sweeping Beam","Barrage"],"relics":["Cracked Core","NeowsBlessing","Membership Card","Anchor","Bronze Scales","Ancient Tea Set","War Paint","Lee\u0027s Waffle","Whetstone","Inserter","Red Mask"],"potions_floor_usage":[16,18,22],"damage_taken":[{"damage":0,"enemies":"Jaw Worm","floor":1,"turns":1},{"damage":0,"enemies":"2 Louse","floor":4,"turns":1},{"damage":0,"enemies":"3 Sentries","floor":6,"turns":1},{"damage":35,"enemies":"Gremlin Nob","floor":8,"turns":4},{"damage":1,"enemies":"Cultist","floor":10,"turns":3},{"damage":0,"enemies":"3 Louse","floor":11,"turns":2},{"damage":10,"enemies":"3 Sentries","floor":13,"turns":5},{"damage":56,"enemies":"Hexaghost","floor":16,"turns":8},{"damage":16,"enemies":"Chosen","floor":18,"turns":5},{"damage":25,"enemies":"Masked Bandits","floor":22,"turns":4},{"damage":48,"enemies":"Book of Stabbing","floor":23,"turns":5}],"seed_played":"6363184693181074714","potions_obtained":[{"floor":11,"key":"FocusPotion"},{"floor":16,"key":"Explosive Potion"},{"floor":18,"key":"Fruit Juice"}],"is_trial":false,"path_per_floor":["M","?","$","M","?","E","R","E","T","M","M","?","E","$","R","B",null,"M","?","?","?","?","E"],"character_chosen":"DEFECT","items_purchased":["Membership Card","Genetic Algorithm","Streamline","Lee\u0027s Waffle","Whetstone"],"campfire_rested":0,"item_purchase_floors":[3,3,3,14,14],"current_hp_per_floor":[64,64,64,64,71,71,71,36,36,35,35,35,25,78,78,29,66,62,62,62,62,44,0],"gold":173,"neow_bonus":"THREE_ENEMY_KILL","is_prod":false,"is_daily":false,"chose_seed":false,"campfire_upgraded":2,"win_rate":0,"timestamp":1625112116,"path_taken":["M","?","$","M","?","E","R","E","T","M","?","?","E","$","R","BOSS","M","?","?","?","?","E"],"build_version":"2020-12-22","purchased_purges":1,"victory":false,"max_hp_per_floor":[71,71,71,71,71,71,71,71,71,71,71,71,71,78,78,78,78,83,83,83,83,83,83],"card_choices":[{"not_picked":["FTL","Chill"],"picked":"Ball Lightning","floor":1},{"not_picked":["Compile Driver","Streamline"],"picked":"Ball Lightning","floor":4},{"not_picked":["Undo","Recycle"],"picked":"Skim","floor":6},{"not_picked":["Stack","Redo"],"picked":"Rip and Tear","floor":8},{"not_picked":["Gash","Cold Snap"],"picked":"Tempest","floor":10},{"not_picked":["Beam Cell","Cold Snap"],"picked":"All For One","floor":11},{"not_picked":["Buffer","Hologram"],"picked":"Self Repair","floor":13},{"not_picked":["Amplify","Machine Learning"],"picked":"Electrodynamics","floor":16},{"not_picked":["Stack","Rebound"],"picked":"Sweeping Beam","floor":18}],"player_experience":1477272,"relics_obtained":[{"floor":6,"key":"Anchor"},{"floor":8,"key":"Bronze Scales"},{"floor":9,"key":"Ancient Tea Set"},{"floor":13,"key":"War Paint"},{"floor":22,"key":"Red Mask"}],"event_choices":[{"damage_healed":0,"gold_gain":150,"player_choice":"AGREE","damage_taken":0,"max_hp_gain":0,"max_hp_loss":0,"event_name":"Liars Game","floor":2,"gold_loss":0,"cards_obtained":["Doubt"]},{"damage_healed":7,"gold_gain":0,"player_choice":"Full Heal","damage_taken":0,"max_hp_gain":0,"max_hp_loss":0,"event_name":"Wheel of Change","floor":5,"gold_loss":0},{"damage_healed":0,"gold_gain":0,"player_choice":"1 cards matched","damage_taken":0,"max_hp_gain":0,"max_hp_loss":0,"event_name":"Match and Keep!","floor":12,"gold_loss":0,"cards_obtained":["Gash"]},{"damage_healed":0,"gold_gain":50,"player_choice":"Stole From Cult","damage_taken":0,"max_hp_gain":0,"max_hp_loss":0,"event_name":"Nest","floor":19,"gold_loss":0},{"damage_healed":0,"gold_gain":0,"player_choice":"Read","damage_taken":0,"max_hp_gain":0,"max_hp_loss":0,"event_name":"The Library","floor":20,"gold_loss":0,"cards_obtained":["Barrage"]},{"cards_removed":["All For One"],"damage_healed":0,"gold_gain":0,"player_choice":"Elegance","damage_taken":0,"max_hp_gain":0,"max_hp_loss":0,"event_name":"Back to Basics","floor":21,"gold_loss":0},{"damage_healed":0,"gold_gain":0,"player_choice":"Fought Bandits","damage_taken":0,"max_hp_gain":0,"max_hp_loss":0,"event_name":"Masked Bandits","floor":22,"gold_loss":0}],"is_beta":false,"boss_relics":[{"not_picked":["Coffee Dripper","Cursed Key"],"picked":"Inserter"}],"items_purged_floors":[3],"is_endless":false,"potions_floor_spawned":[11,16,18],"killed_by":"Book of Stabbing","ascension_level":18}