{"gold_per_floor":[116,166,177,189,339,339,414,86,86,7,39,39,49,60,60,136,136,146,146,62,75,75],"floor_reached":22,"playtime":977,"items_purged":["Doubt"],"score":350,"play_id":"99e72aff-6194-42ff-977b-e786f10cdea6","local_time":"20210718213724","is_ascension_mode":true,"campfire_choices":[{"data":"Redo","floor":6,"key":"SMITH"},{"floor":15,"key":"REST"}],"neow_cost":"NONE","seed_source_timestamp":2149843604091300,"circlet_count":0,"master_deck":["AscendersBane","Strike_B","Strike_B","Defend_B","Defend_B","Zap","Dualcast","Buffer","Redo+1","Compile Driver","Gash","Coolheaded","Conserve Battery","Glacier","Fission","Coolheaded","White Noise","Thunder Strike","Hologram+1","Sunder+1","Streamline+1","Tempest","Capacitor","Leap+1"],"relics":["Cracked Core","HandDrill","Bottled Tornado","Meat on the Bone","Astrolabe"],"potions_floor_usage":[16,21],"damage_taken":[{"damage":4,"enemies":"Jaw Worm","floor":1,"turns":5},{"damage":1,"enemies":"Cultist","floor":3,"turns":3},{"damage":10,"enemies":"Small Slimes","floor":4,"turns":3},{"damage":7,"enemies":"Lagavulin","floor":11,"turns":8},{"damage":18,"enemies":"3 Louse","floor":13,"turns":6},{"damage":6,"enemies":"Exordium Wildlife","floor":14,"turns":4},{"damage":24,"enemies":"Slime Boss","floor":16,"turns":13},{"damage":11,"enemies":"Shell Parasite","floor":18,"turns":3},{"damage":4,"enemies":"2 Thieves","floor":21,"turns":4},{"damage":48,"enemies":"Centurion and Healer","floor":22,"turns":9}],"seed_played":"-4116980230392584863","potions_obtained":[{"floor":3,"key":"PowerPotion"},{"floor":16,"key":"SpeedPotion"},{"floor":18,"key":"AttackPotion"}],"is_trial":false,"path_per_floor":["M","?","M","M","?","R","?","$","T","$","E","?","M","M","R","B",null,"M","?","$","M","M"],"character_chosen":"DEFECT","items_purchased":["HandDrill","Coolheaded","Conserve Battery","Glacier","Capacitor"],"campfire_rested":1,"item_purchase_floors":[8,8,8,10,20],"current_hp_per_floor":[60,53,52,42,42,42,31,31,31,31,24,24,18,24,45,33,62,51,51,51,47,0],"gold":75,"neow_bonus":"ONE_RANDOM_RARE_CARD","is_prod":false,"is_daily":false,"chose_seed":false,"campfire_upgraded":1,"win_rate":0,"timestamp":1626658644,"path_taken":["M","?","?","M","?","R","?","$","T","?","E","?","?","?","R","BOSS","M","?","$","M","M"],"build_version":"2020-12-22","purchased_purges":1,"victory":false,"max_hp_per_floor":[71,71,71,71,71,71,71,71,71,71,71,71,71,71,71,71,71,71,71,71,71,71],"card_choices":[{"not_picked":["Hologram","Steam Power"],"picked":"Redo","floor":1},{"not_picked":["Go for the Eyes","Rebound"],"picked":"Compile Driver","floor":3},{"not_picked":["Barrage","Redo"],"picked":"Gash","floor":4},{"not_picked":["Amplify","Beam Cell"],"picked":"Fission","floor":11},{"not_picked":["Go for the Eyes","Leap"],"picked":"Coolheaded","floor":13},{"not_picked":["Turbo","Self Repair"],"picked":"White Noise","floor":14},{"not_picked":["Echo Form","Buffer"],"picked":"Thunder Strike","floor":16},{"not_picked":["Rebound","Streamline"],"picked":"Tempest","floor":18},{"not_picked":["Aggregate","Stack"],"picked":"Leap+1","floor":21}],"player_experience":1497500,"relics_obtained":[{"floor":9,"key":"Bottled Tornado"},{"floor":11,"key":"Meat on the Bone"}],"event_choices":[{"damage_healed":0,"gold_gain":50,"player_choice":"Touch","damage_taken":7,"max_hp_gain":0,"max_hp_loss":0,"event_name":"FaceTrader","floor":2,"gold_loss":0},{"damage_healed":0,"gold_gain":150,"player_choice":"AGREE","damage_taken":0,"max_hp_gain":0,"max_hp_loss":0,"event_name":"Liars Game","floor":5,"gold_loss":0,"cards_obtained":["Doubt"]},{"damage_healed":0,"gold_gain":75,"player_choice":"Gather Gold","damage_taken":11,"max_hp_gain":0,"max_hp_loss":0,"event_name":"World of Goop","floor":7,"gold_loss":0},{"cards_removed":["Strike_B"],"damage_healed":0,"gold_gain":0,"player_choice":"Purged","damage_taken":0,"max_hp_gain":0,"max_hp_loss":0,"event_name":"Purifier","floor":12,"gold_loss":0},{"damage_healed":0,"gold_gain":0,"player_choice":"Ignored","damage_taken":0,"max_hp_gain":0,"max_hp_loss":0,"event_name":"Ghosts","floor":19,"gold_loss":0}],"is_beta":false,"boss_relics":[{"not_picked":["Runic Pyramid","SlaversCollar"],"picked":"Astrolabe"}],"items_purged_floors":[8],"is_endless":false,"potions_floor_spawned":[3,16,18],"killed_by":"Centurion and Healer","ascension_level":18}