{"gold_per_floor":[114,114,114,6,20,48,48,79,79,94,94,48,80,96,96,174,174,186,186,201,201],"floor_reached":21,"playtime":628,"items_purged":[],"score":422,"play_id":"feee1738-8f38-40f9-8c70-388c0f844a3c","local_time":"20210720232849","is_ascension_mode":true,"campfire_choices":[{"data":"Zap","floor":7,"key":"SMITH"},{"data":"Hologram","floor":15,"key":"SMITH"}],"neow_cost":"NONE","seed_source_timestamp":143803882393200,"circlet_count":0,"master_deck":["AscendersBane","Strike_B","Strike_B","Strike_B","Defend_B","Defend_B","Defend_B","Zap+1","Dualcast","Rip and Tear","Steam","Finesse","Leap","Scrape","Hologram+1","Gash","Reboot"],"relics":["FrozenCore","NeowsBlessing","Shuriken","DataDisk","Tiny Chest","FossilizedHelix"],"potions_floor_usage":[8,8,13,21],"damage_taken":[{"damage":0,"enemies":"Cultist","floor":1,"turns":1},{"damage":0,"enemies":"2 Louse","floor":5,"turns":1},{"damage":0,"enemies":"Lagavulin","floor":6,"turns":1},{"damage":17,"enemies":"3 Sentries","floor":8,"turns":7},{"damage":0,"enemies":"Jaw Worm","floor":10,"turns":3},{"damage":8,"enemies":"Lagavulin","floor":13,"turns":5},{"damage":0,"enemies":"Blue Slaver","floor":14,"turns":2},{"damage":11,"enemies":"Hexaghost","floor":16,"turns":8},{"damage":0,"enemies":"Chosen","floor":18,"turns":4},{"damage":0,"enemies":"3 Byrds","floor":20,"turns":4},{"damage":67,"enemies":"Masked Bandits","floor":21,"turns":4}],"seed_played":"5735549202897681309","potions_obtained":[{"floor":5,"key":"GamblersBrew"},{"floor":6,"key":"Swift Potion"},{"floor":8,"key":"FocusPotion"},{"floor":13,"key":"LiquidMemories"},{"floor":16,"key":"CultistPotion"}],"is_trial":false,"path_per_floor":["M","?","?","$","M","E","R","E","T","M","$","?","E","M","R","B",null,"M","T","M","?"],"character_chosen":"DEFECT","items_purchased":["Finesse"],"campfire_rested":0,"item_purchase_floors":[4],"current_hp_per_floor":[64,64,57,57,57,57,57,40,40,40,40,40,32,32,32,21,59,59,59,59,0],"gold":201,"neow_bonus":"THREE_ENEMY_KILL","is_prod":false,"is_daily":false,"chose_seed":false,"campfire_upgraded":2,"win_rate":0,"timestamp":1626838129,"path_taken":["M","?","?","$","M","E","R","E","T","M","?","?","E","?","R","BOSS","M","?","M","?"],"build_version":"2020-12-22","purchased_purges":0,"victory":false,"max_hp_per_floor":[71,71,71,71,71,71,71,71,71,71,71,71,71,71,71,71,71,71,71,71,71],"card_choices":[{"not_picked":["Conserve Battery","Skim"],"picked":"Rip and Tear","floor":1},{"not_picked":["Streamline","Compile Driver"],"picked":"Leap","floor":5},{"not_picked":["Leap","Conserve Battery"],"picked":"Scrape","floor":6},{"not_picked":["Leap","Streamline"],"picked":"Hologram","floor":8},{"not_picked":["Scrape","Streamline"],"picked":"Gash","floor":10},{"not_picked":["Consume","Streamline","Darkness"],"picked":"SKIP","floor":13},{"not_picked":["Genetic Algorithm","Rebound","Thunder Strike"],"picked":"SKIP","floor":14},{"not_picked":["Thunder Strike","Creative AI"],"picked":"Reboot","floor":16},{"not_picked":["Glacier","Streamline","Cold Snap+1"],"picked":"SKIP","floor":18},{"not_picked":["Recycle","Steam","Turbo"],"picked":"SKIP","floor":20}],"player_experience":1507992,"relics_obtained":[{"floor":6,"key":"Shuriken"},{"floor":8,"key":"DataDisk"},{"floor":9,"key":"Tiny Chest"},{"floor":13,"key":"FossilizedHelix"}],"event_choices":[{"damage_healed":0,"gold_gain":0,"cards_transformed":["Strike_B"],"player_choice":"Change","damage_taken":0,"max_hp_gain":0,"max_hp_loss":0,"event_name":"Living Wall","floor":2,"gold_loss":0,"cards_obtained":["Steam"]},{"cards_removed":["Defend_B"],"damage_healed":0,"gold_gain":0,"player_choice":"Card Removal","damage_taken":7,"max_hp_gain":0,"max_hp_loss":0,"event_name":"Golden Wing","floor":3,"gold_loss":0},{"damage_healed":0,"gold_gain":0,"player_choice":"Left Gold","damage_taken":0,"max_hp_gain":0,"max_hp_loss":0,"event_name":"World of Goop","floor":12,"gold_loss":46},{"damage_healed":0,"gold_gain":0,"player_choice":"Fought Bandits","damage_taken":0,"max_hp_gain":0,"max_hp_loss":0,"event_name":"Masked Bandits","floor":21,"gold_loss":0}],"is_beta":false,"boss_relics":[{"not_picked":["Coffee Dripper","Sozu"],"picked":"FrozenCore"}],"items_purged_floors":[],"is_endless":false,"potions_floor_spawned":[5,6,8,13,16],"killed_by":"Masked Bandits","ascension_level":18}