{"gold_per_floor":[17,17,17,92,92,119,137,137,137,166,166,199,30,46,46,123,123,140,140,65,79,129,129,129],"floor_reached":24,"playtime":717,"items_purged":["Decay"],"score":399,"play_id":"ecfb1f86-d734-42d2-9e5d-111c75797460","local_time":"20210720231306","is_ascension_mode":true,"campfire_choices":[{"floor":8.0,"key":"REST"},{"floor":11.0,"key":"REST"},{"data":"Strike_B","floor":15.0,"key":"PURGE"},{"floor":23,"key":"REST"}],"neow_cost":"NO_GOLD","seed_source_timestamp":0,"circlet_count":0,"master_deck":["AscendersBane","Strike_B","Strike_B","Strike_B","Defend_B","Defend_B","Defend_B","Defend_B","Zap","Dualcast","Apotheosis+1","Cold Snap","Amplify","Tempest","Thunder Strike","Force Field","Buffer","Storm"],"special_seed":0,"relics":["Cracked Core","Bird Faced Urn","Akabeko","Ginger","Vajra","Peace Pipe","Lee\u0027s Waffle","Fusion Hammer"],"potions_floor_usage":[21],"damage_taken":[{"damage":8.0,"enemies":"2 Louse","floor":1.0,"turns":3.0},{"damage":4.0,"enemies":"Lagavulin","floor":6.0,"turns":6.0},{"damage":3.0,"enemies":"Small Slimes","floor":7.0,"turns":3.0},{"damage":10.0,"enemies":"3 Sentries","floor":10.0,"turns":6.0},{"damage":28.0,"enemies":"Gremlin Nob","floor":12.0,"turns":4.0},{"damage":0.0,"enemies":"Cultist","floor":14.0,"turns":3.0},{"damage":30.0,"enemies":"Slime Boss","floor":16.0,"turns":7.0},{"damage":16.0,"enemies":"Chosen","floor":18.0,"turns":5.0},{"damage":24,"enemies":"2 Thieves","floor":21,"turns":3},{"damage":64,"enemies":"Gremlin Leader","floor":24,"turns":5}],"seed_played":"8584694879266298153","potions_obtained":[{"floor":1.0,"key":"CultistPotion"},{"floor":5.0,"key":"AttackPotion"},{"floor":6.0,"key":"Dexterity Potion"},{"floor":10.0,"key":"Explosive Potion"},{"floor":14.0,"key":"AttackPotion"},{"floor":16.0,"key":"Weak Potion"},{"floor":18.0,"key":"Ancient Potion"}],"is_trial":false,"path_per_floor":["M","?","?","?","?","E","M","R","T","E","R","E","$","M","R","B",null,"M","?","$","M","?","R","E"],"character_chosen":"DEFECT","items_purchased":["Lee\u0027s Waffle"],"campfire_rested":3,"item_purchase_floors":[13],"current_hp_per_floor":[56,56,21,10,10,6,3,24,24,14,35,7,78,78,78,48,71,57,57,57,33,33,56,0],"gold":129,"neow_bonus":"RANDOM_COLORLESS_2","is_prod":false,"is_daily":false,"chose_seed":false,"campfire_upgraded":0,"win_rate":0,"timestamp":1626837186,"path_taken":["M","?","?","?","?","E","?","R","T","E","R","E","$","M","R","BOSS","M","?","$","M","?","R","E"],"build_version":"2020-12-22","purchased_purges":1,"victory":false,"max_hp_per_floor":[71,71,71,71,71,71,71,71,71,71,71,71,78,78,78,78,78,78,78,78,78,78,78,78],"card_choices":[{"not_picked":["Secret Technique","Mayhem"],"picked":"Apotheosis","floor":0.0},{"not_picked":["Leap","Barrage"],"picked":"Cold Snap","floor":1.0},{"not_picked":["Fission","Turbo"],"picked":"Amplify","floor":6.0},{"not_picked":["Cold Snap","Barrage"],"picked":"Tempest","floor":7.0},{"not_picked":["Genetic Algorithm","Reboot"],"picked":"Thunder Strike","floor":10.0},{"not_picked":["Darkness","Steam Power","Doom and Gloom"],"picked":"SKIP","floor":12.0},{"not_picked":["Turbo","Fusion"],"picked":"Force Field","floor":14.0},{"not_picked":["Reboot","All For One"],"picked":"Buffer","floor":16.0},{"not_picked":["Barrage","Hologram","Sweeping Beam"],"picked":"SKIP","floor":18.0},{"not_picked":["Conserve Battery","Rebound"],"picked":"Storm","floor":21}],"player_experience":1506990,"relics_obtained":[{"floor":6.0,"key":"Akabeko"},{"floor":9.0,"key":"Ginger"},{"floor":10.0,"key":"Vajra"},{"floor":12.0,"key":"Peace Pipe"}],"event_choices":[{"damage_healed":0.0,"max_hp_gain":0.0,"max_hp_loss":0.0,"gold_gain":0.0,"event_name":"Living Wall","player_choice":"Grow","floor":2.0,"gold_loss":0.0,"damage_taken":0.0,"cards_upgraded":["Apotheosis"]},{"damage_healed":0.0,"max_hp_gain":0.0,"max_hp_loss":0.0,"gold_gain":0.0,"event_name":"Scrap Ooze","player_choice":"Success","floor":3.0,"gold_loss":0.0,"damage_taken":35.0,"relics_obtained":["Bird Faced Urn"]},{"damage_healed":0.0,"max_hp_gain":0.0,"max_hp_loss":0.0,"gold_gain":75.0,"event_name":"World of Goop","player_choice":"Gather Gold","floor":4.0,"gold_loss":0.0,"damage_taken":11.0},{"damage_healed":0.0,"max_hp_gain":0.0,"max_hp_loss":0.0,"gold_gain":0.0,"event_name":"Lab","player_choice":"Got Potions","floor":5.0,"gold_loss":0.0,"damage_taken":0.0},{"damage_healed":0.0,"max_hp_gain":0.0,"max_hp_loss":0.0,"gold_gain":0.0,"event_name":"Forgotten Altar","player_choice":"Smashed Altar","floor":19.0,"gold_loss":0.0,"damage_taken":0.0,"cards_obtained":["Decay"]},{"damage_healed":0,"gold_gain":50,"player_choice":"Stole From Cult","damage_taken":0,"max_hp_gain":0,"max_hp_loss":0,"event_name":"Nest","floor":22,"gold_loss":0}],"is_beta":false,"boss_relics":[{"not_picked":["Coffee Dripper","Inserter"],"picked":"Fusion Hammer"}],"items_purged_floors":[20],"is_endless":false,"potions_floor_spawned":[1,6,10,14,16,18],"killed_by":"Gremlin Leader","ascension_level":18}