{"gold_per_floor":[112,112,112,127,137,137,150,150,177,207,219,231],"floor_reached":12,"playtime":273,"items_purged":[],"score":148,"play_id":"52328a2f-8d35-409d-85d5-2ce91c229181","local_time":"20210720231748","is_ascension_mode":true,"campfire_choices":[{"data":"Genetic Algorithm","floor":6,"key":"SMITH"}],"neow_cost":"TEN_PERCENT_HP_LOSS","seed_source_timestamp":143498362759400,"circlet_count":0,"master_deck":["AscendersBane","Strike_B","Strike_B+1","Strike_B","Defend_B","Defend_B+1","Defend_B","Defend_B","Zap","Dualcast","Meteor Strike","Ball Lightning","Genetic Algorithm+1","Ball Lightning","Undo","Core Surge"],"relics":["Cracked Core","Tiny Chest","MawBank","The Courier"],"potions_floor_usage":[10],"damage_taken":[{"damage":9,"enemies":"Jaw Worm","floor":1,"turns":4},{"damage":0,"enemies":"Cultist","floor":4,"turns":3},{"damage":4,"enemies":"Small Slimes","floor":5,"turns":3},{"damage":10,"enemies":"Gremlin Gang","floor":7,"turns":4},{"damage":19,"enemies":"Lagavulin","floor":10,"turns":6},{"damage":9,"enemies":"3 Sentries","floor":12,"turns":2}],"seed_played":"8303501175698293551","potions_obtained":[{"floor":7,"key":"FearPotion"},{"floor":10,"key":"Fire Potion"}],"is_trial":false,"path_per_floor":["M","?","?","M","M","R","M","$","T","E","T","E"],"character_chosen":"DEFECT","items_purchased":[],"campfire_rested":0,"item_purchase_floors":[],"current_hp_per_floor":[55,36,36,36,32,32,22,22,22,3,3,0],"gold":231,"neow_bonus":"THREE_RARE_CARDS","is_prod":false,"is_daily":false,"chose_seed":false,"campfire_upgraded":1,"win_rate":0,"timestamp":1626837468,"path_taken":["M","?","?","?","M","R","?","?","T","E","?","E"],"build_version":"2020-12-22","purchased_purges":0,"victory":false,"max_hp_per_floor":[64,64,64,64,64,64,64,64,64,64,64,64],"card_choices":[{"not_picked":["Rainbow","Machine Learning"],"picked":"Meteor Strike","floor":0},{"not_picked":["Leap","Sunder"],"picked":"Ball Lightning","floor":1},{"not_picked":["Compile Driver","Stack"],"picked":"Genetic Algorithm","floor":4},{"not_picked":["Rip and Tear","Go for the Eyes"],"picked":"Ball Lightning","floor":5},{"not_picked":["Hello World","Gash"],"picked":"Undo","floor":7},{"not_picked":["FTL","Creative AI"],"picked":"Core Surge","floor":10}],"player_experience":1507707,"relics_obtained":[{"floor":9,"key":"Tiny Chest"},{"floor":10,"key":"MawBank"},{"floor":11,"key":"The Courier"}],"event_choices":[{"damage_healed":0,"gold_gain":0,"player_choice":"Entered Light","damage_taken":19,"max_hp_gain":0,"max_hp_loss":0,"event_name":"Shining Light","floor":2,"gold_loss":0,"cards_upgraded":["Defend_B","Strike_B"]},{"cards_removed":["Strike_B"],"damage_healed":0,"gold_gain":0,"player_choice":"Purged","damage_taken":0,"max_hp_gain":0,"max_hp_loss":0,"event_name":"Purifier","floor":3,"gold_loss":0}],"is_beta":false,"boss_relics":[],"items_purged_floors":[],"is_endless":false,"potions_floor_spawned":[7,10],"killed_by":"3 Sentries","ascension_level":18}