{"gold_per_floor":[115,40,115,115,128,128,153,153,153,153,24,38,74,93,93,179,233,246,266,295,295,295,295,332,332,359,376,403,73,73],"floor_reached":30,"playtime":837,"items_purged":["Injury"],"score":616,"play_id":"b40c56ff-1ec8-486a-b467-1cd7d590f3a0","local_time":"20210713141643","is_ascension_mode":true,"campfire_choices":[{"data":"Rip and Tear","floor":6,"key":"SMITH"},{"data":"Loop","floor":8,"key":"SMITH"},{"floor":10,"key":"REST"},{"data":"Beam Cell","floor":15,"key":"SMITH"},{"floor":23,"key":"REST"},{"floor":25,"key":"REST"}],"neow_cost":"CURSE","seed_source_timestamp":1691540926769400,"circlet_count":0,"master_deck":["AscendersBane","Zap+1","Dualcast","Force Field","Rip and Tear+1","Loop+1","Beam Cell+1","Doom and Gloom","Bandage Up","FTL","Leap","Ball Lightning","Fission","Auto Shields","Multi-Cast","Undo","Steam","Creative AI","Rebound","Aggregate"],"relics":["Cracked Core","Bronze Scales","Mercury Hourglass","CeramicFish","Pandora\u0027s Box","Red Mask","DataDisk","Tiny Chest","Boot","ClockworkSouvenir","Ancient Tea Set"],"potions_floor_usage":[16,20,24,24],"damage_taken":[{"damage":1,"enemies":"Cultist","floor":1,"turns":4},{"damage":0,"enemies":"Small Slimes","floor":5,"turns":2},{"damage":22,"enemies":"Lagavulin","floor":7,"turns":5},{"damage":7,"enemies":"Jaw Worm","floor":12,"turns":2},{"damage":23,"enemies":"Gremlin Nob","floor":13,"turns":4},{"damage":0,"enemies":"Looter","floor":14,"turns":2},{"damage":0,"enemies":"Slime Boss","floor":16,"turns":5},{"damage":1,"enemies":"Chosen","floor":18,"turns":4},{"damage":14,"enemies":"Shell Parasite","floor":19,"turns":5},{"damage":30,"enemies":"Masked Bandits","floor":20,"turns":4},{"damage":40,"enemies":"Book of Stabbing","floor":24,"turns":5},{"damage":1,"enemies":"Snake Plant","floor":27,"turns":3},{"damage":42,"enemies":"Slavers","floor":28,"turns":5},{"damage":10,"enemies":"Sentry and Sphere","floor":30,"turns":2}],"seed_played":"3397097076865474395","potions_obtained":[{"floor":1,"key":"Dexterity Potion"},{"floor":13,"key":"Strength Potion"},{"floor":18,"key":"PowerPotion"},{"floor":20,"key":"FocusPotion"},{"floor":28,"key":"Explosive Potion"}],"is_trial":false,"path_per_floor":["M","$","?","?","M","R","E","R","T","R","$","M","E","M","R","B",null,"M","M","?","?","?","R","E","R","T","M","E","$","M"],"character_chosen":"DEFECT","items_purchased":["Doom and Gloom","Bandage Up","ClockworkSouvenir","Ancient Tea Set"],"campfire_rested":3,"item_purchase_floors":[11,11,29,29],"current_hp_per_floor":[63,63,52,52,52,52,30,30,30,51,51,48,29,33,33,37,63,66,56,30,30,30,51,15,36,36,39,1,1,0],"gold":73,"neow_bonus":"TRANSFORM_TWO_CARDS","is_prod":false,"is_daily":false,"chose_seed":false,"campfire_upgraded":3,"win_rate":0,"timestamp":1626200203,"path_taken":["M","$","?","?","?","R","E","R","T","R","$","M","E","M","R","BOSS","M","M","?","?","?","R","E","R","T","M","E","$","M"],"build_version":"2020-12-22","purchased_purges":1,"victory":false,"max_hp_per_floor":[71,71,71,71,71,71,71,71,71,71,71,71,71,71,71,71,71,71,71,71,71,71,71,71,71,71,71,71,71,71],"card_choices":[{"not_picked":["Darkness","Hologram"],"picked":"Rip and Tear","floor":1},{"not_picked":["Glacier","Rebound"],"picked":"Loop","floor":5},{"not_picked":["Reprogram","Heatsinks"],"picked":"Beam Cell","floor":7},{"not_picked":["Fusion","Rebound"],"picked":"FTL","floor":12},{"not_picked":["Stack","Rebound"],"picked":"Leap","floor":13},{"not_picked":["Stack","Steam Power"],"picked":"Ball Lightning","floor":14},{"not_picked":["Multi-Cast","Core Surge"],"picked":"Fission","floor":16},{"not_picked":["Beam Cell","Gash","Tempest+1"],"picked":"SKIP","floor":18},{"not_picked":["Reinforced Body","Tempest","Go for the Eyes"],"picked":"SKIP","floor":19},{"not_picked":["Steam Power","Go for the Eyes"],"picked":"Aggregate","floor":24},{"not_picked":["Steam","Reprogram","Barrage"],"picked":"SKIP","floor":27},{"not_picked":["Hologram+1","Streamline","Sweeping Beam"],"picked":"SKIP","floor":28}],"player_experience":1483757,"relics_obtained":[{"floor":7,"key":"Bronze Scales"},{"floor":9,"key":"Mercury Hourglass"},{"floor":13,"key":"CeramicFish"},{"floor":20,"key":"Red Mask"},{"floor":24,"key":"DataDisk"},{"floor":26,"key":"Tiny Chest"},{"floor":28,"key":"Boot"}],"event_choices":[{"damage_healed":0,"gold_gain":75,"player_choice":"Gather Gold","damage_taken":11,"max_hp_gain":0,"max_hp_loss":0,"event_name":"World of Goop","floor":3,"gold_loss":0},{"damage_healed":0,"gold_gain":0,"player_choice":"Upgraded","damage_taken":0,"max_hp_gain":0,"max_hp_loss":0,"event_name":"Upgrade Shrine","floor":4,"gold_loss":0,"cards_upgraded":["Zap"]},{"damage_healed":0,"gold_gain":0,"player_choice":"Fought Bandits","damage_taken":0,"max_hp_gain":0,"max_hp_loss":0,"event_name":"Masked Bandits","floor":20,"gold_loss":0},{"damage_healed":0,"gold_gain":0,"player_choice":"Ignored","damage_taken":0,"max_hp_gain":0,"max_hp_loss":0,"event_name":"Beggar","floor":21,"gold_loss":0},{"cards_removed":["Undo"],"damage_healed":0,"gold_gain":0,"player_choice":"Elegance","damage_taken":0,"max_hp_gain":0,"max_hp_loss":0,"event_name":"Back to Basics","floor":22,"gold_loss":0}],"is_beta":false,"boss_relics":[{"not_picked":["Runic Pyramid","Fusion Hammer"],"picked":"Pandora\u0027s Box"}],"items_purged_floors":[2],"is_endless":false,"potions_floor_spawned":[1,13,14,18,19,20,28],"killed_by":"Sentry and Sphere","ascension_level":18}