{"gold_per_floor":[113,113,123,83,101,132,146,171,171,171,197,197,197,207,207,282,282,162,162,176,176,194,194,194],"floor_reached":24,"playtime":1098,"items_purged":[],"score":432,"play_id":"6933dad0-ef17-421f-a130-386ebeab95b8","local_time":"20210711230649","is_ascension_mode":true,"campfire_choices":[{"floor":10,"key":"REST"},{"data":"Regret","floor":13,"key":"PURGE"},{"data":"Defragment","floor":15,"key":"SMITH"},{"floor":23,"key":"REST"}],"neow_cost":"NONE","seed_source_timestamp":1550286305950900,"circlet_count":0,"master_deck":["AscendersBane","Defend_B","Defend_B","Defend_B","Defend_B","Zap","Dualcast","Sweeping Beam","Auto Shields","Defragment+1","Coolheaded","Ball Lightning","Self Repair","Glacier","Creative AI","BootSequence","Amplify","Redo+1","Bite","Bite","Bite","Bite","Bite"],"relics":["Cracked Core","NeowsBlessing","NlothsMask","Cables","Peace Pipe","Darkstone Periapt","MealTicket","SacredBark"],"potions_floor_usage":[6,11,16,24],"damage_taken":[{"damage":0,"enemies":"2 Louse","floor":1,"turns":1},{"damage":0,"enemies":"Cultist","floor":3,"turns":1},{"damage":0,"enemies":"Small Slimes","floor":5,"turns":1},{"damage":21,"enemies":"3 Sentries","floor":6,"turns":7},{"damage":4,"enemies":"Blue Slaver","floor":7,"turns":4},{"damage":17,"enemies":"Lagavulin","floor":8,"turns":8},{"damage":48,"enemies":"Gremlin Nob","floor":11,"turns":5},{"damage":5,"enemies":"Large Slime","floor":14,"turns":7},{"damage":12,"enemies":"Hexaghost","floor":16,"turns":13},{"damage":22,"enemies":"2 Thieves","floor":18,"turns":5},{"damage":2,"enemies":"Spheric Guardian","floor":20,"turns":11},{"damage":26,"enemies":"Snake Plant","floor":22,"turns":7},{"damage":55,"enemies":"Gremlin Leader","floor":24,"turns":3}],"seed_played":"1372335491956421495","potions_obtained":[{"floor":3,"key":"Explosive Potion"},{"floor":8,"key":"SneckoOil"},{"floor":11,"key":"PowerPotion"},{"floor":20,"key":"PowerPotion"}],"is_trial":false,"path_per_floor":["M","?","M","$","M","E","M","E","T","R","E","?","R","M","R","B",null,"M","$","M","?","M","R","E"],"character_chosen":"DEFECT","items_purchased":["Defragment"],"campfire_rested":2,"item_purchase_floors":[4],"current_hp_per_floor":[64,64,64,64,64,43,39,29,29,50,9,15,15,17,17,12,61,46,61,66,53,37,52,0],"gold":194,"neow_bonus":"THREE_ENEMY_KILL","is_prod":false,"is_daily":false,"chose_seed":false,"campfire_upgraded":1,"win_rate":0,"timestamp":1626059209,"path_taken":["M","?","M","$","?","E","?","E","T","R","E","?","R","M","R","BOSS","M","$","M","?","M","R","E"],"build_version":"2020-12-22","purchased_purges":0,"victory":false,"max_hp_per_floor":[71,71,71,71,71,71,71,71,71,71,71,77,77,77,77,77,77,77,77,77,53,53,53,53],"card_choices":[{"not_picked":["FTL","Self Repair"],"picked":"Sweeping Beam","floor":1},{"not_picked":["Undo","Barrage"],"picked":"Auto Shields","floor":3},{"not_picked":["White Noise","Turbo"],"picked":"Coolheaded","floor":5},{"not_picked":["Hologram","Rebound"],"picked":"Ball Lightning","floor":6},{"not_picked":["Genetic Algorithm","Conserve Battery"],"picked":"Self Repair","floor":7},{"not_picked":["Conserve Battery","Streamline"],"picked":"Glacier","floor":8},{"not_picked":["Ball Lightning","Gash"],"picked":"Creative AI","floor":11},{"not_picked":["Hologram","Steam Power"],"picked":"BootSequence","floor":14},{"not_picked":["Meteor Strike","Rainbow"],"picked":"Amplify","floor":16},{"not_picked":["Go for the Eyes","Streamline","Gash"],"picked":"SKIP","floor":18},{"not_picked":["Scrape","Loop"],"picked":"Redo+1","floor":20},{"not_picked":["Reinforced Body","Go for the Eyes","White Noise"],"picked":"SKIP","floor":22}],"player_experience":1482659,"relics_obtained":[{"floor":6,"key":"Cables"},{"floor":8,"key":"Peace Pipe"},{"floor":11,"key":"Darkstone Periapt"}],"event_choices":[{"damage_healed":0,"gold_gain":0,"player_choice":"Trade","damage_taken":0,"relics_obtained":["NlothsMask"],"max_hp_gain":0,"max_hp_loss":0,"event_name":"FaceTrader","floor":2,"gold_loss":0},{"damage_healed":0,"gold_gain":0,"player_choice":"Box","damage_taken":0,"relics_obtained":["MealTicket"],"max_hp_gain":0,"max_hp_loss":0,"event_name":"Big Fish","floor":12,"gold_loss":0,"cards_obtained":["Regret"]},{"damage_healed":0,"gold_gain":0,"player_choice":"Became a vampire","damage_taken":0,"max_hp_gain":0,"max_hp_loss":24,"event_name":"Vampires","floor":21,"gold_loss":0,"cards_obtained":["Bite","Bite","Bite","Bite","Bite"]}],"is_beta":false,"boss_relics":[{"not_picked":["Empty Cage","Tiny House"],"picked":"SacredBark"}],"items_purged_floors":[],"is_endless":false,"potions_floor_spawned":[3,8,11,20],"killed_by":"Gremlin Leader","ascension_level":18}