{"gold_per_floor":[118,118,268,268,17,50,50,68,95,107,118,136,170,245,245,318,318,331,256,95,95,95,95,95,124,150,150,179,179,189,169,169,240,240,255,275,275,292,292],"floor_reached":39,"playtime":1003,"items_purged":[],"score":1036,"play_id":"01cff7e9-76db-420b-9498-e02a7f6ffb3c","local_time":"20210720123100","is_ascension_mode":true,"campfire_choices":[{"data":"Doom and Gloom","floor":7,"key":"SMITH"},{"data":"Loop","floor":15,"key":"SMITH"},{"floor":24,"key":"REST"},{"floor":27,"key":"REST"},{"floor":29,"key":"REST"},{"data":"Zap","floor":32,"key":"SMITH"}],"neow_cost":"NONE","seed_source_timestamp":103959454930700,"circlet_count":0,"master_deck":["AscendersBane","Strike_B","Strike_B","Defend_B","Defend_B","Defend_B","Defend_B","Zap+1","Dualcast","Cold Snap","Auto Shields","Core Surge","Doom and Gloom+1","Undo","Aggregate","Ball Lightning","Loop+1","Electrodynamics","Writhe","Seek","Fusion","Echo Form","CurseOfTheBell","Rip and Tear+1","Coolheaded"],"relics":["Cracked Core","NeowsBlessing","InkBottle","Happy Flower","Vajra","Inserter","Akabeko","Regal Pillow","DataDisk","Art of War","Ancient Tea Set","Lizard Tail","Calling Bell","Smiling Mask","Eternal Feather","Ice Cream"],"potions_floor_usage":[13,18,23,23,33,33],"damage_taken":[{"damage":0,"enemies":"Jaw Worm","floor":1,"turns":1},{"damage":0,"enemies":"Lagavulin","floor":6,"turns":1},{"damage":0,"enemies":"2 Louse","floor":8,"turns":1},{"damage":0,"enemies":"Cultist","floor":10,"turns":4},{"damage":1,"enemies":"2 Fungi Beasts","floor":11,"turns":2},{"damage":0,"enemies":"3 Louse","floor":12,"turns":2},{"damage":10,"enemies":"3 Sentries","floor":13,"turns":4},{"damage":0,"enemies":"Hexaghost","floor":16,"turns":8},{"damage":9,"enemies":"3 Byrds","floor":18,"turns":3},{"damage":14,"enemies":"Book of Stabbing","floor":23,"turns":4},{"damage":53,"enemies":"Gremlin Leader","floor":25,"turns":6},{"damage":31,"enemies":"Slavers","floor":28,"turns":4},{"damage":0,"enemies":"Spheric Guardian","floor":30,"turns":3},{"damage":19,"enemies":"Champ","floor":33,"turns":9},{"damage":22,"enemies":"3 Shapes","floor":35,"turns":3},{"damage":24,"enemies":"Orb Walker","floor":36,"turns":3},{"damage":43,"enemies":"Spire Growth","floor":38,"turns":5},{"damage":33,"enemies":"Writhing Mass","floor":39,"turns":1}],"seed_played":"-4308029076831821871","potions_obtained":[{"floor":6,"key":"LiquidMemories"},{"floor":8,"key":"SkillPotion"},{"floor":13,"key":"SmokeBomb"},{"floor":18,"key":"Strength Potion"},{"floor":30,"key":"AttackPotion"},{"floor":31,"key":"PowerPotion"},{"floor":35,"key":"CultistPotion"}],"is_trial":false,"path_per_floor":["M","?","?","?","$","E","R","M","T","M","M","M","E","?","R","B",null,"M","?","$","?","T","E","R","E","T","R","E","R","M","?","R","B",null,"M","M","?","M","M"],"character_chosen":"DEFECT","items_purchased":["Core Surge","Doom and Gloom","Akabeko"],"campfire_rested":3,"item_purchase_floors":[5,5,20],"current_hp_per_floor":[64,64,64,57,57,57,57,57,57,57,56,56,46,35,35,35,62,53,53,53,53,53,39,71,18,18,54,23,59,59,59,59,40,63,41,17,17,27,0],"gold":292,"neow_bonus":"THREE_ENEMY_KILL","is_prod":false,"is_daily":false,"chose_seed":false,"campfire_upgraded":3,"win_rate":0,"timestamp":1626798660,"path_taken":["M","?","?","?","?","E","R","M","T","M","?","M","E","?","R","BOSS","M","?","$","?","?","E","R","E","T","R","E","R","?","?","R","BOSS","M","?","?","M","M"],"build_version":"2020-12-22","purchased_purges":0,"victory":false,"max_hp_per_floor":[71,71,71,71,71,71,71,71,71,71,71,71,71,71,71,71,71,71,71,71,71,71,71,71,71,71,71,71,71,71,71,71,71,71,71,71,71,71,71],"card_choices":[{"not_picked":["Compile Driver","Barrage"],"picked":"Cold Snap","floor":1},{"not_picked":["Lockon","Auto Shields"],"picked":"Undo","floor":6},{"not_picked":["Stack","Gash"],"picked":"Aggregate","floor":8},{"not_picked":["Scrape","Undo","Turbo"],"picked":"SKIP","floor":10},{"not_picked":["Genetic Algorithm","Turbo"],"picked":"Ball Lightning","floor":11},{"not_picked":["Stack","Consume","Steam"],"picked":"SKIP","floor":12},{"not_picked":["Streamline","Melter"],"picked":"Loop","floor":13},{"not_picked":["Hyperbeam","Machine Learning"],"picked":"Electrodynamics","floor":16},{"not_picked":["Force Field","Barrage","Gash"],"picked":"SKIP","floor":18},{"not_picked":["Stack","Ball Lightning"],"picked":"Seek","floor":25},{"not_picked":["Static Discharge","Scrape"],"picked":"Fusion","floor":28},{"not_picked":["Auto Shields","Reprogram","Skim"],"picked":"SKIP","floor":30},{"not_picked":["Seek","Hyperbeam"],"picked":"Echo Form","floor":33},{"not_picked":["Cold Snap","Blizzard+1"],"picked":"Rip and Tear+1","floor":35},{"not_picked":["Cold Snap+1","Auto Shields"],"picked":"Coolheaded","floor":36},{"not_picked":["Go for the Eyes","Steam","Genetic Algorithm"],"picked":"SKIP","floor":38}],"player_experience":1505495,"relics_obtained":[{"floor":6,"key":"InkBottle"},{"floor":9,"key":"Happy Flower"},{"floor":13,"key":"Vajra"},{"floor":22,"key":"DataDisk"},{"floor":25,"key":"Art of War"},{"floor":26,"key":"Ancient Tea Set"},{"floor":28,"key":"Lizard Tail"},{"floor":34,"key":"Smiling Mask"},{"floor":34,"key":"Eternal Feather"},{"floor":34,"key":"Ice Cream"}],"event_choices":[{"damage_healed":0,"gold_gain":0,"cards_transformed":["Strike_B"],"player_choice":"Change","damage_taken":0,"max_hp_gain":0,"max_hp_loss":0,"event_name":"Living Wall","floor":2,"gold_loss":0,"cards_obtained":["Auto Shields"]},{"damage_healed":0,"gold_gain":150,"player_choice":"AGREE","damage_taken":0,"max_hp_gain":0,"max_hp_loss":0,"event_name":"Liars Game","floor":3,"gold_loss":0,"cards_obtained":["Doubt"]},{"cards_removed":["Doubt"],"damage_healed":0,"gold_gain":0,"player_choice":"Card Removal","damage_taken":7,"max_hp_gain":0,"max_hp_loss":0,"event_name":"Golden Wing","floor":4,"gold_loss":0},{"damage_healed":0,"gold_gain":75,"player_choice":"Gather Gold","damage_taken":11,"max_hp_gain":0,"max_hp_loss":0,"event_name":"World of Goop","floor":14,"gold_loss":0},{"cards_removed":["Strike_B"],"damage_healed":0,"gold_gain":0,"player_choice":"Gave Gold","damage_taken":0,"max_hp_gain":0,"max_hp_loss":0,"event_name":"Beggar","floor":19,"gold_loss":75},{"damage_healed":0,"gold_gain":0,"player_choice":"Opened","damage_taken":0,"relics_obtained":["Regal Pillow"],"max_hp_gain":0,"max_hp_loss":0,"event_name":"The Mausoleum","floor":21,"gold_loss":0,"cards_obtained":["Writhe"]},{"damage_healed":0,"gold_gain":0,"player_choice":"Bought 1 Potion","damage_taken":0,"max_hp_gain":0,"max_hp_loss":0,"event_name":"The Woman in Blue","floor":31,"gold_loss":0},{"damage_healed":0,"gold_gain":0,"player_choice":"Ignored","damage_taken":0,"max_hp_gain":0,"max_hp_loss":0,"event_name":"Tomb of Lord Red Mask","floor":37,"gold_loss":0}],"is_beta":false,"boss_relics":[{"not_picked":["Tiny House","SlaversCollar"],"picked":"Inserter"},{"not_picked":["Runic Dome","Velvet Choker"],"picked":"Calling Bell"}],"items_purged_floors":[],"is_endless":false,"potions_floor_spawned":[6,8,12,13,16,18,30,35],"killed_by":"Writhing Mass","ascension_level":18}