{"gold_per_floor":[109,125,125,125,140,159,309,322,400,675,675,688,5,33,33,112,112,131,178,195,110,110],"floor_reached":22,"playtime":600,"items_purged":["Regret"],"score":357,"play_id":"f24403cb-c485-41d9-b251-eaad315ebf5a","local_time":"20210713142658","is_ascension_mode":true,"campfire_choices":[{"floor":15,"key":"REST"}],"neow_cost":"NONE","seed_source_timestamp":1692393374741900,"circlet_count":0,"master_deck":["AscendersBane","Strike_B","Strike_B+1","Strike_B","Defend_B","Defend_B","Defend_B","Defend_B+1","Zap","Dualcast","Ball Lightning","Rebound","Doubt","Go for the Eyes","Tempest","Loop","BootSequence","Thunder Strike","Rebound+1"],"relics":["Busted Crown","Mercury Hourglass","Runic Capacitor","Bronze Scales","Torii","Black Star","Akabeko"],"potions_floor_usage":[11,14],"damage_taken":[{"damage":8,"enemies":"Small Slimes","floor":1,"turns":4},{"damage":7,"enemies":"Jaw Worm","floor":2,"turns":4},{"damage":1,"enemies":"Cultist","floor":5,"turns":3},{"damage":12,"enemies":"Large Slime","floor":6,"turns":6},{"damage":6,"enemies":"Looter","floor":8,"turns":3},{"damage":0,"enemies":"Red Slaver","floor":11,"turns":1},{"damage":1,"enemies":"Large Slime","floor":12,"turns":4},{"damage":10,"enemies":"3 Sentries","floor":14,"turns":4},{"damage":14,"enemies":"Slime Boss","floor":16,"turns":7},{"damage":26,"enemies":"2 Thieves","floor":18,"turns":5},{"damage":25,"enemies":"Spheric Guardian","floor":20,"turns":4},{"damage":15,"enemies":"3 Cultists","floor":22,"turns":3}],"seed_played":"3750012616928455249","potions_obtained":[{"floor":2,"key":"Ancient Potion"},{"floor":5,"key":"SmokeBomb"},{"floor":8,"key":"Fire Potion"}],"is_trial":false,"path_per_floor":["M","M","?","?","M","M","?","M","T","?","M","M","$","E","R","B",null,"M","T","M","?","M"],"character_chosen":"DEFECT","items_purchased":["Runic Capacitor","Bronze Scales","FairyPotion","Tempest","Loop"],"campfire_rested":1,"item_purchase_floors":[13,13,13,13,13],"current_hp_per_floor":[56,49,28,28,27,15,15,9,9,9,9,8,8,21,42,28,60,34,34,9,9,0],"gold":110,"neow_bonus":"BOSS_RELIC","is_prod":false,"is_daily":false,"chose_seed":false,"campfire_upgraded":0,"win_rate":0,"timestamp":1626200818,"path_taken":["M","M","?","?","M","?","?","M","T","?","M","M","$","E","R","BOSS","M","?","M","?","M"],"build_version":"2020-12-22","purchased_purges":1,"victory":false,"max_hp_per_floor":[71,71,71,71,71,71,71,71,71,71,71,71,71,71,71,71,71,71,71,71,71,71],"card_choices":[{"not_picked":[],"picked":"Ball Lightning","floor":1},{"not_picked":["Turbo"],"picked":"SKIP","floor":2},{"not_picked":["Stack"],"picked":"SKIP","floor":5},{"not_picked":["Consume"],"picked":"SKIP","floor":6},{"not_picked":[],"picked":"Go for the Eyes","floor":8},{"not_picked":["Turbo"],"picked":"SKIP","floor":12},{"not_picked":[],"picked":"BootSequence","floor":14},{"not_picked":[],"picked":"Thunder Strike","floor":16},{"not_picked":[],"picked":"Rebound+1","floor":18},{"not_picked":["Tempest"],"picked":"SKIP","floor":20}],"player_experience":1484594,"relics_obtained":[{"floor":9,"key":"Mercury Hourglass"},{"floor":14,"key":"Torii"}],"event_choices":[{"damage_healed":0,"gold_gain":0,"player_choice":"Entered Light","damage_taken":21,"max_hp_gain":0,"max_hp_loss":0,"event_name":"Shining Light","floor":3,"gold_loss":0,"cards_upgraded":["Defend_B","Strike_B"]},{"damage_healed":0,"gold_gain":0,"cards_transformed":["Strike_B"],"player_choice":"Transformed","damage_taken":0,"max_hp_gain":0,"max_hp_loss":0,"event_name":"Transmorgrifier","floor":4,"gold_loss":0,"cards_obtained":["Rebound"]},{"damage_healed":0,"gold_gain":150,"player_choice":"AGREE","damage_taken":0,"max_hp_gain":0,"max_hp_loss":0,"event_name":"Liars Game","floor":7,"gold_loss":0,"cards_obtained":["Doubt"]},{"damage_healed":0,"gold_gain":275,"player_choice":"Desecrate","damage_taken":0,"max_hp_gain":0,"max_hp_loss":0,"event_name":"Golden Shrine","floor":10,"gold_loss":0,"cards_obtained":["Regret"]},{"damage_healed":0,"gold_gain":0,"player_choice":"Obtained Relic","damage_taken":0,"relics_obtained":["Akabeko"],"max_hp_gain":0,"max_hp_loss":0,"event_name":"Addict","floor":21,"gold_loss":85}],"is_beta":false,"boss_relics":[{"not_picked":["Snecko Eye","Astrolabe"],"picked":"Black Star"}],"items_purged_floors":[13],"is_endless":false,"potions_floor_spawned":[2,5,8,11],"killed_by":"3 Cultists","ascension_level":18}