{"gold_per_floor":[111,128,142,142,142,181,181,216,269,293,293,42,42,42,42,133,133,154,173,223,246,246,246],"floor_reached":23,"playtime":659,"items_purged":[],"score":378,"play_id":"c799c969-72bc-4233-8117-35f325a394c9","local_time":"20210722010624","is_ascension_mode":true,"campfire_choices":[{"floor":7,"key":"REST"},{"floor":13,"key":"REST"},{"data":"Loop","floor":15,"key":"SMITH"}],"neow_cost":"NONE","seed_source_timestamp":236028674734600,"circlet_count":0,"master_deck":["AscendersBane","Strike_B","Strike_B","Strike_B","Strike_B","Defend_B","Defend_B","Defend_B","Defend_B","Zap","Dualcast","Reboot","Leap","Glacier","Ball Lightning","Loop+1","Capacitor","Core Surge","Electrodynamics","Streamline+1","FTL"],"relics":["Cracked Core","StrikeDummy","Golden Idol","Toy Ornithopter","Oddly Smooth Stone","Art of War","PreservedInsect","Inserter","SsserpentHead"],"potions_floor_usage":[6,8,16,21,23],"damage_taken":[{"damage":1,"enemies":"Cultist","floor":1,"turns":3},{"damage":7,"enemies":"2 Louse","floor":2,"turns":2},{"damage":9,"enemies":"Jaw Worm","floor":3,"turns":5},{"damage":6,"enemies":"3 Sentries","floor":6,"turns":10},{"damage":6,"enemies":"Lagavulin","floor":8,"turns":5},{"damage":11,"enemies":"Looter","floor":10,"turns":3},{"damage":25,"enemies":"The Guardian","floor":16,"turns":10},{"damage":9,"enemies":"Spheric Guardian","floor":18,"turns":4},{"damage":2,"enemies":"Chosen","floor":19,"turns":4},{"damage":49,"enemies":"Shelled Parasite and Fungi","floor":21,"turns":9},{"damage":11,"enemies":"Slavers","floor":23,"turns":1}],"seed_played":"2463152345573713582","potions_obtained":[{"floor":3,"key":"FocusPotion"},{"floor":6,"key":"ColorlessPotion"},{"floor":10,"key":"FocusPotion"},{"floor":18,"key":"GamblersBrew"},{"floor":21,"key":"GamblersBrew"}],"is_trial":false,"path_per_floor":["M","M","M","?","?","E","R","E","T","M","?","$","R","T","R","B",null,"M","M","?","M","?","E"],"character_chosen":"DEFECT","items_purchased":["Capacitor","Core Surge"],"campfire_rested":2,"item_purchase_floors":[12,12],"current_hp_per_floor":[63,56,47,21,21,15,36,35,35,24,24,24,45,45,45,25,60,51,49,49,5,5,0],"gold":246,"neow_bonus":"ONE_RANDOM_RARE_CARD","is_prod":false,"is_daily":false,"chose_seed":false,"campfire_upgraded":1,"win_rate":0,"timestamp":1626930384,"path_taken":["M","?","M","?","?","E","R","E","T","M","?","?","R","?","R","BOSS","M","M","?","M","?","E"],"build_version":"2020-12-22","purchased_purges":0,"victory":false,"max_hp_per_floor":[71,71,71,71,71,71,71,71,71,71,71,71,71,71,71,71,71,71,71,71,71,71,71],"card_choices":[{"not_picked":["Steam","Rebound"],"picked":"Leap","floor":1},{"not_picked":["Heatsinks","Coolheaded"],"picked":"Glacier","floor":2},{"not_picked":["Aggregate","Steam Power","Steam"],"picked":"SKIP","floor":3},{"not_picked":["Rebound","Seek"],"picked":"Ball Lightning","floor":6},{"not_picked":["Chill","Turbo"],"picked":"Loop","floor":8},{"not_picked":["Beam Cell","Steam","Turbo"],"picked":"SKIP","floor":10},{"not_picked":["Core Surge","Reboot"],"picked":"Electrodynamics","floor":16},{"not_picked":["Beam Cell","Conserve Battery"],"picked":"Streamline+1","floor":18},{"not_picked":["Compile Driver","Streamline","Conserve Battery"],"picked":"SKIP","floor":19},{"not_picked":["Leap","Electrodynamics"],"picked":"FTL","floor":21}],"player_experience":1510050,"relics_obtained":[{"floor":6,"key":"Toy Ornithopter"},{"floor":8,"key":"Oddly Smooth Stone"},{"floor":9,"key":"Art of War"},{"floor":14,"key":"PreservedInsect"}],"event_choices":[{"damage_healed":0,"gold_gain":0,"player_choice":"Success","damage_taken":26,"relics_obtained":["StrikeDummy"],"max_hp_gain":0,"max_hp_loss":0,"event_name":"Scrap Ooze","floor":4,"gold_loss":0},{"damage_healed":0,"gold_gain":0,"player_choice":"Take Wound","damage_taken":0,"relics_obtained":["Golden Idol"],"max_hp_gain":0,"max_hp_loss":0,"event_name":"Golden Idol","floor":5,"gold_loss":0,"cards_obtained":["Injury"]},{"cards_removed":["Injury"],"damage_healed":0,"gold_gain":0,"player_choice":"Forget","damage_taken":0,"max_hp_gain":0,"max_hp_loss":0,"event_name":"Living Wall","floor":11,"gold_loss":0},{"damage_healed":0,"gold_gain":50,"player_choice":"Stole From Cult","damage_taken":0,"max_hp_gain":0,"max_hp_loss":0,"event_name":"Nest","floor":20,"gold_loss":0},{"damage_healed":0,"gold_gain":0,"player_choice":"Trade","damage_taken":0,"relics_obtained":["SsserpentHead"],"max_hp_gain":0,"max_hp_loss":0,"event_name":"FaceTrader","floor":22,"gold_loss":0}],"is_beta":false,"boss_relics":[{"not_picked":["Philosopher\u0027s Stone","Nuclear Battery"],"picked":"Inserter"}],"items_purged_floors":[],"is_endless":false,"potions_floor_spawned":[3,6,10,18,21],"killed_by":"Slavers","ascension_level":18}