{"gold_per_floor":[111,111,124,141,216,251,251,283,363,363,395,395,65,100,100,100],"floor_reached":16,"playtime":460,"items_purged":["Shame"],"score":239,"play_id":"7fb0488d-8a16-4ea2-90dd-aeb2c7d289a9","local_time":"20210722005514","is_ascension_mode":true,"campfire_choices":[{"floor":7,"key":"REST"},{"floor":10,"key":"REST"},{"floor":15,"key":"REST"}],"neow_cost":"CURSE","seed_source_timestamp":235557171771400,"circlet_count":0,"master_deck":["AscendersBane","Strike_B","Strike_B","Strike_B","Strike_B","Defend_B","Defend_B","Defend_B","Defend_B","Zap","Dualcast","Compile Driver","Static Discharge","Cold Snap","Blizzard","Multi-Cast","Gash","Parasite","Chill","Melter","Loop","Gash"],"relics":["Cracked Core","WingedGreaves","Mango","Orichalcum","Letter Opener","Matryoshka","Potion Belt","Nunchaku"],"potions_floor_usage":[],"damage_taken":[{"damage":5,"enemies":"Small Slimes","floor":1,"turns":3},{"damage":1,"enemies":"Cultist","floor":3,"turns":3},{"damage":9,"enemies":"2 Louse","floor":4,"turns":3},{"damage":45,"enemies":"Gremlin Nob","floor":6,"turns":4},{"damage":13,"enemies":"Lagavulin","floor":8,"turns":7},{"damage":34,"enemies":"Gremlin Nob","floor":11,"turns":5},{"damage":13,"enemies":"3 Sentries","floor":14,"turns":5},{"damage":43,"enemies":"The Guardian","floor":16,"turns":10}],"seed_played":"816387859019425363","potions_obtained":[{"floor":14,"key":"FocusPotion"}],"is_trial":false,"path_per_floor":["M","?","M","M","?","E","R","E","T","R","E","?","$","E","R","B"],"character_chosen":"DEFECT","items_purchased":["Chill","Melter","Loop"],"campfire_rested":3,"item_purchase_floors":[13,13,13],"current_hp_per_floor":[59,73,72,63,52,7,32,19,19,44,10,31,31,18,43,0],"gold":100,"neow_bonus":"ONE_RARE_RELIC","is_prod":false,"is_daily":false,"chose_seed":false,"campfire_upgraded":0,"win_rate":0,"timestamp":1626929714,"path_taken":["M","?","?","M","?","E","R","E","T","R","E","?","$","E","R","BOSS"],"build_version":"2020-12-22","purchased_purges":1,"victory":false,"max_hp_per_floor":[71,85,85,85,85,85,85,85,85,85,85,85,85,85,85,85],"card_choices":[{"not_picked":["Turbo","Leap"],"picked":"Compile Driver","floor":1},{"not_picked":["Loop","Reprogram"],"picked":"Static Discharge","floor":3},{"not_picked":["Static Discharge","Go for the Eyes"],"picked":"Cold Snap","floor":4},{"not_picked":["Beam Cell","Lockon"],"picked":"Blizzard","floor":6},{"not_picked":["Storm","Barrage"],"picked":"Multi-Cast","floor":8},{"not_picked":["Streamline","Rebound"],"picked":"Gash","floor":11},{"not_picked":["Hello World","Sunder"],"picked":"Gash","floor":14}],"player_experience":1509590,"relics_obtained":[{"floor":2,"key":"Mango"},{"floor":6,"key":"Orichalcum"},{"floor":8,"key":"Letter Opener"},{"floor":9,"key":"Matryoshka"},{"floor":11,"key":"Potion Belt"},{"floor":14,"key":"Nunchaku"}],"event_choices":[{"damage_healed":0,"gold_gain":0,"player_choice":"Relic","damage_taken":0,"max_hp_gain":0,"max_hp_loss":0,"event_name":"Wheel of Change","floor":2,"gold_loss":0},{"damage_healed":0,"gold_gain":75,"player_choice":"Gather Gold","damage_taken":11,"max_hp_gain":0,"max_hp_loss":0,"event_name":"World of Goop","floor":5,"gold_loss":0},{"damage_healed":21,"gold_gain":0,"player_choice":"Healed and dodged fight","damage_taken":0,"max_hp_gain":0,"max_hp_loss":0,"event_name":"Mushrooms","floor":12,"gold_loss":0,"cards_obtained":["Parasite"]}],"is_beta":false,"boss_relics":[],"items_purged_floors":[13],"is_endless":false,"potions_floor_spawned":[14],"killed_by":"The Guardian","ascension_level":18}