{"gold_per_floor":[118,118,130,144,157,191,191,341,341,341,376,139,158,158],"floor_reached":14,"playtime":436,"items_purged":["Doubt"],"score":190,"play_id":"227b1e22-51b4-427c-ad5e-238cfdb19ad6","local_time":"20210730232820","is_ascension_mode":true,"campfire_choices":[{"floor":10,"key":"REST"}],"neow_cost":"PERCENT_DAMAGE","seed_source_timestamp":452550898636300,"circlet_count":0,"master_deck":["AscendersBane","Strike_B","Strike_B","Strike_B","Defend_B","Defend_B","Defend_B","Defend_B","Zap","Dualcast","Violence","Reinforced Body","Ball Lightning","Cold Snap","Defragment","Electrodynamics","Compile Driver","BootSequence"],"relics":["Cracked Core","Juzu Bracelet","Du-Vu Doll","Bottled Flame","Darkstone Periapt","Chemical X"],"potions_floor_usage":[1,6],"damage_taken":[{"damage":0,"enemies":"2 Louse","floor":1,"turns":1},{"damage":1,"enemies":"Cultist","floor":3,"turns":4},{"damage":0,"enemies":"Jaw Worm","floor":4,"turns":4},{"damage":8,"enemies":"Large Slime","floor":5,"turns":5},{"damage":16,"enemies":"3 Sentries","floor":6,"turns":8},{"damage":17,"enemies":"Lagavulin","floor":11,"turns":6},{"damage":6,"enemies":"2 Fungi Beasts","floor":13,"turns":2},{"damage":37,"enemies":"Gremlin Nob","floor":14,"turns":3}],"seed_played":"8029687136636277386","potions_obtained":[{"floor":1,"key":"Fruit Juice"},{"floor":5,"key":"EssenceOfSteel"},{"floor":11,"key":"CultistPotion"},{"floor":13,"key":"LiquidBronze"}],"is_trial":false,"path_per_floor":["M","?","M","M","M","E","?","?","T","R","E","$","M","E"],"character_chosen":"DEFECT","items_purchased":["Chemical X"],"campfire_rested":1,"item_purchase_floors":[12],"current_hp_per_floor":[51,51,50,50,42,26,8,8,8,30,13,13,7,0],"gold":158,"neow_bonus":"RANDOM_COLORLESS_2","is_prod":false,"is_daily":false,"chose_seed":false,"campfire_upgraded":0,"win_rate":0,"timestamp":1627702100,"path_taken":["M","?","M","?","M","E","?","?","T","R","E","$","M","E"],"build_version":"2020-12-22","purchased_purges":1,"victory":false,"max_hp_per_floor":[76,76,76,76,76,76,76,76,76,76,76,76,76,76],"card_choices":[{"not_picked":["Secret Weapon","Secret Technique"],"picked":"Violence","floor":0},{"not_picked":["Sweeping Beam","Turbo"],"picked":"Reinforced Body","floor":1},{"not_picked":["Steam Power","Rebound"],"picked":"Ball Lightning","floor":3},{"not_picked":["Go for the Eyes","Sunder"],"picked":"Cold Snap","floor":4},{"not_picked":["Conserve Battery","Redo"],"picked":"Defragment","floor":5},{"not_picked":["Redo","Rebound"],"picked":"Electrodynamics","floor":6},{"not_picked":["Electrodynamics","Reprogram"],"picked":"Compile Driver","floor":11},{"not_picked":["Storm","Cold Snap"],"picked":"BootSequence","floor":13}],"player_experience":1546555,"relics_obtained":[{"floor":6,"key":"Juzu Bracelet"},{"floor":9,"key":"Bottled Flame"},{"floor":11,"key":"Darkstone Periapt"}],"event_choices":[{"cards_removed":["Strike_B"],"damage_healed":0,"gold_gain":0,"player_choice":"Purged","damage_taken":0,"max_hp_gain":0,"max_hp_loss":0,"event_name":"Purifier","floor":2,"gold_loss":0},{"damage_healed":0,"gold_gain":0,"player_choice":"Success","damage_taken":18,"relics_obtained":["Du-Vu Doll"],"max_hp_gain":0,"max_hp_loss":0,"event_name":"Scrap Ooze","floor":7,"gold_loss":0},{"damage_healed":0,"gold_gain":150,"player_choice":"AGREE","damage_taken":0,"max_hp_gain":0,"max_hp_loss":0,"event_name":"Liars Game","floor":8,"gold_loss":0,"cards_obtained":["Doubt"]}],"is_beta":false,"boss_relics":[],"items_purged_floors":[12],"is_endless":false,"potions_floor_spawned":[1,5,11,13],"killed_by":"Gremlin Nob","ascension_level":18}