{"gold_per_floor":[118,138,213,17,17,17,49,49,124,169,204,237,278,302,302,387,387,327,327,327,83,83,83,83,83,83,83,83,40,40,40,40,40,40,40,40,40,40,40,40,40],"floor_reached":41,"playtime":1182,"items_purged":["Writhe"],"score":1024,"play_id":"0d303618-e7e1-4581-a721-ad113ad318bb","local_time":"20210729100231","is_ascension_mode":true,"campfire_choices":[{"data":"HandOfGreed","floor":6,"key":"SMITH"},{"data":"Buffer","floor":8,"key":"SMITH"},{"data":"Tempest","floor":15,"key":"SMITH"},{"floor":24,"key":"REST"},{"floor":27,"key":"REST"},{"floor":32,"key":"REST"}],"neow_cost":"NONE","seed_source_timestamp":317052654116500,"circlet_count":0,"master_deck":["AscendersBane","Strike_B","Strike_B","Strike_B","Strike_B","Defend_B","Defend_B","Defend_B","Defend_B","Zap","Dualcast","Sweeping Beam","Storm","HandOfGreed+1","Core Surge","Buffer+1","Ball Lightning","Leap","Tempest+1","Thunder Strike","Self Repair+1","Coolheaded","Static Discharge+1","Loop+1","Defragment+1","Echo Form+1","Defragment+1"],"relics":["Cracked Core","NeowsBlessing","Symbiotic Virus","Cables","Frozen Egg 2","CeramicFish","Ectoplasm","Mummified Hand","Pen Nib","Bag of Preparation","Boot","Anchor","Nilry\u0027s Codex","Nuclear Battery"],"potions_floor_usage":[11,16,18,25,33,33,41,41],"damage_taken":[{"damage":0,"enemies":"Cultist","floor":1,"turns":1},{"damage":0,"enemies":"2 Louse","floor":2,"turns":1},{"damage":0,"enemies":"Lagavulin","floor":7,"turns":1},{"damage":7,"enemies":"Jaw Worm","floor":10,"turns":2},{"damage":0,"enemies":"Blue Slaver","floor":11,"turns":2},{"damage":0,"enemies":"Gremlin Nob","floor":12,"turns":4},{"damage":2,"enemies":"Exordium Wildlife","floor":13,"turns":4},{"damage":0,"enemies":"Slime Boss","floor":16,"turns":7},{"damage":4,"enemies":"2 Thieves","floor":18,"turns":3},{"damage":0,"enemies":"Spheric Guardian","floor":20,"turns":3},{"damage":0,"enemies":"Snecko","floor":22,"turns":3},{"damage":48,"enemies":"Gremlin Leader","floor":23,"turns":7},{"damage":27,"enemies":"Slavers","floor":25,"turns":3},{"damage":0,"enemies":"Chosen and Byrds","floor":30,"turns":3},{"damage":28,"enemies":"Automaton","floor":33,"turns":7},{"damage":24,"enemies":"3 Darklings","floor":35,"turns":3},{"damage":9,"enemies":"3 Shapes","floor":37,"turns":3},{"damage":6,"enemies":"Jaw Worm Horde","floor":40,"turns":4},{"damage":81,"enemies":"Reptomancer","floor":41,"turns":4}],"seed_played":"8926831933434168953","potions_obtained":[{"floor":1,"key":"Fire Potion"},{"floor":10,"key":"EssenceOfSteel"},{"floor":12,"key":"AttackPotion"},{"floor":16,"key":"SkillPotion"},{"floor":23,"key":"DuplicationPotion"},{"floor":25,"key":"PowerPotion"},{"floor":35,"key":"Fire Potion"},{"floor":40,"key":"PotionOfCapacity"}],"is_trial":false,"path_per_floor":["M","M","?","$","?","R","E","R","T","M","M","E","M","T","R","B",null,"M","?","M","$","M","E","R","E","T","R","?","$","M","?","R","B",null,"M","?","M","?","$","M","E"],"character_chosen":"DEFECT","items_purchased":["HandOfGreed","Pen Nib","Defragment+1"],"campfire_rested":3,"item_purchase_floors":[4,21,29],"current_hp_per_floor":[64,64,53,53,53,53,53,53,53,46,46,46,44,44,44,44,64,60,60,70,70,70,32,53,26,26,47,26,26,26,26,47,29,61,37,51,52,52,52,56,0],"gold":40,"neow_bonus":"THREE_ENEMY_KILL","is_prod":false,"is_daily":false,"chose_seed":false,"campfire_upgraded":3,"win_rate":0,"timestamp":1627567351,"path_taken":["M","?","?","$","?","R","E","R","T","?","M","E","M","?","R","BOSS","M","?","M","$","M","E","R","E","T","R","?","?","M","?","R","BOSS","M","?","M","?","$","?","E"],"build_version":"2020-12-22","purchased_purges":1,"victory":false,"max_hp_per_floor":[71,71,71,71,71,71,71,71,71,71,71,71,71,71,71,71,71,71,71,71,71,71,71,71,71,71,71,71,71,71,71,71,71,71,71,71,71,71,71,71,71],"card_choices":[{"not_picked":["Sunder","Skim"],"picked":"Sweeping Beam","floor":1},{"not_picked":["Hologram","Stack"],"picked":"Storm","floor":2},{"not_picked":["Steam","Machine Learning"],"picked":"Buffer","floor":7},{"not_picked":["Go for the Eyes","Beam Cell"],"picked":"Ball Lightning","floor":10},{"not_picked":["Stack","Turbo"],"picked":"Leap","floor":11},{"not_picked":["Heatsinks+1","Sunder"],"picked":"Tempest","floor":12},{"not_picked":["Redo","Ball Lightning","Rip and Tear"],"picked":"SKIP","floor":13},{"not_picked":["Seek","Amplify"],"picked":"Thunder Strike","floor":16},{"not_picked":["Gash","Redo"],"picked":"Self Repair+1","floor":18},{"not_picked":["Streamline","Conserve Battery"],"picked":"Coolheaded","floor":20},{"not_picked":["Beam Cell","Steam"],"picked":"Static Discharge+1","floor":22},{"not_picked":["Go for the Eyes","Recycle"],"picked":"Loop+1","floor":23},{"not_picked":["Hello World+1","Streamline","Rainbow"],"picked":"SKIP","floor":25},{"not_picked":["Stack","Redo+1","Leap"],"picked":"SKIP","floor":30},{"not_picked":["Amplify","Rainbow"],"picked":"Echo Form+1","floor":33},{"not_picked":["Leap+1","Blizzard","Sweeping Beam+1"],"picked":"SKIP","floor":35},{"not_picked":["Gash","Redo","Streamline"],"picked":"SKIP","floor":37},{"not_picked":["Doom and Gloom","Conserve Battery"],"picked":"Defragment+1","floor":40}],"player_experience":1531254,"relics_obtained":[{"floor":7,"key":"Symbiotic Virus"},{"floor":9,"key":"Cables"},{"floor":12,"key":"Frozen Egg 2"},{"floor":14,"key":"CeramicFish"},{"floor":23,"key":"Bag of Preparation"},{"floor":25,"key":"Boot"},{"floor":26,"key":"Anchor"},{"floor":28,"key":"Nilry\u0027s Codex"}],"event_choices":[{"damage_healed":0,"gold_gain":75,"player_choice":"Gather Gold","damage_taken":11,"max_hp_gain":0,"max_hp_loss":0,"event_name":"World of Goop","floor":3,"gold_loss":0},{"damage_healed":0,"gold_gain":0,"player_choice":"1 cards matched","damage_taken":0,"max_hp_gain":0,"max_hp_loss":0,"event_name":"Match and Keep!","floor":5,"gold_loss":0,"cards_obtained":["Core Surge"]},{"damage_healed":0,"gold_gain":0,"player_choice":"Opened","damage_taken":0,"relics_obtained":["Mummified Hand"],"max_hp_gain":0,"max_hp_loss":0,"event_name":"The Mausoleum","floor":19,"gold_loss":0,"cards_obtained":["Writhe"]},{"damage_healed":0,"gold_gain":0,"player_choice":"Obtained Book","damage_taken":21,"max_hp_gain":0,"max_hp_loss":0,"event_name":"Cursed Tome","floor":28,"gold_loss":0},{"damage_healed":0,"gold_gain":0,"player_choice":"Ignored","damage_taken":0,"max_hp_gain":0,"max_hp_loss":0,"event_name":"Ghosts","floor":31,"gold_loss":0},{"damage_healed":14,"gold_gain":0,"player_choice":"Writhe","damage_taken":0,"max_hp_gain":0,"max_hp_loss":0,"event_name":"Winding Halls","floor":36,"gold_loss":0,"cards_obtained":["Writhe"]},{"cards_removed":["Writhe"],"damage_healed":0,"gold_gain":0,"player_choice":"Purged","damage_taken":0,"max_hp_gain":0,"max_hp_loss":0,"event_name":"Purifier","floor":38,"gold_loss":0}],"is_beta":false,"boss_relics":[{"not_picked":["Cursed Key","Runic Pyramid"],"picked":"Ectoplasm"},{"not_picked":["Calling Bell","Pandora\u0027s Box"],"picked":"Nuclear Battery"}],"items_purged_floors":[21],"is_endless":false,"potions_floor_spawned":[1,10,12,16,23,25,35,40],"killed_by":"Reptomancer","ascension_level":18}