{"gold_per_floor":[116,168,177,43,93,136,51,51,98,125,125,162,186,522,522,596,596,619,628,657,672,691,691,720,720,744,744,789,789],"floor_reached":29,"playtime":1199,"items_purged":[],"score":483,"play_id":"579c4bc0-907a-43d9-a8a3-ec55e25e6a3a","local_time":"20210726224123","is_ascension_mode":true,"campfire_choices":[{"floor":8,"key":"REST"},{"floor":11,"key":"REST"},{"data":"Bandage Up","floor":15,"key":"SMITH"},{"data":"Zap","floor":23,"key":"SMITH"}],"neow_cost":"PERCENT_DAMAGE","seed_source_timestamp":103370240775900,"circlet_count":0,"master_deck":["AscendersBane","Defend_B","Defend_B","Defend_B","Zap+1","Dualcast","Gash+1","Reinforced Body","Sweeping Beam","Blind","Reboot","Bandage Up+1","Conserve Battery","Coolheaded","Go for the Eyes","Gash","Double Energy","Go for the Eyes","Beam Cell+1","Redo","Bite","Bite","Bite","Bite","Bite"],"relics":["Cracked Core","CeramicFish","White Beast Statue","Orichalcum","Whetstone","Old Coin","Runic Pyramid","Mummified Hand","Pen Nib"],"potions_floor_usage":[12,14,16,20,22,22,24,27],"damage_taken":[{"damage":1,"enemies":"Cultist","floor":1,"turns":3},{"damage":50,"enemies":"Gremlin Nob","floor":6,"turns":6},{"damage":0,"enemies":"2 Louse","floor":10,"turns":3},{"damage":22,"enemies":"3 Sentries","floor":12,"turns":9},{"damage":5,"enemies":"Jaw Worm","floor":13,"turns":4},{"damage":25,"enemies":"Gremlin Nob","floor":14,"turns":6},{"damage":17,"enemies":"Hexaghost","floor":16,"turns":11},{"damage":18,"enemies":"Shell Parasite","floor":18,"turns":6},{"damage":2,"enemies":"3 Byrds","floor":20,"turns":5},{"damage":11,"enemies":"Shelled Parasite and Fungi","floor":21,"turns":7},{"damage":16,"enemies":"Centurion and Healer","floor":22,"turns":10},{"damage":18,"enemies":"Snake Plant","floor":24,"turns":6},{"damage":34,"enemies":"Colosseum Slavers","floor":27,"turns":4},{"damage":28,"enemies":"Slavers","floor":29,"turns":1}],"seed_played":"-7438675139521802704","potions_obtained":[{"floor":6,"key":"Energy Potion"},{"floor":10,"key":"Regen Potion"},{"floor":12,"key":"PowerPotion"},{"floor":13,"key":"CultistPotion"},{"floor":14,"key":"SteroidPotion"},{"floor":16,"key":"SkillPotion"},{"floor":20,"key":"Regen Potion"},{"floor":22,"key":"AttackPotion"},{"floor":24,"key":"SneckoOil"}],"is_trial":false,"path_per_floor":["M","T","?","$","?","E","$","R","T","M","R","E","M","E","R","B",null,"M","?","M","M","M","R","M","T","T","?","?","E"],"character_chosen":"DEFECT","items_purchased":["Sweeping Beam","Blind","Bandage Up"],"campfire_rested":2,"item_purchase_floors":[4,4,7],"current_hp_per_floor":[59,59,59,59,51,1,1,26,26,30,55,52,51,26,26,15,68,56,56,60,55,60,60,48,48,48,20,20,0],"gold":789,"neow_bonus":"TWENTY_PERCENT_HP_BONUS","is_prod":false,"is_daily":false,"chose_seed":false,"campfire_upgraded":2,"win_rate":0,"timestamp":1627353683,"path_taken":["M","?","?","?","?","E","$","R","T","?","R","E","M","E","R","BOSS","M","?","M","?","M","R","M","?","T","?","?","E"],"build_version":"2020-12-22","purchased_purges":0,"victory":false,"max_hp_per_floor":[85,85,85,85,85,85,85,85,85,85,85,85,85,85,85,85,85,85,85,85,85,85,85,85,85,85,85,59,59],"card_choices":[{"not_picked":["Capacitor","White Noise"],"picked":"Gash","floor":1},{"not_picked":["Skim","Turbo"],"picked":"Reboot","floor":6},{"not_picked":["Cold Snap","Lockon"],"picked":"Conserve Battery","floor":10},{"not_picked":["Rainbow","Cold Snap"],"picked":"Coolheaded","floor":12},{"not_picked":["Reinforced Body","Leap"],"picked":"Go for the Eyes","floor":13},{"not_picked":["Barrage","Defragment"],"picked":"Gash","floor":14},{"not_picked":["Streamline","Compile Driver"],"picked":"Double Energy","floor":18},{"not_picked":["Capacitor","Steam"],"picked":"Beam Cell+1","floor":20},{"not_picked":["Rebound","Barrage","Sweeping Beam"],"picked":"SKIP","floor":21},{"not_picked":["Compile Driver","Stack","Streamline"],"picked":"SKIP","floor":22},{"not_picked":["Consume+1","Leap"],"picked":"Redo","floor":24}],"player_experience":1525282,"relics_obtained":[{"floor":2,"key":"CeramicFish"},{"floor":6,"key":"White Beast Statue"},{"floor":9,"key":"Orichalcum"},{"floor":12,"key":"Whetstone"},{"floor":14,"key":"Old Coin"},{"floor":25,"key":"Mummified Hand"},{"floor":26,"key":"Pen Nib"}],"event_choices":[{"damage_healed":0,"gold_gain":0,"cards_transformed":["Strike_B"],"player_choice":"Change","damage_taken":0,"max_hp_gain":0,"max_hp_loss":0,"event_name":"Living Wall","floor":3,"gold_loss":0,"cards_obtained":["Reinforced Body"]},{"damage_healed":0,"gold_gain":50,"player_choice":"Touch","damage_taken":8,"max_hp_gain":0,"max_hp_loss":0,"event_name":"FaceTrader","floor":5,"gold_loss":0},{"damage_healed":0,"gold_gain":0,"cards_transformed":["Defend_B"],"player_choice":"Transformed","damage_taken":0,"max_hp_gain":0,"max_hp_loss":0,"event_name":"Transmorgrifier","floor":19,"gold_loss":0,"cards_obtained":["Go for the Eyes"]},{"damage_healed":0,"gold_gain":0,"player_choice":"Fight","damage_taken":0,"max_hp_gain":0,"max_hp_loss":0,"event_name":"Colosseum","floor":27,"gold_loss":0},{"damage_healed":0,"gold_gain":0,"player_choice":"Fled From Nobs","damage_taken":0,"max_hp_gain":0,"max_hp_loss":0,"event_name":"Colosseum","floor":27,"gold_loss":0},{"damage_healed":0,"gold_gain":0,"player_choice":"Became a vampire","damage_taken":0,"max_hp_gain":0,"max_hp_loss":26,"event_name":"Vampires","floor":28,"gold_loss":0,"cards_obtained":["Bite","Bite","Bite","Bite","Bite"]}],"is_beta":false,"boss_relics":[{"not_picked":["Tiny House","SlaversCollar"],"picked":"Runic Pyramid"}],"items_purged_floors":[],"is_endless":false,"potions_floor_spawned":[6,10,12,13,14,16,18,20,21,22,24,27],"killed_by":"Slavers","ascension_level":18}