{"gold_per_floor":[113,113,124,28,28,28,53,23,47,57,57,57,57,57,57,131,131,143,143,14,33,33,61,61,61,61,61,61,87,87],"floor_reached":30,"playtime":772,"items_purged":["Regret"],"score":494,"play_id":"071d196b-9f62-4314-b519-aeec4c8b108d","local_time":"20210729175335","is_ascension_mode":true,"campfire_choices":[{"data":"Zap","floor":6,"key":"SMITH"},{"data":"Hologram","floor":11,"key":"SMITH"},{"data":"Reinforced Body","floor":13,"key":"SMITH"},{"floor":15,"key":"REST"},{"floor":25,"key":"REST"},{"data":"Conserve Battery","floor":27,"key":"SMITH"}],"neow_cost":"NONE","seed_source_timestamp":0,"circlet_count":0,"master_deck":["AscendersBane","Strike_B","Strike_B","Strike_B+1","Defend_B","Defend_B+1","Defend_B","Defend_B","Zap+1","Dualcast","Beam Cell","Reinforced Body+1","Flash of Steel","Tempest","Gash","Hologram+1","Echo Form","Melter","Conserve Battery+1","Redo+1","Stack+1","Self Repair"],"special_seed":0,"relics":["Cracked Core","MealTicket","Mercury Hourglass","PreservedInsect","Lantern","SlaversCollar","Lizard Tail","HornCleat","Nunchaku"],"potions_floor_usage":[],"damage_taken":[{"damage":0,"enemies":"2 Louse","floor":1,"turns":2},{"damage":1,"enemies":"Cultist","floor":3,"turns":3},{"damage":44,"enemies":"Lagavulin","floor":7,"turns":8},{"damage":2,"enemies":"Jaw Worm","floor":10,"turns":2},{"damage":35,"enemies":"The Guardian","floor":16,"turns":12},{"damage":4,"enemies":"Chosen","floor":18,"turns":3},{"damage":31,"enemies":"Shell Parasite","floor":21,"turns":5},{"damage":67,"enemies":"Book of Stabbing","floor":23,"turns":6},{"damage":32,"enemies":"Slavers","floor":29,"turns":7},{"damage":60,"enemies":"Shelled Parasite and Fungi","floor":30,"turns":5}],"seed_played":"-648066746633662825","potions_obtained":[{"floor":1,"key":"FairyPotion"},{"floor":3,"key":"Ancient Potion"}],"is_trial":false,"path_per_floor":["M","?","M","$","?","R","E","$","T","M","R","?","R","?","R","B",null,"M","?","$","M","$","E","?","R","T","R","$","E","M"],"character_chosen":"DEFECT","items_purchased":["Flash of Steel","Gash","Conserve Battery"],"campfire_rested":2,"item_purchase_floors":[4,8,20],"current_hp_per_floor":[64,64,63,71,71,71,27,42,42,40,40,57,57,36,57,22,59,55,55,70,39,54,14,14,34,34,34,49,17,0],"gold":87,"neow_bonus":"RANDOM_COMMON_RELIC","is_prod":false,"is_daily":false,"chose_seed":false,"campfire_upgraded":4,"win_rate":0,"timestamp":1627595615,"path_taken":["M","?","M","?","?","R","E","?","T","?","R","?","R","?","R","BOSS","M","?","$","M","$","E","?","R","T","R","$","E","?"],"build_version":"2020-12-22","purchased_purges":1,"victory":false,"max_hp_per_floor":[71,71,71,71,71,71,71,71,71,71,71,71,71,71,71,71,71,71,71,71,71,71,71,68,68,68,68,68,68,68],"card_choices":[{"not_picked":["Hello World","Stack"],"picked":"Beam Cell","floor":1},{"not_picked":["Hologram","Redo"],"picked":"Reinforced Body","floor":3},{"not_picked":["Beam Cell","Creative AI"],"picked":"Tempest","floor":7},{"not_picked":["Beam Cell","Sweeping Beam"],"picked":"Hologram","floor":10},{"not_picked":["Creative AI","Biased Cognition"],"picked":"Echo Form","floor":16},{"not_picked":["Cold Snap","Beam Cell"],"picked":"Melter","floor":18},{"not_picked":["Melter","Undo+1"],"picked":"Redo+1","floor":21},{"not_picked":["Aggregate","Consume"],"picked":"Stack+1","floor":23},{"not_picked":["Conserve Battery","Beam Cell"],"picked":"Self Repair","floor":29}],"player_experience":1532436,"relics_obtained":[{"floor":7,"key":"PreservedInsect"},{"floor":9,"key":"Lantern"},{"floor":23,"key":"Lizard Tail"},{"floor":26,"key":"HornCleat"},{"floor":29,"key":"Nunchaku"}],"event_choices":[{"cards_removed":["Strike_B"],"damage_healed":0,"gold_gain":0,"player_choice":"Offered Basic","damage_taken":0,"max_hp_gain":0,"max_hp_loss":0,"event_name":"Bonfire Elementals","floor":2,"gold_loss":0},{"damage_healed":0,"gold_gain":0,"player_choice":"Box","damage_taken":0,"relics_obtained":["Mercury Hourglass"],"max_hp_gain":0,"max_hp_loss":0,"event_name":"Big Fish","floor":5,"gold_loss":0,"cards_obtained":["Regret"]},{"damage_healed":17,"gold_gain":0,"player_choice":"Healed and dodged fight","damage_taken":0,"max_hp_gain":0,"max_hp_loss":0,"event_name":"Mushrooms","floor":12,"gold_loss":0,"cards_obtained":["Parasite"]},{"damage_healed":0,"gold_gain":0,"player_choice":"Entered Light","damage_taken":21,"max_hp_gain":0,"max_hp_loss":0,"event_name":"Shining Light","floor":14,"gold_loss":0,"cards_upgraded":["Defend_B","Strike_B"]},{"damage_healed":0,"gold_gain":0,"player_choice":"Ignored","damage_taken":0,"max_hp_gain":0,"max_hp_loss":0,"event_name":"Vampires","floor":19,"gold_loss":0},{"cards_removed":["Parasite"],"damage_healed":0,"gold_gain":0,"player_choice":"Removed Curses","damage_taken":0,"max_hp_gain":0,"max_hp_loss":0,"event_name":"Fountain of Cleansing","floor":24,"gold_loss":0}],"is_beta":false,"boss_relics":[{"not_picked":["Tiny House","Fusion Hammer"],"picked":"SlaversCollar"}],"items_purged_floors":[20],"is_endless":false,"potions_floor_spawned":[1,3,10],"killed_by":"Shelled Parasite and Fungi","ascension_level":18}