{"gold_per_floor":[118,118,43,59,59,95,95,126,126,126,146,146,160,200,200,200],"floor_reached":16,"playtime":394,"items_purged":["Shame"],"score":272,"play_id":"6630ef67-fa47-481c-85d2-6c77bfaf2d7d","local_time":"20210731234701","is_ascension_mode":true,"campfire_choices":[{"data":"Hyperbeam","floor":7,"key":"SMITH"},{"data":"Undo","floor":10,"key":"SMITH"},{"data":"Hologram","floor":15,"key":"SMITH"}],"neow_cost":"CURSE","seed_source_timestamp":540113426081000,"circlet_count":0,"master_deck":["AscendersBane","Strike_B","Strike_B","Strike_B","Strike_B","Defend_B","Defend_B","Defend_B","Defend_B","Zap","Dualcast","Hyperbeam+1","Leap","Undo+1","Rebound","Hologram+1","Scrape","Reboot"],"relics":["Cracked Core","Golden Idol","StrikeDummy","HornCleat","Frozen Egg 2","Darkstone Periapt"],"potions_floor_usage":[6,8,16],"damage_taken":[{"damage":1,"enemies":"2 Louse","floor":1,"turns":2},{"damage":12,"enemies":"Jaw Worm","floor":4,"turns":2},{"damage":5,"enemies":"3 Sentries","floor":6,"turns":5},{"damage":0,"enemies":"Gremlin Nob","floor":8,"turns":3},{"damage":0,"enemies":"Small Slimes","floor":11,"turns":3},{"damage":14,"enemies":"Red Slaver","floor":13,"turns":4},{"damage":5,"enemies":"3 Sentries","floor":14,"turns":4},{"damage":28,"enemies":"Hexaghost","floor":16,"turns":9}],"seed_played":"5318060324273636369","potions_obtained":[{"floor":1,"key":"FearPotion"},{"floor":4,"key":"Energy Potion"},{"floor":11,"key":"Strength Potion"},{"floor":13,"key":"CultistPotion"}],"is_trial":false,"path_per_floor":["M","?","$","M","?","E","R","E","T","R","M","?","M","E","R","B"],"character_chosen":"DEFECT","items_purchased":[],"campfire_rested":0,"item_purchase_floors":[],"current_hp_per_floor":[63,63,63,51,56,51,51,51,51,51,51,44,30,25,25,0],"gold":200,"neow_bonus":"THREE_RARE_CARDS","is_prod":false,"is_daily":false,"chose_seed":false,"campfire_upgraded":3,"win_rate":0,"timestamp":1627789621,"path_taken":["M","?","$","M","?","E","R","E","T","R","?","?","M","E","R","BOSS"],"build_version":"2020-12-22","purchased_purges":1,"victory":false,"max_hp_per_floor":[71,71,71,71,76,76,76,76,76,76,76,76,76,76,76,76],"card_choices":[{"not_picked":["Thunder Strike","Core Surge"],"picked":"Hyperbeam","floor":0},{"not_picked":["Streamline","Stack"],"picked":"Leap","floor":1},{"not_picked":["Melter","Conserve Battery"],"picked":"Undo","floor":4},{"not_picked":["Streamline","Undo","Hello World"],"picked":"SKIP","floor":6},{"not_picked":["Aggregate","Glacier"],"picked":"Rebound","floor":8},{"not_picked":["Beam Cell","Darkness"],"picked":"Hologram","floor":11},{"not_picked":["Blizzard","Ball Lightning"],"picked":"Scrape","floor":13},{"not_picked":["Steam Power","Aggregate"],"picked":"Reboot","floor":14}],"player_experience":1551016,"relics_obtained":[{"floor":6,"key":"StrikeDummy"},{"floor":8,"key":"HornCleat"},{"floor":9,"key":"Frozen Egg 2"},{"floor":14,"key":"Darkstone Periapt"}],"event_choices":[{"damage_healed":0,"gold_gain":0,"player_choice":"Take Wound","damage_taken":0,"relics_obtained":["Golden Idol"],"max_hp_gain":0,"max_hp_loss":0,"event_name":"Golden Idol","floor":2,"gold_loss":0,"cards_obtained":["Injury"]},{"damage_healed":0,"gold_gain":0,"player_choice":"Donut","damage_taken":0,"max_hp_gain":5,"max_hp_loss":0,"event_name":"Big Fish","floor":5,"gold_loss":0},{"cards_removed":["Injury"],"damage_healed":0,"gold_gain":0,"player_choice":"Card Removal","damage_taken":7,"max_hp_gain":0,"max_hp_loss":0,"event_name":"Golden Wing","floor":12,"gold_loss":0}],"is_beta":false,"boss_relics":[],"items_purged_floors":[3],"is_endless":false,"potions_floor_spawned":[1,4,11,13],"killed_by":"Hexaghost","ascension_level":18}