{"gold_per_floor":[117,117,28,28,28,60,78,78,101,101,114,148,160,173,173,245,245,264,264,264,277,151,180,180,180],"floor_reached":25,"playtime":769,"items_purged":["Shame"],"score":483,"play_id":"8e431c60-f837-4240-93b9-124db2dd737c","local_time":"20210730234138","is_ascension_mode":true,"campfire_choices":[{"data":"Zap","floor":8,"key":"SMITH"},{"data":"Dualcast","floor":10,"key":"SMITH"},{"data":"Hologram","floor":15,"key":"SMITH"}],"neow_cost":"NONE","seed_source_timestamp":452998238995200,"circlet_count":0,"master_deck":["AscendersBane","Zap+1","Dualcast+1","Gash","Swift Strike","Aggregate","Leap","Skim","Hologram","Core Surge","Hologram+1","Core Surge","Seek","Ball Lightning","Static Discharge","Defragment","Thunder Strike","Buffer","Melter","Conserve Battery","Stack","Gash","FTL","Writhe"],"special_seed":0,"relics":["Cracked Core","NeowsBlessing","Meat on the Bone","Regal Pillow","HornCleat","Pandora\u0027s Box","InkBottle","Happy Flower","Ginger","Pen Nib"],"potions_floor_usage":[16,23,25,25],"damage_taken":[{"damage":0.0,"enemies":"Jaw Worm","floor":1.0,"turns":1.0},{"damage":0,"enemies":"3 Sentries","floor":6,"turns":1},{"damage":0,"enemies":"Cultist","floor":7,"turns":1},{"damage":0,"enemies":"Small Slimes","floor":11,"turns":2},{"damage":77,"enemies":"Gremlin Nob","floor":12,"turns":5},{"damage":3,"enemies":"3 Louse","floor":13,"turns":3},{"damage":9,"enemies":"Red Slaver","floor":14,"turns":3},{"damage":37,"enemies":"Hexaghost","floor":16,"turns":11},{"damage":14,"enemies":"2 Thieves","floor":18,"turns":4},{"damage":13,"enemies":"3 Byrds","floor":21,"turns":4},{"damage":29,"enemies":"Book of Stabbing","floor":23,"turns":4},{"damage":31,"enemies":"Slavers","floor":25,"turns":3}],"seed_played":"-1100439736229456404","potions_obtained":[{"floor":2.0,"key":"SneckoOil"},{"floor":2.0,"key":"FairyPotion"},{"floor":7,"key":"BlessingOfTheForge"},{"floor":13,"key":"FocusPotion"},{"floor":16,"key":"SteroidPotion"},{"floor":23,"key":"DuplicationPotion"}],"is_trial":false,"path_per_floor":["M","?","$","?","?","E","M","R","T","R","M","E","M","M","R","B",null,"M","T","?","M","$","E","?","E"],"character_chosen":"DEFECT","items_purchased":["Swift Strike","Gash"],"campfire_rested":0,"item_purchase_floors":[3,22],"current_hp_per_floor":[64,64,64,64,64,64,64,64,64,64,64,33,42,45,45,20,58,44,44,44,43,43,26,26,0],"gold":180,"neow_bonus":"THREE_ENEMY_KILL","is_prod":false,"is_daily":false,"chose_seed":false,"campfire_upgraded":3,"win_rate":0,"timestamp":1627702898,"path_taken":["M","?","?","?","?","E","M","R","T","R","M","E","?","?","R","BOSS","M","?","?","M","$","E","?","E"],"build_version":"2020-12-22","purchased_purges":1,"victory":false,"max_hp_per_floor":[71,71,71,71,71,71,71,71,71,71,71,71,71,71,71,71,71,71,71,71,71,71,71,71,71],"card_choices":[{"not_picked":["Aggregate","Tempest"],"picked":"Gash","floor":1.0},{"not_picked":["Chill","Chaos"],"picked":"Leap","floor":6},{"not_picked":["Tempest","Stack"],"picked":"Skim","floor":7},{"not_picked":["Aggregate","Recycle","Conserve Battery"],"picked":"SKIP","floor":11},{"not_picked":["Streamline","Conserve Battery"],"picked":"Hologram","floor":12},{"not_picked":["Capacitor","Sunder"],"picked":"Core Surge","floor":13},{"not_picked":["Coolheaded","Self Repair"],"picked":"Hologram","floor":14},{"not_picked":["Amplify","Thunder Strike"],"picked":"Core Surge","floor":16},{"not_picked":["Ball Lightning","Compile Driver"],"picked":"Conserve Battery","floor":18},{"not_picked":["Cold Snap+1","Ball Lightning"],"picked":"Stack","floor":21},{"not_picked":["Coolheaded+1","Loop"],"picked":"FTL","floor":23}],"player_experience":1546991,"relics_obtained":[{"floor":6,"key":"Meat on the Bone"},{"floor":9,"key":"Regal Pillow"},{"floor":12,"key":"HornCleat"},{"floor":19,"key":"InkBottle"},{"floor":23,"key":"Ginger"}],"event_choices":[{"damage_healed":0.0,"max_hp_gain":0.0,"max_hp_loss":0.0,"gold_gain":0.0,"event_name":"Lab","player_choice":"Got Potions","floor":2.0,"gold_loss":0.0,"damage_taken":0.0},{"damage_healed":0,"gold_gain":0,"cards_transformed":["Strike_B"],"player_choice":"Change","damage_taken":0,"max_hp_gain":0,"max_hp_loss":0,"event_name":"Living Wall","floor":4,"gold_loss":0,"cards_obtained":["Aggregate"]},{"damage_healed":0,"gold_gain":0,"player_choice":"0 cards matched","damage_taken":0,"max_hp_gain":0,"max_hp_loss":0,"event_name":"Match and Keep!","floor":5,"gold_loss":0,"cards_obtained":[]},{"damage_healed":0,"gold_gain":0,"player_choice":"Stole Relic","damage_taken":0,"relics_obtained":["Happy Flower"],"max_hp_gain":0,"max_hp_loss":0,"event_name":"Addict","floor":20,"gold_loss":0,"cards_obtained":["Shame"]},{"damage_healed":0,"gold_gain":0,"player_choice":"Opened","damage_taken":0,"relics_obtained":["Pen Nib"],"max_hp_gain":0,"max_hp_loss":0,"event_name":"The Mausoleum","floor":24,"gold_loss":0,"cards_obtained":["Writhe"]}],"is_beta":false,"boss_relics":[{"not_picked":["Ectoplasm","Runic Pyramid"],"picked":"Pandora\u0027s Box"}],"items_purged_floors":[22],"is_endless":false,"potions_floor_spawned":[7,13,14,16,23],"killed_by":"Slavers","ascension_level":18}