{"gold_per_floor":[113,113,29,179,22,22,22,22,22,22,22,66,66,106,106,106],"floor_reached":16,"playtime":332,"items_purged":["Doubt"],"score":194,"play_id":"2434131f-06f9-4aa5-ab4b-64b7dd757adb","local_time":"20210731233951","is_ascension_mode":true,"campfire_choices":[{"data":"Metamorphosis","floor":6,"key":"SMITH"},{"data":"Zap","floor":8,"key":"SMITH"},{"data":"Capacitor","floor":10,"key":"SMITH"},{"floor":13,"key":"REST"},{"floor":15,"key":"REST"}],"neow_cost":"CURSE","seed_source_timestamp":539745378687700,"circlet_count":0,"master_deck":["AscendersBane","Strike_B","Strike_B","Strike_B","Strike_B","Defend_B","Defend_B","Defend_B","Defend_B","Zap+1","Dualcast","Metamorphosis+1","Gash","Capacitor+1","Coolheaded","Ball Lightning","Injury","Reprogram","Conserve Battery"],"relics":["Cracked Core","Golden Idol","Akabeko","Gambling Chip","CeramicFish","Sundial"],"potions_floor_usage":[],"damage_taken":[{"damage":9,"enemies":"Jaw Worm","floor":1,"turns":3},{"damage":25,"enemies":"3 Sentries","floor":12,"turns":4},{"damage":8,"enemies":"Lagavulin","floor":14,"turns":5},{"damage":61,"enemies":"The Guardian","floor":16,"turns":6}],"seed_played":"-4596099105312551245","potions_obtained":[],"is_trial":false,"path_per_floor":["M","?","$","?","$","R","?","R","T","R","T","E","R","E","R","B"],"character_chosen":"DEFECT","items_purchased":["Capacitor","Coolheaded","Ball Lightning"],"campfire_rested":2,"item_purchase_floors":[3,5,5],"current_hp_per_floor":[55,48,48,48,48,48,48,48,48,48,48,23,44,36,57,0],"gold":106,"neow_bonus":"RANDOM_COLORLESS_2","is_prod":false,"is_daily":false,"chose_seed":false,"campfire_upgraded":3,"win_rate":0,"timestamp":1627789191,"path_taken":["M","?","$","?","?","R","?","R","T","R","?","E","R","E","R","BOSS"],"build_version":"2020-12-22","purchased_purges":1,"victory":false,"max_hp_per_floor":[71,71,71,71,71,71,71,71,71,71,71,71,71,71,71,71],"card_choices":[{"not_picked":["Secret Weapon","Thinking Ahead"],"picked":"Metamorphosis","floor":0},{"not_picked":["Conserve Battery","Steam"],"picked":"Gash","floor":1},{"not_picked":["Leap","Chaos"],"picked":"Reprogram","floor":12},{"not_picked":["Self Repair","Loop"],"picked":"Conserve Battery","floor":14}],"player_experience":1550684,"relics_obtained":[{"floor":9,"key":"Akabeko"},{"floor":11,"key":"Gambling Chip"},{"floor":12,"key":"CeramicFish"},{"floor":14,"key":"Sundial"}],"event_choices":[{"cards_removed":["Shame"],"damage_healed":0,"gold_gain":0,"player_choice":"Card Removal","damage_taken":7,"max_hp_gain":0,"max_hp_loss":0,"event_name":"Golden Wing","floor":2,"gold_loss":0},{"damage_healed":0,"gold_gain":150,"player_choice":"AGREE","damage_taken":0,"max_hp_gain":0,"max_hp_loss":0,"event_name":"Liars Game","floor":4,"gold_loss":0,"cards_obtained":["Doubt"]},{"damage_healed":0,"gold_gain":0,"player_choice":"Take Wound","damage_taken":0,"relics_obtained":["Golden Idol"],"max_hp_gain":0,"max_hp_loss":0,"event_name":"Golden Idol","floor":7,"gold_loss":0,"cards_obtained":["Injury"]}],"is_beta":false,"boss_relics":[],"items_purged_floors":[5],"is_endless":false,"potions_floor_spawned":[],"killed_by":"The Guardian","ascension_level":18}