{"gold_per_floor":[114,126,91,91,91,116,116,145,218,218],"floor_reached":10,"playtime":317,"items_purged":[],"score":141,"play_id":"30de3e1b-047a-411a-b17f-c24f38d0d82c","local_time":"20210728154158","is_ascension_mode":true,"campfire_choices":[{"floor":7,"key":"REST"}],"neow_cost":"TEN_PERCENT_HP_LOSS","seed_source_timestamp":251888389458800,"circlet_count":0,"master_deck":["AscendersBane","Strike_B","Strike_B","Strike_B","Defend_B","Defend_B","Defend_B","Defend_B","Zap","Dualcast","Panache","Gash","Reprogram","Coolheaded","White Noise"],"relics":["Cracked Core","PreservedInsect","Vajra","Gremlin Horn","Pantograph"],"potions_floor_usage":[6,10],"damage_taken":[{"damage":12,"enemies":"Jaw Worm","floor":1,"turns":4},{"damage":4,"enemies":"Small Slimes","floor":2,"turns":3},{"damage":22,"enemies":"Lagavulin","floor":6,"turns":5},{"damage":32,"enemies":"Gremlin Nob","floor":8,"turns":4},{"damage":22,"enemies":"Lagavulin","floor":10,"turns":3}],"seed_played":"7689913277856445079","potions_obtained":[{"floor":2,"key":"ColorlessPotion"},{"floor":8,"key":"ColorlessPotion"}],"is_trial":false,"path_per_floor":["M","M","?","?","?","E","R","E","T","E"],"character_chosen":"DEFECT","items_purchased":[],"campfire_rested":1,"item_purchase_floors":[],"current_hp_per_floor":[52,48,64,57,57,35,54,22,22,0],"gold":218,"neow_bonus":"RANDOM_COLORLESS_2","is_prod":false,"is_daily":false,"chose_seed":false,"campfire_upgraded":0,"win_rate":0,"timestamp":1627501318,"path_taken":["M","M","?","?","?","E","R","E","T","E"],"build_version":"2020-12-22","purchased_purges":0,"victory":false,"max_hp_per_floor":[64,64,64,64,64,64,64,64,64,64],"card_choices":[{"not_picked":["Secret Technique","Magnetism"],"picked":"Panache","floor":0},{"not_picked":["Sunder","Compile Driver"],"picked":"Gash","floor":1},{"not_picked":["Self Repair","Stack"],"picked":"Reprogram","floor":2},{"not_picked":["Consume","Heatsinks"],"picked":"Coolheaded","floor":6},{"not_picked":["Sweeping Beam","Cold Snap"],"picked":"White Noise","floor":8}],"player_experience":1530327,"relics_obtained":[{"floor":5,"key":"PreservedInsect"},{"floor":6,"key":"Vajra"},{"floor":8,"key":"Gremlin Horn"},{"floor":9,"key":"Pantograph"}],"event_choices":[{"damage_healed":16,"gold_gain":0,"player_choice":"Healed","damage_taken":0,"max_hp_gain":0,"max_hp_loss":0,"event_name":"The Cleric","floor":3,"gold_loss":35},{"cards_removed":["Strike_B"],"damage_healed":0,"gold_gain":0,"player_choice":"Card Removal","damage_taken":7,"max_hp_gain":0,"max_hp_loss":0,"event_name":"Golden Wing","floor":4,"gold_loss":0},{"damage_healed":0,"gold_gain":0,"player_choice":"Relic","damage_taken":0,"max_hp_gain":0,"max_hp_loss":0,"event_name":"Wheel of Change","floor":5,"gold_loss":0}],"is_beta":false,"boss_relics":[],"items_purged_floors":[],"is_endless":false,"potions_floor_spawned":[2,8],"killed_by":"Lagavulin","ascension_level":18}