{"gold_per_floor":[363,363,42,58,333,362,362,372,372,372,392,411,440,456,456,535,535,547,565,597,597],"floor_reached":21,"playtime":787,"items_purged":[],"score":363,"play_id":"68f56f65-4f43-4556-9f0e-db0183677dde","local_time":"20210731001656","is_ascension_mode":true,"campfire_choices":[{"floor":7,"key":"REST"},{"data":"Streamline","floor":10,"key":"SMITH"},{"floor":15,"key":"REST"}],"neow_cost":"TEN_PERCENT_HP_LOSS","seed_source_timestamp":455115298384200,"circlet_count":0,"master_deck":["AscendersBane","Zap","Dualcast","Streamline+1","Conserve Battery+1","Hologram+1","Regret","Core Surge","Cold Snap","Leap+1","Gash","FTL","Sweeping Beam","Buffer","Self Repair","Creative AI","Turbo+1","Turbo+1","Sunder","Rainbow+1","Core Surge","Steam Power+1","Beam Cell","Go for the Eyes","Force Field+1"],"relics":["Cracked Core","CultistMask","Toxic Egg 2","Calipers","Shuriken","Blood Vial","Pandora\u0027s Box","Red Mask"],"potions_floor_usage":[6,16,19,19],"damage_taken":[{"damage":1,"enemies":"Cultist","floor":1,"turns":3},{"damage":3,"enemies":"Small Slimes","floor":4,"turns":2},{"damage":32,"enemies":"Gremlin Nob","floor":6,"turns":4},{"damage":2,"enemies":"Jaw Worm","floor":8,"turns":2},{"damage":6,"enemies":"2 Fungi Beasts","floor":11,"turns":4},{"damage":1,"enemies":"Looter","floor":12,"turns":3},{"damage":21,"enemies":"Lagavulin","floor":13,"turns":7},{"damage":16,"enemies":"3 Louse","floor":14,"turns":4},{"damage":21,"enemies":"The Guardian","floor":16,"turns":12},{"damage":4,"enemies":"Spheric Guardian","floor":18,"turns":4},{"damage":21,"enemies":"2 Thieves","floor":19,"turns":3},{"damage":36,"enemies":"Masked Bandits","floor":20,"turns":4},{"damage":28,"enemies":"Shelled Parasite and Fungi","floor":21,"turns":5}],"seed_played":"-5328531127350911005","potions_obtained":[{"floor":4,"key":"Swift Potion"},{"floor":14,"key":"Dexterity Potion"},{"floor":16,"key":"FearPotion"},{"floor":18,"key":"Explosive Potion"},{"floor":19,"key":"FearPotion"}],"is_trial":false,"path_per_floor":["M","?","$","M","?","E","R","M","T","R","M","M","E","M","R","B",null,"M","M","?","M"],"character_chosen":"DEFECT","items_purchased":["Toxic Egg 2","Conserve Battery+1"],"campfire_rested":2,"item_purchase_floors":[3,3],"current_hp_per_floor":[63,63,63,60,60,28,47,45,45,45,39,38,17,3,22,3,49,54,42,15,0],"gold":597,"neow_bonus":"TWO_FIFTY_GOLD","is_prod":false,"is_daily":false,"chose_seed":false,"campfire_upgraded":1,"win_rate":0,"timestamp":1627705016,"path_taken":["M","?","?","M","?","E","R","M","T","R","?","M","E","M","R","BOSS","M","?","?","M"],"build_version":"2020-12-22","purchased_purges":0,"victory":false,"max_hp_per_floor":[64,64,64,64,64,64,64,64,64,64,64,64,64,64,64,64,64,64,64,64,64],"card_choices":[{"not_picked":["Cold Snap","Chill"],"picked":"Streamline","floor":1},{"not_picked":["Ball Lightning","Skim+1"],"picked":"Hologram+1","floor":4},{"not_picked":["Loop","Tempest+1"],"picked":"Core Surge","floor":6},{"not_picked":["Gash","Barrage"],"picked":"Cold Snap","floor":8},{"not_picked":["Conserve Battery+1","Steam Power+1"],"picked":"Leap+1","floor":11},{"not_picked":["Hologram+1","Glacier+1"],"picked":"Gash","floor":12},{"not_picked":["White Noise+1","Steam+1"],"picked":"FTL","floor":13},{"not_picked":["Reboot+1","Conserve Battery+1"],"picked":"Sweeping Beam","floor":14},{"not_picked":["Hyperbeam","Electrodynamics"],"picked":"Buffer","floor":16},{"not_picked":["Steam Power+1","Steam+1"],"picked":"Beam Cell","floor":18},{"not_picked":["Chaos+1","Redo+1"],"picked":"Go for the Eyes","floor":19},{"not_picked":["Loop","Double Energy+1"],"picked":"Force Field+1","floor":20}],"player_experience":1549048,"relics_obtained":[{"floor":6,"key":"Calipers"},{"floor":9,"key":"Shuriken"},{"floor":13,"key":"Blood Vial"},{"floor":20,"key":"Red Mask"}],"event_choices":[{"damage_healed":0,"gold_gain":0,"player_choice":"Trade","damage_taken":0,"relics_obtained":["CultistMask"],"max_hp_gain":0,"max_hp_loss":0,"event_name":"FaceTrader","floor":2,"gold_loss":0},{"damage_healed":0,"gold_gain":275,"player_choice":"Desecrate","damage_taken":0,"max_hp_gain":0,"max_hp_loss":0,"event_name":"Golden Shrine","floor":5,"gold_loss":0,"cards_obtained":["Regret"]},{"damage_healed":0,"gold_gain":0,"player_choice":"Fought Bandits","damage_taken":0,"max_hp_gain":0,"max_hp_loss":0,"event_name":"Masked Bandits","floor":20,"gold_loss":0}],"is_beta":false,"boss_relics":[{"not_picked":["Philosopher\u0027s Stone","Sozu"],"picked":"Pandora\u0027s Box"}],"items_purged_floors":[],"is_endless":false,"potions_floor_spawned":[4,14,16,18,19],"killed_by":"Shelled Parasite and Fungi","ascension_level":18}