{"gold_per_floor":[13,27,27,27,52,52,52,83,107,107,120,42,7,7,7,102,102,125,125,175,200,218,218,237,271,271,271],"floor_reached":27,"playtime":753,"items_purged":[],"score":439,"play_id":"3ecc48af-020d-4e29-843e-1fad90814c12","local_time":"20210730235425","is_ascension_mode":true,"campfire_choices":[{"data":"Zap","floor":6,"key":"SMITH"},{"floor":10,"key":"REST"},{"data":"Static Discharge","floor":15,"key":"SMITH"},{"data":"Capacitor","floor":23,"key":"SMITH"}],"neow_cost":"NO_GOLD","seed_source_timestamp":453798843146500,"circlet_count":0,"master_deck":["AscendersBane","Strike_B","Strike_B","Defend_B","Defend_B+1","Defend_B","Zap+1","Dualcast","Static Discharge+1","Self Repair","Leap+1","Electrodynamics","Compile Driver","White Noise","Echo Form","Tempest+1","Aggregate+1","Consume+1","Capacitor+1","Conserve Battery"],"relics":["Cracked Core","Golden Idol","Vajra","War Paint","Astrolabe","Juzu Bracelet"],"potions_floor_usage":[8,21,22,24,25],"damage_taken":[{"damage":7,"enemies":"Small Slimes","floor":1,"turns":3},{"damage":11,"enemies":"2 Louse","floor":2,"turns":3},{"damage":2,"enemies":"Cultist","floor":5,"turns":4},{"damage":30,"enemies":"Lagavulin","floor":8,"turns":6},{"damage":13,"enemies":"Red Slaver","floor":11,"turns":3},{"damage":15,"enemies":"Slime Boss","floor":16,"turns":6},{"damage":0,"enemies":"Chosen","floor":18,"turns":4},{"damage":12,"enemies":"2 Thieves","floor":21,"turns":3},{"damage":31,"enemies":"Centurion and Healer","floor":22,"turns":3},{"damage":19,"enemies":"Snake Plant","floor":24,"turns":2},{"damage":34,"enemies":"Slavers","floor":25,"turns":2},{"damage":10,"enemies":"Snecko","floor":27,"turns":2}],"seed_played":"2338067433862981940","potions_obtained":[{"floor":5,"key":"ColorlessPotion"},{"floor":11,"key":"Regen Potion"},{"floor":16,"key":"Block Potion"},{"floor":21,"key":"DistilledChaos"},{"floor":22,"key":"SkillPotion"}],"is_trial":false,"path_per_floor":["M","M","$","?","M","R","?","E","T","R","M","$","?","$","R","B",null,"M","?","?","M","M","R","M","E","T","M"],"character_chosen":"DEFECT","items_purchased":["White Noise"],"campfire_rested":1,"item_purchase_floors":[12],"current_hp_per_floor":[71,60,60,60,65,65,54,31,31,54,41,41,60,60,60,52,71,77,77,77,77,53,53,34,5,5,0],"gold":271,"neow_bonus":"TWENTY_PERCENT_HP_BONUS","is_prod":false,"is_daily":false,"chose_seed":false,"campfire_upgraded":3,"win_rate":0,"timestamp":1627703665,"path_taken":["M","M","$","?","M","R","?","E","T","R","?","?","?","$","R","BOSS","M","?","?","M","M","R","M","E","T","M"],"build_version":"2020-12-22","purchased_purges":0,"victory":false,"max_hp_per_floor":[85,85,85,77,77,77,77,77,77,77,77,77,77,77,77,77,77,77,77,77,77,77,77,77,77,77,77],"card_choices":[{"not_picked":["Steam","Heatsinks"],"picked":"Static Discharge","floor":1},{"not_picked":["BootSequence","Coolheaded"],"picked":"Self Repair","floor":2},{"not_picked":["Compile Driver","Conserve Battery"],"picked":"Leap","floor":5},{"not_picked":["Chaos","Darkness"],"picked":"Electrodynamics","floor":8},{"not_picked":["Sweeping Beam","Static Discharge"],"picked":"Compile Driver","floor":11},{"not_picked":["Buffer","Machine Learning"],"picked":"Echo Form","floor":16},{"not_picked":["Undo","Leap","Turbo"],"picked":"SKIP","floor":18},{"not_picked":["Leap","Gash","Sunder"],"picked":"SKIP","floor":21},{"not_picked":["Streamline","Gash"],"picked":"Conserve Battery","floor":22},{"not_picked":["Barrage","Hologram","Coolheaded"],"picked":"SKIP","floor":24},{"not_picked":["Conserve Battery","Stack","Double Energy"],"picked":"SKIP","floor":25}],"player_experience":1547760,"relics_obtained":[{"floor":8,"key":"Vajra"},{"floor":9,"key":"War Paint"},{"floor":25,"key":"Juzu Bracelet"}],"event_choices":[{"damage_healed":0,"gold_gain":0,"player_choice":"Lose Max HP","damage_taken":0,"relics_obtained":["Golden Idol"],"max_hp_gain":0,"max_hp_loss":8,"event_name":"Golden Idol","floor":4,"gold_loss":0},{"damage_healed":0,"gold_gain":0,"player_choice":"Damaged","damage_taken":11,"max_hp_gain":0,"max_hp_loss":0,"event_name":"Wheel of Change","floor":7,"gold_loss":0},{"damage_healed":19,"gold_gain":0,"player_choice":"Healed","damage_taken":0,"max_hp_gain":0,"max_hp_loss":0,"event_name":"The Cleric","floor":13,"gold_loss":35},{"damage_healed":0,"gold_gain":0,"player_choice":"Read","damage_taken":0,"max_hp_gain":0,"max_hp_loss":0,"event_name":"The Library","floor":19,"gold_loss":0,"cards_obtained":["Capacitor"]},{"damage_healed":0,"gold_gain":50,"player_choice":"Pray","damage_taken":0,"max_hp_gain":0,"max_hp_loss":0,"event_name":"Golden Shrine","floor":20,"gold_loss":0}],"is_beta":false,"boss_relics":[{"not_picked":["Philosopher\u0027s Stone","Tiny House"],"picked":"Astrolabe"}],"items_purged_floors":[],"is_endless":false,"potions_floor_spawned":[5,11,16,18,21,22],"killed_by":"Snecko","ascension_level":18}