{"gold_per_floor":[112,8,8,23,86,86,119,119,119,169,169,219,219,236,236,313,313,331,342,592,46,96,196,246,246,246,263,56,82,82,132,132,206,206,222,238,288,338,388,388,418,435,462,123,73,73,123,63,63,63],"floor_reached":50,"playtime":1941,"items_purged":["Writhe","Pain","Injury"],"score":987,"play_id":"dd715661-337e-46f5-a370-f95c2ca87239","local_time":"20210729213853","is_ascension_mode":true,"campfire_choices":[{"data":"Zap","floor":6,"key":"SMITH"},{"data":"Doom and Gloom","floor":8,"key":"SMITH"},{"data":"Rip and Tear","floor":11,"key":"SMITH"},{"floor":13,"key":"REST"},{"data":"Self Repair","floor":15,"key":"SMITH"},{"floor":25,"key":"REST"},{"floor":30,"key":"REST"},{"data":"Force Field","floor":32,"key":"SMITH"},{"data":"Force Field","floor":40,"key":"SMITH"},{"data":"Core Surge","floor":46,"key":"SMITH"},{"data":"Skim","floor":49,"key":"SMITH"}],"neow_cost":"NONE","seed_source_timestamp":358077829718000,"circlet_count":0,"master_deck":["AscendersBane","Strike_B","Defend_B","Defend_B+1","Defend_B","Zap+1","Dualcast","Ball Lightning","Leap+1","Self Repair+1","White Noise","Rip and Tear+1","Doom and Gloom+1","Electrodynamics+1","Force Field+1","Darkness+1","Self Repair+1","Creative AI+1","Core Surge+1","Storm+1","Heatsinks+1","Reinforced Body+1","Force Field+1","Skim+1","Conserve Battery+1","Dramatic Entrance"],"relics":["Cracked Core","NeowsBlessing","SsserpentHead","White Beast Statue","Frozen Egg 2","Darkstone Periapt","Cursed Key","ClockworkSouvenir","Vajra","Juzu Bracelet","Ornamental Fan","Smiling Mask","Toy Ornithopter","MealTicket","Astrolabe","WarpedTongs","Bronze Scales","Anchor","Ginger"],"potions_floor_usage":[18,19,29,33,33,36,41,41,42,50],"damage_taken":[{"damage":0,"enemies":"Cultist","floor":1,"turns":1},{"damage":0,"enemies":"2 Louse","floor":4,"turns":1},{"damage":0,"enemies":"Small Slimes","floor":5,"turns":1},{"damage":32,"enemies":"Gremlin Nob","floor":7,"turns":4},{"damage":14,"enemies":"Blue Slaver","floor":14,"turns":3},{"damage":27,"enemies":"Slime Boss","floor":16,"turns":7},{"damage":25,"enemies":"Shell Parasite","floor":18,"turns":3},{"damage":11,"enemies":"2 Thieves","floor":19,"turns":3},{"damage":37,"enemies":"Centurion and Healer","floor":27,"turns":5},{"damage":39,"enemies":"Slavers","floor":29,"turns":5},{"damage":54,"enemies":"Automaton","floor":33,"turns":9},{"damage":37,"enemies":"3 Darklings","floor":35,"turns":4},{"damage":0,"enemies":"Orb Walker","floor":36,"turns":4},{"damage":70,"enemies":"Nemesis","floor":41,"turns":10},{"damage":20,"enemies":"Maw","floor":42,"turns":7},{"damage":97,"enemies":"Time Eater","floor":50,"turns":11}],"seed_played":"2387782231249423709","potions_obtained":[{"floor":7,"key":"SteroidPotion"},{"floor":14,"key":"Dexterity Potion"},{"floor":18,"key":"ColorlessPotion"},{"floor":19,"key":"Strength Potion"},{"floor":29,"key":"ColorlessPotion"},{"floor":33,"key":"SkillPotion"},{"floor":35,"key":"AttackPotion"},{"floor":36,"key":"DistilledChaos"},{"floor":41,"key":"EssenceOfSteel"},{"floor":42,"key":"AttackPotion"}],"is_trial":false,"path_per_floor":["M","$","?","M","M","R","E","R","T","?","R","T","R","M","R","B",null,"M","M","?","$","?","?","?","R","T","M","$","E","R","?","R","B",null,"M","M","?","?","?","R","E","M","T","$","$","R","?","?","R","B"],"character_chosen":"DEFECT","items_purchased":["Leap","Self Repair","ClockworkSouvenir","Vajra","Juzu Bracelet","Self Repair+1","Toy Ornithopter","Ginger"],"campfire_rested":3,"item_purchase_floors":[2,2,21,21,21,21,28,44],"current_hp_per_floor":[64,64,64,64,64,64,39,39,39,39,39,39,60,53,53,36,62,37,26,26,26,32,32,26,49,55,48,48,34,58,58,58,44,73,56,81,81,81,87,87,44,49,55,70,85,85,85,85,85,0],"gold":63,"neow_bonus":"THREE_ENEMY_KILL","is_prod":false,"is_daily":false,"chose_seed":false,"campfire_upgraded":8,"win_rate":0,"timestamp":1627609133,"path_taken":["M","?","?","M","?","R","E","R","T","?","R","?","R","M","R","BOSS","M","M","?","$","?","?","?","R","T","M","$","E","R","?","R","BOSS","M","M","?","?","?","R","E","M","T","?","$","R","?","?","R","BOSS"],"build_version":"2020-12-22","purchased_purges":3,"victory":false,"max_hp_per_floor":[71,71,71,71,71,71,71,71,71,71,71,71,71,71,71,71,71,71,71,71,71,77,77,77,77,83,83,83,83,83,83,83,83,83,83,83,83,83,89,89,89,89,95,95,95,95,95,95,95,95],"card_choices":[{"not_picked":["Loop","Leap"],"picked":"Ball Lightning","floor":1},{"not_picked":["Redo","Recycle"],"picked":"White Noise","floor":4},{"not_picked":["Aggregate","Blizzard"],"picked":"Rip and Tear","floor":5},{"not_picked":["Leap","Gash"],"picked":"Doom and Gloom","floor":7},{"not_picked":["Ball Lightning","Streamline","Stack"],"picked":"SKIP","floor":14},{"not_picked":["Amplify","Biased Cognition+1"],"picked":"Electrodynamics+1","floor":16},{"not_picked":["Conserve Battery+1","Coolheaded"],"picked":"Force Field","floor":18},{"not_picked":["Sweeping Beam","Turbo+1"],"picked":"Darkness+1","floor":19},{"not_picked":["Steam+1","Beam Cell","Chill"],"picked":"SKIP","floor":27},{"not_picked":["Cold Snap","Hologram+1"],"picked":"Creative AI+1","floor":29},{"not_picked":["Creative AI+1","Echo Form+1"],"picked":"Core Surge","floor":33},{"not_picked":["Hello World+1","Streamline"],"picked":"Force Field","floor":35},{"not_picked":["Steam","Redo"],"picked":"Skim","floor":36},{"not_picked":["Leap","BootSequence"],"picked":"Conserve Battery+1","floor":41},{"not_picked":["Streamline","Beam Cell","Sweeping Beam"],"picked":"SKIP","floor":42},{"not_picked":["Good Instincts","Discovery"],"picked":"Dramatic Entrance","floor":47}],"player_experience":1541874,"relics_obtained":[{"floor":7,"key":"White Beast Statue"},{"floor":9,"key":"Frozen Egg 2"},{"floor":12,"key":"Darkstone Periapt"},{"floor":26,"key":"Smiling Mask"},{"floor":29,"key":"MealTicket"},{"floor":41,"key":"Bronze Scales"},{"floor":43,"key":"Anchor"}],"event_choices":[{"damage_healed":0,"gold_gain":0,"player_choice":"Trade","damage_taken":0,"relics_obtained":["SsserpentHead"],"max_hp_gain":0,"max_hp_loss":0,"event_name":"FaceTrader","floor":3,"gold_loss":0},{"damage_healed":0,"gold_gain":0,"player_choice":"Grow","damage_taken":0,"max_hp_gain":0,"max_hp_loss":0,"event_name":"Living Wall","floor":10,"gold_loss":0,"cards_upgraded":["Leap"]},{"damage_healed":0,"gold_gain":250,"player_choice":"Bet on Owner","damage_taken":0,"max_hp_gain":0,"max_hp_loss":0,"event_name":"The Joust","floor":20,"gold_loss":50},{"damage_healed":0,"gold_gain":0,"player_choice":"Opened","damage_taken":0,"relics_obtained":["Ornamental Fan"],"max_hp_gain":0,"max_hp_loss":0,"event_name":"The Mausoleum","floor":22,"gold_loss":0,"cards_obtained":["Writhe"]},{"damage_healed":0,"gold_gain":50,"player_choice":"Stole From Cult","damage_taken":0,"max_hp_gain":0,"max_hp_loss":0,"event_name":"Nest","floor":23,"gold_loss":0},{"damage_healed":0,"gold_gain":0,"player_choice":"","damage_taken":6,"max_hp_gain":0,"max_hp_loss":0,"event_name":"Knowing Skull","floor":24,"potions_obtained":[],"gold_loss":0,"cards_obtained":[]},{"cards_removed":["Writhe"],"damage_healed":0,"gold_gain":0,"player_choice":"Removed Curses","damage_taken":0,"max_hp_gain":0,"max_hp_loss":0,"event_name":"Fountain of Cleansing","floor":31,"gold_loss":0},{"damage_healed":0,"gold_gain":0,"player_choice":"Ignored","damage_taken":0,"max_hp_gain":0,"max_hp_loss":0,"event_name":"Tomb of Lord Red Mask","floor":37,"gold_loss":0},{"damage_healed":0,"gold_gain":0,"player_choice":"Ignored","damage_taken":0,"max_hp_gain":0,"max_hp_loss":0,"event_name":"SecretPortal","floor":38,"gold_loss":0},{"damage_healed":0,"gold_gain":0,"player_choice":"Rummage","damage_taken":0,"relics_obtained":["WarpedTongs"],"max_hp_gain":0,"max_hp_loss":0,"event_name":"Accursed Blacksmith","floor":39,"gold_loss":0,"cards_obtained":["Pain"]},{"damage_healed":0,"gold_gain":0,"player_choice":"Memory 1","damage_taken":0,"max_hp_gain":0,"max_hp_loss":0,"event_name":"SensoryStone","floor":47,"gold_loss":0},{"cards_removed":["Strike_B"],"damage_healed":0,"gold_gain":0,"player_choice":"Upgrade and Remove","damage_taken":0,"max_hp_gain":0,"max_hp_loss":0,"event_name":"Designer","floor":48,"gold_loss":110,"cards_upgraded":["Defend_B"]}],"is_beta":false,"boss_relics":[{"not_picked":["Runic Dome","Sozu"],"picked":"Cursed Key"},{"not_picked":["Coffee Dripper","Nuclear Battery"],"picked":"Astrolabe"}],"items_purged_floors":[28,44,45],"is_endless":false,"potions_floor_spawned":[7,14,16,18,19,27,29,33,35,36,41,42],"killed_by":"Time Eater","ascension_level":18}