{"gold_per_floor":[118,29,39,39,39,39,68,80,105,77,103,253,288,46,46,125,125,135,135,135,135],"floor_reached":21,"playtime":546,"items_purged":["Doubt"],"score":395,"play_id":"31c98cf0-dfb6-4e9f-b85d-033cd4421ee6","local_time":"20210728155114","is_ascension_mode":true,"campfire_choices":[{"floor":6,"key":"REST"},{"floor":15,"key":"REST"}],"neow_cost":"NONE","seed_source_timestamp":252214791041500,"circlet_count":0,"master_deck":["AscendersBane","Strike_B+1","Strike_B+1","Defend_B","Defend_B","Defend_B","Zap","Dualcast","Sweeping Beam","Self Repair","Storm","Streamline","Core Surge","Conserve Battery","Compile Driver","Core Surge","Leap","Writhe"],"relics":["Cracked Core","NeowsBlessing","DataDisk","Nunchaku","Bag of Marbles","Lizard Tail","Runic Capacitor","Empty Cage","Happy Flower","NlothsMask"],"potions_floor_usage":[13],"damage_taken":[{"damage":0,"enemies":"Jaw Worm","floor":1,"turns":1},{"damage":0,"enemies":"2 Louse","floor":3,"turns":1},{"damage":0,"enemies":"3 Sentries","floor":7,"turns":1},{"damage":0,"enemies":"Small Slimes","floor":8,"turns":2},{"damage":40,"enemies":"Lagavulin","floor":13,"turns":5},{"damage":69,"enemies":"Slime Boss","floor":16,"turns":10},{"damage":23,"enemies":"Spheric Guardian","floor":18,"turns":5},{"damage":3,"enemies":"3 Byrds","floor":21,"turns":2}],"seed_played":"1880609698524566747","potions_obtained":[{"floor":3,"key":"SteroidPotion"},{"floor":7,"key":"SpeedPotion"},{"floor":16,"key":"EssenceOfSteel"}],"is_trial":false,"path_per_floor":["M","$","M","?","?","R","E","M","T","$","T","?","E","$","R","B",null,"M","?","?","M"],"character_chosen":"DEFECT","items_purchased":["Self Repair","Compile Driver","Runic Capacitor"],"campfire_rested":2,"item_purchase_floors":[2,10,14],"current_hp_per_floor":[64,64,64,64,43,64,71,71,71,71,71,71,38,38,59,42,64,48,48,48,45],"gold":135,"neow_bonus":"THREE_ENEMY_KILL","is_prod":false,"is_daily":false,"chose_seed":false,"campfire_upgraded":0,"win_rate":0,"timestamp":1627501874,"path_taken":["M","$","M","?","?","R","E","M","T","?","?","?","E","?","R","BOSS","M","?","?","?"],"build_version":"2020-12-22","purchased_purges":1,"victory":false,"max_hp_per_floor":[71,71,71,71,71,71,71,71,71,71,71,71,71,71,71,71,71,71,71,71,71],"card_choices":[{"not_picked":["Redo","Force Field"],"picked":"Sweeping Beam","floor":1},{"not_picked":["Steam","Hello World"],"picked":"Storm","floor":3},{"not_picked":["Conserve Battery","Hyperbeam"],"picked":"Core Surge","floor":7},{"not_picked":["Doom and Gloom","Gash"],"picked":"Conserve Battery","floor":8},{"not_picked":["Hello World","Sweeping Beam","All For One"],"picked":"SKIP","floor":13},{"not_picked":["Meteor Strike","All For One"],"picked":"Core Surge","floor":16},{"not_picked":["Storm","Go for the Eyes"],"picked":"Leap","floor":18}],"player_experience":1530644,"relics_obtained":[{"floor":7,"key":"DataDisk"},{"floor":9,"key":"Nunchaku"},{"floor":11,"key":"Bag of Marbles"},{"floor":13,"key":"Lizard Tail"}],"event_choices":[{"damage_healed":0,"gold_gain":0,"cards_transformed":["Strike_B"],"player_choice":"Change","damage_taken":0,"max_hp_gain":0,"max_hp_loss":0,"event_name":"Living Wall","floor":4,"gold_loss":0,"cards_obtained":["Streamline"]},{"damage_healed":0,"gold_gain":0,"player_choice":"Entered Light","damage_taken":21,"max_hp_gain":0,"max_hp_loss":0,"event_name":"Shining Light","floor":5,"gold_loss":0,"cards_upgraded":["Strike_B","Strike_B"]},{"damage_healed":0,"gold_gain":150,"player_choice":"AGREE","damage_taken":0,"max_hp_gain":0,"max_hp_loss":0,"event_name":"Liars Game","floor":12,"gold_loss":0,"cards_obtained":["Doubt"]},{"damage_healed":0,"gold_gain":0,"player_choice":"Opened","damage_taken":0,"relics_obtained":["Happy Flower"],"max_hp_gain":0,"max_hp_loss":0,"event_name":"The Mausoleum","floor":19,"gold_loss":0,"cards_obtained":["Writhe"]},{"damage_healed":0,"gold_gain":0,"player_choice":"Trade","damage_taken":0,"relics_obtained":["NlothsMask"],"max_hp_gain":0,"max_hp_loss":0,"event_name":"FaceTrader","floor":20,"gold_loss":0}],"is_beta":false,"boss_relics":[{"not_picked":["Runic Dome","Tiny House"],"picked":"Empty Cage"}],"items_purged_floors":[14],"is_endless":false,"potions_floor_spawned":[3,7,16,18],"killed_by":"3 Byrds","ascension_level":18}