{"gold_per_floor":[111,74,88,104,52,52,52,23,23,23,56,77,101,137,137,137],"floor_reached":16,"playtime":500,"items_purged":[],"score":209,"play_id":"c5610a1d-316d-4a62-b3a7-135282b1db5e","local_time":"20210725211031","is_ascension_mode":true,"campfire_choices":[{"data":"Zap","floor":7,"key":"SMITH"},{"data":"Reinforced Body","floor":15,"key":"SMITH"}],"neow_cost":"NONE","seed_source_timestamp":12217499436500,"circlet_count":0,"master_deck":["AscendersBane","Strike_B","Strike_B","Strike_B","Defend_B","Defend_B","Defend_B","Defend_B","Zap+1","Dualcast","Turbo","Self Repair","Stack","Ball Lightning","Cold Snap","Injury","Leap","Reinforced Body+1","Auto Shields","Glacier"],"relics":["Cracked Core","NeowsBlessing","Golden Idol","Sundial","CaptainsWheel","FossilizedHelix"],"potions_floor_usage":[11,14],"damage_taken":[{"damage":0,"enemies":"Cultist","floor":1,"turns":1},{"damage":0,"enemies":"Small Slimes","floor":3,"turns":1},{"damage":0,"enemies":"Jaw Worm","floor":4,"turns":1},{"damage":28,"enemies":"Gremlin Nob","floor":11,"turns":4},{"damage":12,"enemies":"Exordium Thugs","floor":12,"turns":5},{"damage":0,"enemies":"Lots of Slimes","floor":13,"turns":5},{"damage":5,"enemies":"Lagavulin","floor":14,"turns":8},{"damage":61,"enemies":"Slime Boss","floor":16,"turns":14}],"seed_played":"4410684810926986286","potions_obtained":[{"floor":1,"key":"Explosive Potion"},{"floor":12,"key":"Weak Potion"}],"is_trial":false,"path_per_floor":["M","$","M","M","$","?","R","$","T","?","E","M","M","E","R","B"],"character_chosen":"DEFECT","items_purchased":["Self Repair","Cold Snap","Leap"],"campfire_rested":0,"item_purchase_floors":[2,5,8],"current_hp_per_floor":[64,64,64,71,71,71,71,71,71,64,43,38,45,47,47,0],"gold":137,"neow_bonus":"THREE_ENEMY_KILL","is_prod":false,"is_daily":false,"chose_seed":false,"campfire_upgraded":2,"win_rate":0,"timestamp":1627261831,"path_taken":["M","?","M","M","$","?","R","$","T","?","E","?","?","E","R","BOSS"],"build_version":"2020-12-22","purchased_purges":0,"victory":false,"max_hp_per_floor":[71,71,71,71,71,71,71,71,71,71,71,71,71,71,71,71],"card_choices":[{"not_picked":["Heatsinks","Steam Power"],"picked":"Turbo","floor":1},{"not_picked":["Force Field","Go for the Eyes"],"picked":"Stack","floor":3},{"not_picked":["Sweeping Beam","Hologram"],"picked":"Ball Lightning","floor":4},{"not_picked":["Machine Learning","Storm"],"picked":"Reinforced Body","floor":11},{"not_picked":["Barrage","Conserve Battery"],"picked":"Auto Shields","floor":12},{"not_picked":["Steam","Self Repair","Stack"],"picked":"SKIP","floor":13},{"not_picked":["Turbo","Hologram"],"picked":"Glacier","floor":14}],"player_experience":1520675,"relics_obtained":[{"floor":9,"key":"Sundial"},{"floor":11,"key":"CaptainsWheel"},{"floor":14,"key":"FossilizedHelix"}],"event_choices":[{"damage_healed":0,"gold_gain":0,"player_choice":"Take Wound","damage_taken":0,"relics_obtained":["Golden Idol"],"max_hp_gain":0,"max_hp_loss":0,"event_name":"Golden Idol","floor":6,"gold_loss":0,"cards_obtained":["Injury"]},{"cards_removed":["Strike_B"],"damage_healed":0,"gold_gain":0,"player_choice":"Card Removal","damage_taken":7,"max_hp_gain":0,"max_hp_loss":0,"event_name":"Golden Wing","floor":10,"gold_loss":0}],"is_beta":false,"boss_relics":[],"items_purged_floors":[],"is_endless":false,"potions_floor_spawned":[1,12],"killed_by":"Slime Boss","ascension_level":18}