{"gold_per_floor":[115,129,52,52,63,63,90,90,90,90,117,132,97,110,110,183,183,198,148,158,208,219,219],"floor_reached":23,"playtime":725,"items_purged":[],"score":382,"play_id":"997b8ebf-46a8-4753-b829-07f42e663959","local_time":"20210729180557","is_ascension_mode":true,"campfire_choices":[{"floor":6,"key":"REST"},{"floor":8,"key":"REST"},{"floor":10,"key":"REST"},{"floor":15,"key":"REST"}],"neow_cost":"PERCENT_DAMAGE","seed_source_timestamp":346517736080400,"circlet_count":0,"master_deck":["AscendersBane","Strike_B","Strike_B","Strike_B","Strike_B","Defend_B","Defend_B","Defend_B","Defend_B","Zap","Dualcast","Leap","Conserve Battery","Sunder","Recycle","Genetic Algorithm+1","Ball Lightning","Sweeping Beam","Meteor Strike","White Noise+1","Coolheaded+1","Glacier+1"],"relics":["Cracked Core","Ice Cream","Kunai","Darkstone Periapt","Toxic Egg 2","Gremlin Horn","Nuclear Battery"],"potions_floor_usage":[7,11,16,20,22],"damage_taken":[{"damage":1,"enemies":"Cultist","floor":1,"turns":3},{"damage":0,"enemies":"Small Slimes","floor":2,"turns":4},{"damage":0,"enemies":"2 Louse","floor":5,"turns":2},{"damage":29,"enemies":"Gremlin Nob","floor":7,"turns":4},{"damage":33,"enemies":"3 Sentries","floor":11,"turns":9},{"damage":9,"enemies":"Gremlin Gang","floor":12,"turns":5},{"damage":0,"enemies":"3 Louse","floor":14,"turns":2},{"damage":21,"enemies":"The Guardian","floor":16,"turns":10},{"damage":27,"enemies":"2 Thieves","floor":18,"turns":5},{"damage":2,"enemies":"3 Byrds","floor":20,"turns":4},{"damage":21,"enemies":"Centurion and Healer","floor":22,"turns":5},{"damage":13,"enemies":"Book of Stabbing","floor":23,"turns":3}],"seed_played":"-7984685257649277033","potions_obtained":[{"floor":2,"key":"EssenceOfDarkness"},{"floor":7,"key":"BlessingOfTheForge"},{"floor":11,"key":"DuplicationPotion"},{"floor":14,"key":"FocusPotion"},{"floor":18,"key":"EssenceOfSteel"},{"floor":22,"key":"SmokeBomb"}],"is_trial":false,"path_per_floor":["M","M","$","?","M","R","E","R","T","R","E","M","?","M","R","B",null,"M","?","M","?","M","E"],"character_chosen":"DEFECT","items_purchased":["Sunder"],"campfire_rested":4,"item_purchase_floors":[3],"current_hp_per_floor":[45,45,45,10,10,31,2,23,23,44,11,2,19,19,40,19,58,31,31,29,29,8,0],"gold":219,"neow_bonus":"ONE_RARE_RELIC","is_prod":false,"is_daily":false,"chose_seed":false,"campfire_upgraded":0,"win_rate":0,"timestamp":1627596357,"path_taken":["M","M","$","?","M","R","E","R","T","R","E","M","?","M","R","BOSS","M","?","?","?","M","E"],"build_version":"2020-12-22","purchased_purges":0,"victory":false,"max_hp_per_floor":[71,71,71,71,71,71,71,71,71,71,71,71,71,71,71,71,71,71,71,71,71,71,71],"card_choices":[{"not_picked":["Rebound","Barrage"],"picked":"Leap","floor":1},{"not_picked":["Heatsinks","Sweeping Beam"],"picked":"Conserve Battery","floor":2},{"not_picked":["Barrage","Rebound","Storm"],"picked":"SKIP","floor":5},{"not_picked":["Steam Power","Hologram"],"picked":"Recycle","floor":7},{"not_picked":["Stack+1","Barrage"],"picked":"Genetic Algorithm+1","floor":11},{"not_picked":["Rebound","Barrage"],"picked":"Ball Lightning","floor":12},{"not_picked":["Leap+1","Redo+1"],"picked":"Sweeping Beam","floor":14},{"not_picked":["Reboot+1","Hyperbeam"],"picked":"Meteor Strike","floor":16},{"not_picked":["Static Discharge","Auto Shields+1"],"picked":"White Noise+1","floor":18},{"not_picked":["Redo+1","Compile Driver"],"picked":"Coolheaded+1","floor":20},{"not_picked":["Lockon+1","Sunder"],"picked":"Glacier+1","floor":22}],"player_experience":1533208,"relics_obtained":[{"floor":7,"key":"Darkstone Periapt"},{"floor":9,"key":"Toxic Egg 2"},{"floor":11,"key":"Gremlin Horn"}],"event_choices":[{"damage_healed":0,"gold_gain":0,"player_choice":"Success","damage_taken":35,"relics_obtained":["Kunai"],"max_hp_gain":0,"max_hp_loss":0,"event_name":"Scrap Ooze","floor":4,"gold_loss":0},{"damage_healed":17,"gold_gain":0,"player_choice":"Healed","damage_taken":0,"max_hp_gain":0,"max_hp_loss":0,"event_name":"The Cleric","floor":13,"gold_loss":35},{"damage_healed":0,"gold_gain":0,"player_choice":"Bet on Murderer","damage_taken":0,"max_hp_gain":0,"max_hp_loss":0,"event_name":"The Joust","floor":19,"gold_loss":50},{"damage_healed":0,"gold_gain":50,"player_choice":"Stole From Cult","damage_taken":0,"max_hp_gain":0,"max_hp_loss":0,"event_name":"Nest","floor":21,"gold_loss":0}],"is_beta":false,"boss_relics":[{"not_picked":["Empty Cage","Black Star"],"picked":"Nuclear Battery"}],"items_purged_floors":[],"is_endless":false,"potions_floor_spawned":[2,7,11,14,18,22],"killed_by":"Book of Stabbing","ascension_level":18}