{"gold_per_floor":[364,228,59,77,96,421,421,455,455,455,474,474,474,491,491,567,617,637,655,51,68,91,91,91],"floor_reached":24,"playtime":943,"items_purged":[],"score":402,"play_id":"48a985b4-8ab8-48b6-8490-b7844ce3df79","local_time":"20210814180103","is_ascension_mode":true,"campfire_choices":[{"floor":7,"key":"REST"},{"floor":10,"key":"REST"},{"floor":13,"key":"REST"},{"floor":15,"key":"REST"},{"floor":23,"key":"REST"}],"neow_cost":"CURSE","seed_source_timestamp":0,"circlet_count":0,"master_deck":["AscendersBane","Strike_B","Strike_B","Strike_B","Strike_B","Defend_B","Defend_B","Defend_B","Defend_B","Zap","Dualcast","Doubt","Cold Snap+1","Static Discharge","Chaos","Capacitor","Ball Lightning","Compile Driver","Recycle","Echo Form","Glacier","Capacitor","Defragment+1"],"special_seed":0,"relics":["Cracked Core","HornCleat","Chemical X","Old Coin","Tiny Chest","Dead Branch","Tiny House","Cables","PreservedInsect","ClockworkSouvenir","Centennial Puzzle"],"potions_floor_usage":[6,16,18,18,21,24],"damage_taken":[{"damage":14,"enemies":"Jaw Worm","floor":1,"turns":4},{"damage":0,"enemies":"Cultist","floor":4,"turns":3},{"damage":3,"enemies":"2 Louse","floor":5,"turns":2},{"damage":21,"enemies":"3 Sentries","floor":6,"turns":7},{"damage":19,"enemies":"Lagavulin","floor":8,"turns":7},{"damage":33,"enemies":"Gremlin Gang","floor":11,"turns":4},{"damage":12,"enemies":"Lots of Slimes","floor":14,"turns":3},{"damage":24,"enemies":"The Guardian","floor":16,"turns":11},{"damage":48,"enemies":"Chosen","floor":18,"turns":6},{"damage":17,"enemies":"Shell Parasite","floor":19,"turns":6},{"damage":0,"enemies":"Snecko","floor":21,"turns":6},{"damage":36,"enemies":"Slavers","floor":24,"turns":3}],"seed_played":"-5456299584717693008","potions_obtained":[{"floor":4,"key":"ColorlessPotion"},{"floor":8,"key":"Ancient Potion"},{"floor":11,"key":"SmokeBomb"},{"floor":12,"key":"SkillPotion"},{"floor":12,"key":"Energy Potion"},{"floor":17,"key":"DistilledChaos"},{"floor":18,"key":"Fruit Juice"},{"floor":19,"key":"ColorlessPotion"}],"is_trial":false,"path_per_floor":["M","?","$","M","M","E","R","E","T","R","M","?","R","M","R","B",null,"M","M","$","M","T","R","E"],"character_chosen":"DEFECT","items_purchased":["Chemical X","Cables","PreservedInsect","ClockworkSouvenir"],"campfire_rested":5,"item_purchase_floors":[3,20,20,20],"current_hp_per_floor":[50,50,50,50,47,26,47,28,28,49,16,16,37,25,46,22,64,21,4,4,4,4,28,0],"gold":91,"neow_bonus":"TWO_FIFTY_GOLD","is_prod":false,"is_daily":false,"chose_seed":false,"campfire_upgraded":0,"win_rate":0,"timestamp":1628956863,"path_taken":["M","?","$","?","M","E","R","E","T","R","M","?","R","M","R","BOSS","M","?","$","?","?","R","E"],"build_version":"2020-12-22","purchased_purges":0,"victory":false,"max_hp_per_floor":[71,71,71,71,71,71,71,71,71,71,71,71,71,71,71,71,76,81,81,81,81,81,81,81],"card_choices":[{"not_picked":["Stack","Turbo"],"picked":"Cold Snap","floor":1},{"not_picked":["Barrage","Hologram"],"picked":"Static Discharge","floor":4},{"not_picked":["Go for the Eyes","Heatsinks"],"picked":"Chaos","floor":5},{"not_picked":["Redo","Blizzard"],"picked":"Capacitor","floor":6},{"not_picked":["Creative AI","Go for the Eyes"],"picked":"Ball Lightning","floor":8},{"not_picked":["Stack","Beam Cell"],"picked":"Compile Driver","floor":11},{"not_picked":["Cold Snap","Steam"],"picked":"Recycle","floor":14},{"not_picked":["Core Surge","Amplify"],"picked":"Echo Form","floor":16},{"not_picked":["Turbo","Cold Snap"],"picked":"Glacier","floor":17},{"not_picked":["Coolheaded","Sunder"],"picked":"Capacitor","floor":18},{"not_picked":["Streamline","Cold Snap","Rebound"],"picked":"SKIP","floor":19},{"not_picked":["Streamline","Hologram"],"picked":"Defragment+1","floor":21}],"player_experience":1561449,"relics_obtained":[{"floor":6,"key":"Old Coin"},{"floor":8,"key":"Tiny Chest"},{"floor":9,"key":"Dead Branch"},{"floor":22,"key":"Centennial Puzzle"}],"event_choices":[{"damage_healed":0,"gold_gain":0,"player_choice":"Paid Gold","damage_taken":0,"relics_obtained":["HornCleat"],"max_hp_gain":0,"max_hp_loss":0,"event_name":"WeMeetAgain","floor":2,"gold_loss":136},{"damage_healed":0,"gold_gain":0,"player_choice":"Got Potions","damage_taken":0,"max_hp_gain":0,"max_hp_loss":0,"event_name":"Lab","floor":12,"gold_loss":0}],"is_beta":false,"boss_relics":[{"not_picked":["Coffee Dripper","Runic Dome"],"picked":"Tiny House"}],"items_purged_floors":[],"is_endless":false,"potions_floor_spawned":[4,8,11,18,19],"killed_by":"Slavers","ascension_level":19}