{"gold_per_floor":[118,118,118,187,337,363,438,467,548,513,513,524,550,568,568,640,640,654,306,323,323,373,373,407,70,93,102,102,12,12,30,30,118,118,137,146,155,169,186,195,222,49,101,140,140,140,140,120,120,120],"floor_reached":51,"playtime":1720,"items_purged":["Doubt"],"score":1543,"play_id":"0ef60960-04d2-4ebf-b979-d7e64e375b28","local_time":"20210813231528","is_ascension_mode":true,"campfire_choices":[{"data":"Sunder","floor":11,"key":"SMITH"},{"floor":15,"key":"REST"},{"floor":23,"key":"REST"},{"data":"Hologram","floor":32,"key":"SMITH"},{"floor":40,"key":"REST"},{"floor":45,"key":"REST"},{"floor":49,"key":"REST"}],"neow_cost":"NONE","seed_source_timestamp":87727560176300,"circlet_count":0,"master_deck":["AscendersBane","Strike_B","Strike_B","Defend_B","Defend_B","Defend_B","Defend_B","Zap","Dualcast","Sunder+1","FTL","Go for the Eyes","Scrape","Hologram+1","Scrape","All For One","Hello World+1","Gash","Self Repair+1","Go for the Eyes","Decay","Beam Cell","Writhe","Gash","Skim","Echo Form+1","Glacier","Trip","Steam+1","Reprogram"],"relics":["Cracked Core","NeowsBlessing","Shuriken","Mango","Singing Bowl","Frozen Egg 2","TungstenRod","SlaversCollar","Sling","Bag of Marbles","Lee\u0027s Waffle","Nunchaku","Dream Catcher","CeramicFish","DataDisk","Mercury Hourglass","Black Star","Akabeko","Regal Pillow","Bronze Scales","Orichalcum","Cables","Boot","Ancient Tea Set"],"potions_floor_usage":[16,24],"damage_taken":[{"damage":0,"enemies":"2 Louse","floor":1,"turns":1},{"damage":0,"enemies":"3 Sentries","floor":6,"turns":1},{"damage":0,"enemies":"Gremlin Nob","floor":8,"turns":1},{"damage":7,"enemies":"Jaw Worm","floor":12,"turns":2},{"damage":5,"enemies":"3 Sentries","floor":13,"turns":4},{"damage":11,"enemies":"Small Slimes","floor":14,"turns":2},{"damage":36,"enemies":"The Guardian","floor":16,"turns":11},{"damage":26,"enemies":"3 Byrds","floor":18,"turns":5},{"damage":37,"enemies":"2 Thieves","floor":20,"turns":4},{"damage":37,"enemies":"Gremlin Leader","floor":24,"turns":5},{"damage":20,"enemies":"3 Cultists","floor":31,"turns":5},{"damage":27,"enemies":"Champ","floor":33,"turns":6},{"damage":23,"enemies":"Orb Walker","floor":35,"turns":4},{"damage":37,"enemies":"3 Shapes","floor":38,"turns":5},{"damage":30,"enemies":"Sphere and 2 Shapes","floor":39,"turns":5},{"damage":8,"enemies":"Giant Head","floor":41,"turns":4},{"damage":43,"enemies":"Reptomancer","floor":44,"turns":5},{"damage":53,"enemies":"Donu and Deca","floor":50,"turns":8}],"seed_played":"-2127287799733700681","potions_obtained":[{"floor":6,"key":"FearPotion"},{"floor":8,"key":"PotionOfCapacity"},{"floor":14,"key":"Block Potion"},{"floor":24,"key":"AttackPotion"},{"floor":38,"key":"BlessingOfTheForge"},{"floor":44,"key":"DuplicationPotion"}],"is_trial":false,"path_per_floor":["M","?","?","?","?","E","?","E","T","?","R","M","E","M","R","B",null,"M","$","M","?","?","R","E","$","T","?","T","$","?","M","R","B",null,"M","?","?","M","M","R","E","$","T","E","R","?","T","?","R","B",null],"character_chosen":"DEFECT","items_purchased":["Gash","Self Repair+1","Sling","Lee\u0027s Waffle","Nunchaku","Gash","Skim","Bronze Scales"],"campfire_rested":5,"item_purchase_floors":[19,19,19,25,25,29,29,42],"current_hp_per_floor":[64,19,19,19,19,33,22,24,24,45,45,38,33,22,48,12,68,42,42,15,15,15,41,14,94,94,94,94,94,94,86,86,69,89,76,76,76,51,33,63,57,57,57,14,61,61,61,61,106,63],"gold":120,"neow_bonus":"THREE_ENEMY_KILL","is_prod":false,"is_daily":false,"chose_seed":false,"campfire_upgraded":2,"win_rate":0,"timestamp":1628889328,"path_taken":["M","?","?","?","?","E","?","E","T","?","R","?","E","M","R","BOSS","M","$","M","?","?","R","E","$","T","?","?","$","?","M","R","BOSS","M","?","?","?","M","R","E","?","T","E","R","?","?","?","R","BOSS"],"build_version":"2020-12-22","purchased_purges":1,"victory":true,"max_hp_per_floor":[71,71,71,71,71,85,85,87,87,87,87,87,87,87,87,87,87,87,87,87,87,87,87,87,94,94,94,94,94,94,96,96,96,96,96,96,96,98,100,100,102,102,102,102,104,104,104,104,106,106],"card_choices":[{"not_picked":["Turbo","Auto Shields"],"picked":"Sunder","floor":1},{"not_picked":["Skim","Rainbow"],"picked":"Go for the Eyes","floor":6},{"not_picked":["Streamline","Storm","Capacitor"],"picked":"Singing Bowl","floor":8},{"not_picked":["Fusion","Cold Snap"],"picked":"Scrape","floor":12},{"not_picked":["Redo","Chill"],"picked":"Hologram","floor":13},{"not_picked":["Steam","Heatsinks+1"],"picked":"Scrape","floor":14},{"not_picked":["Meteor Strike","Electrodynamics+1"],"picked":"All For One","floor":16},{"not_picked":["Rebound","Steam"],"picked":"Hello World+1","floor":18},{"not_picked":["Double Energy","Cold Snap"],"picked":"Go for the Eyes","floor":20},{"not_picked":["Leap","Sweeping Beam"],"picked":"Beam Cell","floor":24},{"not_picked":["Rebound","Meteor Strike","Consume"],"picked":"Singing Bowl","floor":31},{"not_picked":["Biased Cognition+1","Fission"],"picked":"Echo Form+1","floor":33},{"not_picked":["Conserve Battery","Darkness"],"picked":"Glacier","floor":35},{"not_picked":["Transmutation","Deep Breath"],"picked":"Trip","floor":36},{"not_picked":["Glacier","Hologram","Tempest"],"picked":"Singing Bowl","floor":38},{"not_picked":["Doom and Gloom","Ball Lightning+1","Force Field+1"],"picked":"Singing Bowl","floor":39},{"not_picked":["Coolheaded","Barrage"],"picked":"Steam+1","floor":40},{"not_picked":["Redo","Static Discharge+1","Reinforced Body"],"picked":"Singing Bowl","floor":41},{"not_picked":["Darkness","Ball Lightning"],"picked":"Reprogram","floor":44},{"not_picked":["Stack+1","Go for the Eyes","Undo"],"picked":"Singing Bowl","floor":45},{"not_picked":["Multi-Cast","Darkness","Sweeping Beam"],"picked":"Singing Bowl","floor":49}],"player_experience":1557849,"relics_obtained":[{"floor":6,"key":"Mango"},{"floor":8,"key":"Singing Bowl"},{"floor":9,"key":"Frozen Egg 2"},{"floor":13,"key":"TungstenRod"},{"floor":24,"key":"Bag of Marbles"},{"floor":26,"key":"Dream Catcher"},{"floor":28,"key":"DataDisk"},{"floor":41,"key":"Akabeko"},{"floor":41,"key":"Regal Pillow"},{"floor":43,"key":"Orichalcum"},{"floor":44,"key":"Cables"},{"floor":44,"key":"Boot"},{"floor":47,"key":"Ancient Tea Set"}],"event_choices":[{"damage_healed":0,"gold_gain":0,"player_choice":"Success","damage_taken":45,"relics_obtained":["Shuriken"],"max_hp_gain":0,"max_hp_loss":0,"event_name":"Scrap Ooze","floor":2,"gold_loss":0},{"damage_healed":0,"gold_gain":0,"cards_transformed":["Strike_B"],"player_choice":"Change","damage_taken":0,"max_hp_gain":0,"max_hp_loss":0,"event_name":"Living Wall","floor":3,"gold_loss":0,"cards_obtained":["FTL"]},{"damage_healed":0,"gold_gain":69,"player_choice":"Gained Gold","damage_taken":0,"max_hp_gain":0,"max_hp_loss":0,"event_name":"Golden Wing","floor":4,"gold_loss":0},{"damage_healed":0,"gold_gain":150,"player_choice":"AGREE","damage_taken":0,"max_hp_gain":0,"max_hp_loss":0,"event_name":"Liars Game","floor":5,"gold_loss":0,"cards_obtained":["Doubt"]},{"damage_healed":0,"gold_gain":75,"player_choice":"Gather Gold","damage_taken":11,"max_hp_gain":0,"max_hp_loss":0,"event_name":"World of Goop","floor":7,"gold_loss":0},{"damage_healed":21,"gold_gain":0,"player_choice":"Healed","damage_taken":0,"max_hp_gain":0,"max_hp_loss":0,"event_name":"The Cleric","floor":10,"gold_loss":35},{"damage_healed":0,"gold_gain":0,"player_choice":"Smashed Altar","damage_taken":0,"max_hp_gain":0,"max_hp_loss":0,"event_name":"Forgotten Altar","floor":21,"gold_loss":0,"cards_obtained":["Decay"]},{"damage_healed":0,"gold_gain":50,"player_choice":"Stole From Cult","damage_taken":0,"max_hp_gain":0,"max_hp_loss":0,"event_name":"Nest","floor":22,"gold_loss":0},{"damage_healed":0,"gold_gain":0,"player_choice":"Opened","damage_taken":0,"relics_obtained":["CeramicFish"],"max_hp_gain":0,"max_hp_loss":0,"event_name":"The Mausoleum","floor":27,"gold_loss":0,"cards_obtained":["Writhe"]},{"damage_healed":0,"gold_gain":0,"player_choice":"Gave Potion","damage_taken":0,"relics_obtained":["Mercury Hourglass"],"max_hp_gain":0,"max_hp_loss":0,"event_name":"WeMeetAgain","floor":30,"gold_loss":0},{"damage_healed":0,"gold_gain":0,"player_choice":"Memory 1","damage_taken":0,"max_hp_gain":0,"max_hp_loss":0,"event_name":"SensoryStone","floor":36,"gold_loss":0},{"damage_healed":0,"gold_gain":0,"cards_transformed":["Strike_B"],"player_choice":"Transformed","damage_taken":0,"max_hp_gain":0,"max_hp_loss":0,"event_name":"Transmorgrifier","floor":37,"gold_loss":0,"cards_obtained":["Storm"]},{"cards_removed":["Storm"],"damage_healed":0,"gold_gain":0,"player_choice":"Removed Power","damage_taken":0,"max_hp_gain":0,"max_hp_loss":0,"event_name":"Falling","floor":46,"gold_loss":0},{"damage_healed":0,"gold_gain":0,"player_choice":"Bought 1 Potion","damage_taken":0,"max_hp_gain":0,"max_hp_loss":0,"event_name":"The Woman in Blue","floor":48,"gold_loss":0}],"is_beta":false,"boss_relics":[{"not_picked":["SacredBark","Runic Pyramid"],"picked":"SlaversCollar"},{"not_picked":["Inserter","Busted Crown"],"picked":"Black Star"}],"items_purged_floors":[19],"is_endless":false,"potions_floor_spawned":[6,8,13,14,24,38,44],"ascension_level":18}