{"gold_per_floor":[114,114,264,32,48,84,108,108,108,108,51,94,94,112,112,202,202,157,171,171],"floor_reached":20,"playtime":497,"items_purged":["Doubt"],"score":346,"play_id":"04ce7289-f3e3-4873-98cc-80c4693242d8","local_time":"20210813124108","is_ascension_mode":true,"campfire_choices":[{"floor":8,"key":"REST"},{"floor":10,"key":"REST"},{"floor":15,"key":"REST"}],"neow_cost":"NONE","seed_source_timestamp":50939973570700,"circlet_count":0,"master_deck":["AscendersBane","Strike_B","Strike_B","Strike_B","Strike_B","Defend_B","Defend_B","Defend_B","Defend_B","Zap","Dualcast","Rebound","Injury","White Noise","BootSequence","Ball Lightning","Leap+1","Rainbow+1","Coolheaded+1","Machine Learning","Auto Shields+1","Compile Driver+1"],"relics":["Cracked Core","Bronze Scales","Golden Idol","Chemical X","Mummified Hand","Toxic Egg 2","Turnip","The Courier","Inserter"],"potions_floor_usage":[12,16,19],"damage_taken":[{"damage":4,"enemies":"Jaw Worm","floor":1,"turns":4},{"damage":3,"enemies":"2 Louse","floor":5,"turns":3},{"damage":44,"enemies":"Lagavulin","floor":6,"turns":7},{"damage":11,"enemies":"Cultist","floor":7,"turns":3},{"damage":8,"enemies":"Gremlin Nob","floor":12,"turns":3},{"damage":5,"enemies":"3 Louse","floor":14,"turns":3},{"damage":7,"enemies":"Slime Boss","floor":16,"turns":6},{"damage":46,"enemies":"2 Thieves","floor":18,"turns":5},{"damage":0,"enemies":"3 Byrds","floor":19,"turns":2},{"damage":13,"enemies":"Cultist and Chosen","floor":20,"turns":2}],"seed_played":"961916328724703","potions_obtained":[{"floor":6,"key":"Strength Potion"},{"floor":12,"key":"LiquidBronze"},{"floor":14,"key":"Swift Potion"},{"floor":19,"key":"SteroidPotion"}],"is_trial":false,"path_per_floor":["M","?","?","$","M","E","M","R","T","R","$","E","?","M","R","B",null,"M","M","M"],"character_chosen":"DEFECT","items_purchased":["Chemical X","Leap+1"],"campfire_rested":3,"item_purchase_floors":[4,11],"current_hp_per_floor":[60,60,60,60,57,13,2,23,23,44,44,36,10,5,26,19,58,12,12,0],"gold":171,"neow_bonus":"RANDOM_COMMON_RELIC","is_prod":false,"is_daily":false,"chose_seed":false,"campfire_upgraded":0,"win_rate":0,"timestamp":1628851268,"path_taken":["M","?","?","$","M","E","M","R","T","R","?","E","?","?","R","BOSS","M","M","?"],"build_version":"2020-12-22","purchased_purges":1,"victory":false,"max_hp_per_floor":[71,71,71,71,71,71,71,71,71,71,71,71,71,71,71,71,71,71,71,71],"card_choices":[{"not_picked":["Turbo","Double Energy"],"picked":"Rebound","floor":1},{"not_picked":["Barrage","Heatsinks"],"picked":"White Noise","floor":5},{"not_picked":["Steam Power","Steam"],"picked":"BootSequence","floor":6},{"not_picked":["Stack","Steam"],"picked":"Ball Lightning","floor":7},{"not_picked":["Beam Cell","Cold Snap"],"picked":"Rainbow+1","floor":12},{"not_picked":["Steam+1","Streamline"],"picked":"Coolheaded+1","floor":14},{"not_picked":["Reboot+1","Meteor Strike"],"picked":"Machine Learning","floor":16},{"not_picked":["Steam Power+1","Sweeping Beam"],"picked":"Auto Shields+1","floor":18},{"not_picked":["Go for the Eyes","Steam+1"],"picked":"Compile Driver+1","floor":19}],"player_experience":1556265,"relics_obtained":[{"floor":6,"key":"Mummified Hand"},{"floor":9,"key":"Toxic Egg 2"},{"floor":12,"key":"Turnip"}],"event_choices":[{"damage_healed":0,"gold_gain":0,"player_choice":"Take Wound","damage_taken":0,"relics_obtained":["Golden Idol"],"max_hp_gain":0,"max_hp_loss":0,"event_name":"Golden Idol","floor":2,"gold_loss":0,"cards_obtained":["Injury"]},{"damage_healed":0,"gold_gain":150,"player_choice":"AGREE","damage_taken":0,"max_hp_gain":0,"max_hp_loss":0,"event_name":"Liars Game","floor":3,"gold_loss":0,"cards_obtained":["Doubt"]},{"damage_healed":0,"gold_gain":0,"player_choice":"Success","damage_taken":26,"relics_obtained":["The Courier"],"max_hp_gain":0,"max_hp_loss":0,"event_name":"Scrap Ooze","floor":13,"gold_loss":0}],"is_beta":false,"boss_relics":[{"not_picked":["Ectoplasm","Busted Crown"],"picked":"Inserter"}],"items_purged_floors":[4],"is_endless":false,"potions_floor_spawned":[6,12,14,19],"killed_by":"Cultist and Chosen","ascension_level":18}