{"gold_per_floor":[114,114,114,39,52,87,87,87,87,120,22,38,69,88,88,88],"floor_reached":16,"playtime":433,"items_purged":["Regret"],"score":279,"play_id":"a9ede7d5-8f92-4725-a432-19739aae4e79","local_time":"20210814181450","is_ascension_mode":true,"campfire_choices":[{"floor":8,"key":"REST"},{"floor":15,"key":"REST"}],"neow_cost":"NONE","seed_source_timestamp":157427126184000,"circlet_count":0,"master_deck":["AscendersBane","Strike_B","Strike_B","Strike_B","Strike_B","Defend_B","Defend_B","Defend_B","Defend_B","Zap","Dualcast","Cold Snap","Injury","Ball Lightning","Electrodynamics","Flash of Steel","Coolheaded","Buffer","Stack"],"relics":["Cracked Core","NeowsBlessing","Pen Nib","Golden Idol","Ornamental Fan","Juzu Bracelet","Mercury Hourglass","Omamori","PreservedInsect"],"potions_floor_usage":[13,16],"damage_taken":[{"damage":0,"enemies":"Cultist","floor":1,"turns":1},{"damage":0,"enemies":"Small Slimes","floor":5,"turns":1},{"damage":0,"enemies":"Lagavulin","floor":6,"turns":1},{"damage":31,"enemies":"3 Sentries","floor":10,"turns":5},{"damage":7,"enemies":"Jaw Worm","floor":12,"turns":2},{"damage":9,"enemies":"Lagavulin","floor":13,"turns":5},{"damage":0,"enemies":"Large Slime","floor":14,"turns":3},{"damage":46,"enemies":"The Guardian","floor":16,"turns":12}],"seed_played":"-895389941773861200","potions_obtained":[{"floor":5,"key":"FocusPotion"},{"floor":13,"key":"SneckoOil"}],"is_trial":false,"path_per_floor":["M","?","?","$","M","E","?","R","T","E","$","M","E","M","R","B"],"character_chosen":"DEFECT","items_purchased":["Flash of Steel"],"campfire_rested":2,"item_purchase_floors":[11],"current_hp_per_floor":[64,64,64,64,64,64,29,50,50,19,19,12,3,3,24,0],"gold":88,"neow_bonus":"THREE_ENEMY_KILL","is_prod":false,"is_daily":false,"chose_seed":false,"campfire_upgraded":0,"win_rate":0,"timestamp":1628957690,"path_taken":["M","?","?","$","?","E","?","R","T","E","?","M","E","M","R","BOSS"],"build_version":"2020-12-22","purchased_purges":1,"victory":false,"max_hp_per_floor":[71,71,71,71,71,71,71,71,71,71,71,71,71,71,71,71],"card_choices":[{"not_picked":["Compile Driver","Scrape"],"picked":"Cold Snap","floor":1},{"not_picked":["Streamline","Go for the Eyes"],"picked":"Ball Lightning","floor":5},{"not_picked":["Cold Snap","Compile Driver","Double Energy"],"picked":"SKIP","floor":6},{"not_picked":["Fusion","Compile Driver"],"picked":"Electrodynamics","floor":10},{"not_picked":["Beam Cell","Ball Lightning"],"picked":"Coolheaded","floor":12},{"not_picked":["Conserve Battery","Rebound"],"picked":"Buffer","floor":13},{"not_picked":["Barrage","Ball Lightning"],"picked":"Stack","floor":14}],"player_experience":1562659,"relics_obtained":[{"floor":6,"key":"Ornamental Fan"},{"floor":9,"key":"Mercury Hourglass"},{"floor":10,"key":"Omamori"},{"floor":13,"key":"PreservedInsect"}],"event_choices":[{"damage_healed":0,"gold_gain":0,"player_choice":"Box","damage_taken":0,"relics_obtained":["Pen Nib"],"max_hp_gain":0,"max_hp_loss":0,"event_name":"Big Fish","floor":2,"gold_loss":0,"cards_obtained":["Regret"]},{"damage_healed":0,"gold_gain":0,"player_choice":"Take Wound","damage_taken":0,"relics_obtained":["Golden Idol"],"max_hp_gain":0,"max_hp_loss":0,"event_name":"Golden Idol","floor":3,"gold_loss":0,"cards_obtained":["Injury"]},{"damage_healed":0,"gold_gain":0,"player_choice":"Success","damage_taken":35,"relics_obtained":["Juzu Bracelet"],"max_hp_gain":0,"max_hp_loss":0,"event_name":"Scrap Ooze","floor":7,"gold_loss":0}],"is_beta":false,"boss_relics":[],"items_purged_floors":[4],"is_endless":false,"potions_floor_spawned":[5,13],"killed_by":"The Guardian","ascension_level":19}