{"gold_per_floor":[17,17,17,31,47,80,80,111,111,129,129],"floor_reached":11,"playtime":267,"items_purged":[],"score":162,"play_id":"12af090f-5151-4804-851e-216f4b761757","local_time":"20210814180719","is_ascension_mode":true,"campfire_choices":[{"floor":7,"key":"REST"}],"neow_cost":"NO_GOLD","seed_source_timestamp":157141539848700,"circlet_count":0,"master_deck":["AscendersBane","Strike_B","Strike_B","Strike_B","Strike_B","Defend_B","Defend_B","Defend_B","Defend_B","Zap","Dualcast","Hyperbeam","Beam Cell","Pain","Defragment","Gash","Buffer","Amplify","Gash"],"relics":["Cracked Core","WarpedTongs","Dream Catcher","Symbiotic Virus","Oddly Smooth Stone"],"potions_floor_usage":[8],"damage_taken":[{"damage":0,"enemies":"2 Louse","floor":1,"turns":1},{"damage":0,"enemies":"Cultist","floor":4,"turns":2},{"damage":1,"enemies":"Small Slimes","floor":5,"turns":2},{"damage":24,"enemies":"Lagavulin","floor":6,"turns":4},{"damage":32,"enemies":"Gremlin Nob","floor":8,"turns":5},{"damage":19,"enemies":"Exordium Thugs","floor":10,"turns":3},{"damage":14,"enemies":"Gremlin Nob","floor":11,"turns":2}],"seed_played":"-7400647688046076141","potions_obtained":[{"floor":8,"key":"Fruit Juice"}],"is_trial":false,"path_per_floor":["M","?","$","M","M","E","R","E","T","M","?"],"character_chosen":"DEFECT","items_purchased":[],"campfire_rested":1,"item_purchase_floors":[],"current_hp_per_floor":[64,64,64,64,63,39,60,33,33,14,0],"gold":129,"neow_bonus":"THREE_RARE_CARDS","is_prod":false,"is_daily":false,"chose_seed":false,"campfire_upgraded":0,"win_rate":0,"timestamp":1628957239,"path_taken":["M","?","?","?","M","E","R","E","T","?","?"],"build_version":"2020-12-22","purchased_purges":0,"victory":false,"max_hp_per_floor":[71,71,71,71,71,71,71,76,76,76,76],"card_choices":[{"not_picked":["Core Surge","Biased Cognition"],"picked":"Hyperbeam","floor":0},{"not_picked":["Redo","Cold Snap"],"picked":"Beam Cell","floor":1},{"not_picked":["Rebound","Blizzard"],"picked":"Defragment","floor":4},{"not_picked":["Stack","Chill"],"picked":"Gash","floor":5},{"not_picked":["Heatsinks","Conserve Battery"],"picked":"Buffer","floor":6},{"not_picked":["Redo","Go for the Eyes"],"picked":"Amplify","floor":8},{"not_picked":["Self Repair","Cold Snap"],"picked":"Gash","floor":10}],"player_experience":1562392,"relics_obtained":[{"floor":6,"key":"Dream Catcher"},{"floor":8,"key":"Symbiotic Virus"},{"floor":9,"key":"Oddly Smooth Stone"}],"event_choices":[{"damage_healed":0,"gold_gain":0,"player_choice":"Rummage","damage_taken":0,"relics_obtained":["WarpedTongs"],"max_hp_gain":0,"max_hp_loss":0,"event_name":"Accursed Blacksmith","floor":2,"gold_loss":0,"cards_obtained":["Pain"]},{"damage_healed":0,"gold_gain":0,"player_choice":"Searched \u00271\u0027 times","damage_taken":0,"max_hp_gain":0,"max_hp_loss":0,"event_name":"Dead Adventurer","floor":11,"gold_loss":0}],"is_beta":false,"boss_relics":[],"items_purged_floors":[],"is_endless":false,"potions_floor_spawned":[8],"killed_by":"Gremlin Nob","ascension_level":19}