{"gold_per_floor":[112,179,197,33,33,64,64,98,98,116,129,461,461,180,180,253,253,264,314,324,78,78,78,106,106,178,178],"floor_reached":27,"playtime":812,"items_purged":[],"score":482,"play_id":"d7f4c7ac-e65d-4efc-970a-c3227affbaf1","local_time":"20210814184816","is_ascension_mode":true,"campfire_choices":[{"floor":7,"key":"REST"},{"floor":13,"key":"REST"},{"floor":15,"key":"REST"},{"data":"Defragment","floor":23,"key":"SMITH"},{"floor":25,"key":"REST"}],"neow_cost":"NONE","seed_source_timestamp":159054058892800,"circlet_count":0,"master_deck":["AscendersBane","Strike_B","Strike_B","Defend_B","Defend_B","Defend_B","Zap","Dualcast","Melter+1","Double Energy+1","Thunder Strike+1","Loop","Ball Lightning","Ball Lightning","Echo Form","Tempest","Sweeping Beam","Multi-Cast","Seek","Auto Shields","Defragment+1","Worship"],"relics":["Astrolabe","Chemical X","Question Card","Torii","Bronze Scales","Old Coin","Pear","Snecko Eye","PrismaticShard","Shuriken","The Courier"],"potions_floor_usage":[6,10,10,11,12,24,24],"damage_taken":[{"damage":7,"enemies":"Small Slimes","floor":1,"turns":4},{"damage":0,"enemies":"Cultist","floor":3,"turns":3},{"damage":35,"enemies":"3 Sentries","floor":6,"turns":6},{"damage":20,"enemies":"Lagavulin","floor":8,"turns":6},{"damage":12,"enemies":"Jaw Worm","floor":10,"turns":2},{"damage":7,"enemies":"2 Fungi Beasts","floor":11,"turns":3},{"damage":8,"enemies":"Gremlin Nob","floor":12,"turns":3},{"damage":26,"enemies":"The Guardian","floor":16,"turns":7},{"damage":0,"enemies":"Spheric Guardian","floor":18,"turns":2},{"damage":40,"enemies":"Shell Parasite","floor":20,"turns":3},{"damage":47,"enemies":"Book of Stabbing","floor":24,"turns":5},{"damage":29,"enemies":"Gremlin Leader","floor":27,"turns":2}],"seed_played":"-4034075620500484830","potions_obtained":[{"floor":1,"key":"Ancient Potion"},{"floor":5,"key":"ColorlessPotion"},{"floor":8,"key":"FearPotion"},{"floor":10,"key":"Fruit Juice"},{"floor":11,"key":"Swift Potion"},{"floor":16,"key":"Dexterity Potion"},{"floor":20,"key":"DuplicationPotion"}],"is_trial":false,"path_per_floor":["M","?","M","$","?","E","R","E","T","M","M","E","R","$","R","B",null,"M","?","M","$","?","R","E","R","T","E"],"character_chosen":"DEFECT","items_purchased":["Chemical X","Pear","Defragment","PrismaticShard"],"campfire_rested":4,"item_purchase_floors":[4,14,21,21],"current_hp_per_floor":[57,57,57,57,57,22,43,23,23,16,9,1,23,33,58,32,73,73,73,33,33,50,50,3,28,28,0],"gold":178,"neow_bonus":"BOSS_RELIC","is_prod":false,"is_daily":false,"chose_seed":false,"campfire_upgraded":1,"win_rate":0,"timestamp":1628959696,"path_taken":["M","?","M","$","?","E","R","E","T","M","?","E","R","$","R","BOSS","M","?","M","$","?","R","E","R","T","E"],"build_version":"2020-12-22","purchased_purges":0,"victory":false,"max_hp_per_floor":[71,71,71,71,71,71,71,71,71,76,76,76,76,86,86,86,86,86,86,86,86,86,86,86,86,86,86],"card_choices":[{"not_picked":["Gash","Turbo"],"picked":"Loop","floor":1},{"not_picked":["Gash","BootSequence"],"picked":"Ball Lightning","floor":3},{"not_picked":["Steam","Reprogram"],"picked":"Ball Lightning","floor":6},{"not_picked":["Stack","Rebound","Coolheaded"],"picked":"Echo Form","floor":8},{"not_picked":["Force Field","Redo","Cold Snap"],"picked":"Tempest","floor":10},{"not_picked":["Beam Cell","Hologram","Rebound"],"picked":"Sweeping Beam","floor":11},{"not_picked":["Hyperbeam","Heatsinks","Cold Snap"],"picked":"Multi-Cast","floor":12},{"not_picked":["Reboot","Multi-Cast","All For One"],"picked":"Seek","floor":16},{"not_picked":["Streamline","Rebound","Genetic Algorithm","Compile Driver"],"picked":"SKIP","floor":18},{"not_picked":["Cold Snap","Skim","Stack"],"picked":"Auto Shields","floor":20},{"not_picked":["Fusion","LikeWater+1","Masterful Stab"],"picked":"Worship","floor":24}],"player_experience":1564220,"relics_obtained":[{"floor":6,"key":"Question Card"},{"floor":8,"key":"Torii"},{"floor":9,"key":"Bronze Scales"},{"floor":12,"key":"Old Coin"},{"floor":24,"key":"Shuriken"},{"floor":26,"key":"The Courier"}],"event_choices":[{"damage_healed":0,"gold_gain":67,"player_choice":"Gained Gold","damage_taken":0,"max_hp_gain":0,"max_hp_loss":0,"event_name":"Golden Wing","floor":2,"gold_loss":0},{"damage_healed":0,"gold_gain":0,"player_choice":"Got Potions","damage_taken":0,"max_hp_gain":0,"max_hp_loss":0,"event_name":"Lab","floor":5,"gold_loss":0},{"damage_healed":0,"gold_gain":50,"player_choice":"Stole From Cult","damage_taken":0,"max_hp_gain":0,"max_hp_loss":0,"event_name":"Nest","floor":19,"gold_loss":0},{"damage_healed":17,"gold_gain":0,"player_choice":"Heal","damage_taken":0,"max_hp_gain":0,"max_hp_loss":0,"event_name":"The Library","floor":22,"gold_loss":0}],"is_beta":false,"boss_relics":[{"not_picked":["Runic Dome","SacredBark"],"picked":"Snecko Eye"}],"items_purged_floors":[],"is_endless":false,"potions_floor_spawned":[1,8,10,11,16,20],"killed_by":"Gremlin Leader","ascension_level":19}