{"gold_per_floor":[119,119,135,154,215,215,247,247,547,566,716,716,750,750,750,750],"floor_reached":16,"playtime":538,"items_purged":[],"score":211,"play_id":"f2236147-1273-4b8e-8117-3a04ad7f4fa5","local_time":"20210814183426","is_ascension_mode":true,"campfire_choices":[{"data":"Zap","floor":6,"key":"SMITH"},{"data":"Dualcast","floor":8,"key":"SMITH"},{"floor":12,"key":"REST"},{"data":"Tempest","floor":15,"key":"SMITH"}],"neow_cost":"NONE","seed_source_timestamp":158498466030800,"circlet_count":0,"master_deck":["AscendersBane","Strike_B","Strike_B","Strike_B","Strike_B","Defend_B","Defend_B","Defend_B","Defend_B","Zap+1","Dualcast+1","Auto Shields","All For One","Rebound","Glacier","Ball Lightning","Coolheaded","Doubt","Tempest+1"],"relics":["Black Star","Unceasing Top","StrikeDummy","Old Coin","Question Card","Ice Cream"],"potions_floor_usage":[3,13],"damage_taken":[{"damage":9,"enemies":"Jaw Worm","floor":1,"turns":4},{"damage":1,"enemies":"Cultist","floor":3,"turns":4},{"damage":0,"enemies":"2 Louse","floor":4,"turns":3},{"damage":16,"enemies":"Lagavulin","floor":7,"turns":9},{"damage":0,"enemies":"2 Fungi Beasts","floor":10,"turns":4},{"damage":23,"enemies":"Gremlin Nob","floor":13,"turns":4},{"damage":66,"enemies":"Hexaghost","floor":16,"turns":11}],"seed_played":"-8056326020896705691","potions_obtained":[{"floor":1,"key":"Swift Potion"},{"floor":10,"key":"SkillPotion"}],"is_trial":false,"path_per_floor":["M","?","M","M","?","R","E","R","T","M","?","R","E","?","R","B"],"character_chosen":"DEFECT","items_purchased":[],"campfire_rested":1,"item_purchase_floors":[],"current_hp_per_floor":[55,55,54,54,54,54,38,38,38,38,38,59,36,59,59,0],"gold":750,"neow_bonus":"BOSS_RELIC","is_prod":false,"is_daily":false,"chose_seed":false,"campfire_upgraded":3,"win_rate":0,"timestamp":1628958866,"path_taken":["M","?","?","M","?","R","E","R","T","M","?","R","E","?","R","BOSS"],"build_version":"2020-12-22","purchased_purges":0,"victory":false,"max_hp_per_floor":[71,71,71,71,71,71,71,71,71,71,71,71,71,71,71,71],"card_choices":[{"not_picked":["Coolheaded","Barrage"],"picked":"Auto Shields","floor":1},{"not_picked":["Barrage","Steam"],"picked":"Rebound","floor":3},{"not_picked":["Ball Lightning","Force Field"],"picked":"Glacier","floor":4},{"not_picked":["Glacier","Hologram"],"picked":"Ball Lightning","floor":7},{"not_picked":["Multi-Cast","Cold Snap"],"picked":"Coolheaded","floor":10},{"not_picked":["Compile Driver","Stack"],"picked":"Tempest","floor":13}],"player_experience":1563682,"relics_obtained":[{"floor":7,"key":"Unceasing Top"},{"floor":7,"key":"StrikeDummy"},{"floor":9,"key":"Old Coin"},{"floor":13,"key":"Question Card"},{"floor":13,"key":"Ice Cream"}],"event_choices":[{"damage_healed":0,"gold_gain":0,"player_choice":"1 cards matched","damage_taken":0,"max_hp_gain":0,"max_hp_loss":0,"event_name":"Match and Keep!","floor":2,"gold_loss":0,"cards_obtained":["All For One"]},{"damage_healed":0,"gold_gain":61,"player_choice":"Gained Gold","damage_taken":0,"max_hp_gain":0,"max_hp_loss":0,"event_name":"Golden Wing","floor":5,"gold_loss":0},{"damage_healed":0,"gold_gain":150,"player_choice":"AGREE","damage_taken":0,"max_hp_gain":0,"max_hp_loss":0,"event_name":"Liars Game","floor":11,"gold_loss":0,"cards_obtained":["Doubt"]},{"damage_healed":23,"gold_gain":0,"player_choice":"Banana","damage_taken":0,"max_hp_gain":0,"max_hp_loss":0,"event_name":"Big Fish","floor":14,"gold_loss":0}],"is_beta":false,"boss_relics":[],"items_purged_floors":[],"is_endless":false,"potions_floor_spawned":[1,10],"killed_by":"Hexaghost","ascension_level":19}