{"gold_per_floor":[119,40,55,55,72,104,104,121,121,156,306,306,306,317,317,389,389,405,405,130,150,150,150,150],"floor_reached":24,"playtime":993,"items_purged":[],"score":398,"play_id":"6149d001-4338-40ce-8718-b897ad3935a3","local_time":"20210817090952","is_ascension_mode":true,"campfire_choices":[{"floor":12.0,"key":"REST"},{"floor":15.0,"key":"REST"},{"floor":23,"key":"REST"}],"neow_cost":"NONE","seed_source_timestamp":0,"circlet_count":0,"master_deck":["AscendersBane","Strike_B+1","Strike_B+1","Strike_B+1","Defend_B+1","Defend_B+1","Defend_B+1","Defend_B+1","Zap","Dualcast","Cold Snap","All For One","Redo+1","Doom and Gloom","Scrape","Go for the Eyes","Gash","Turbo","Self Repair","Echo Form","CurseOfTheBell","Hologram+1","Leap","J.A.X.","Redo+1","Beam Cell"],"special_seed":0,"relics":["Cracked Core","NeowsBlessing","TungstenRod","StoneCalendar","Prayer Wheel","Calling Bell","Bag of Marbles","Cables","Calipers","Shuriken"],"potions_floor_usage":[],"damage_taken":[{"damage":0.0,"enemies":"Jaw Worm","floor":1.0,"turns":1.0},{"damage":0.0,"enemies":"Cultist","floor":3.0,"turns":1.0},{"damage":0.0,"enemies":"2 Louse","floor":5.0,"turns":1.0},{"damage":32.0,"enemies":"Gremlin Nob","floor":6.0,"turns":4.0},{"damage":10.0,"enemies":"Looter","floor":8.0,"turns":3.0},{"damage":13.0,"enemies":"3 Sentries","floor":10.0,"turns":4.0},{"damage":1.0,"enemies":"Red Slaver","floor":14.0,"turns":3.0},{"damage":46.0,"enemies":"The Guardian","floor":16.0,"turns":13.0},{"damage":6,"enemies":"3 Byrds","floor":18,"turns":4},{"damage":20,"enemies":"Spheric Guardian","floor":21,"turns":4},{"damage":59,"enemies":"Gremlin Leader","floor":24,"turns":4}],"seed_played":"-4312030092809166528","potions_obtained":[{"floor":5.0,"key":"Swift Potion"},{"floor":8.0,"key":"Explosive Potion"},{"floor":10.0,"key":"LiquidMemories"},{"floor":21,"key":"Strength Potion"}],"is_trial":false,"path_per_floor":["M","$","M","?","M","E","?","M","T","E","?","R","?","M","R","B",null,"M","?","$","M","?","R","E"],"character_chosen":"DEFECT","items_purchased":["All For One","Shuriken"],"campfire_rested":3,"item_purchase_floors":[2,20],"current_hp_per_floor":[64,64,64,64,64,32,32,22,22,9,9,30,30,29,50,11,56,50,50,50,37,37,58,0],"gold":150,"neow_bonus":"THREE_ENEMY_KILL","is_prod":false,"is_daily":false,"chose_seed":false,"campfire_upgraded":0,"win_rate":0,"timestamp":1629184192,"path_taken":["M","$","M","?","?","E","?","M","T","E","?","R","?","M","R","BOSS","M","?","$","M","?","R","E"],"build_version":"2020-12-22","purchased_purges":0,"victory":false,"max_hp_per_floor":[71,71,71,71,71,71,71,71,71,71,71,71,71,71,71,71,71,71,71,71,71,71,71,71],"card_choices":[{"not_picked":["Compile Driver","Barrage"],"picked":"Cold Snap","floor":1.0},{"not_picked":["Barrage","Capacitor"],"picked":"Redo","floor":3.0},{"not_picked":["Storm","Capacitor"],"picked":"Doom and Gloom","floor":5.0},{"not_picked":["Auto Shields","Consume"],"picked":"Scrape","floor":6.0},{"not_picked":["Reprogram","Fusion"],"picked":"Go for the Eyes","floor":8.0},{"not_picked":["Double Energy","Beam Cell"],"picked":"Gash","floor":10.0},{"not_picked":["Go for the Eyes","Reinforced Body"],"picked":"Turbo","floor":14.0},{"not_picked":["Turbo","Recycle"],"picked":"Self Repair","floor":14.0},{"not_picked":["Hyperbeam","Thunder Strike"],"picked":"Echo Form","floor":16.0},{"not_picked":["Aggregate","Stack"],"picked":"Hologram+1","floor":18},{"not_picked":["Ball Lightning","Doom and Gloom"],"picked":"Leap","floor":18},{"not_picked":["Consume","Steam Power"],"picked":"Redo+1","floor":21},{"not_picked":["Barrage","Go for the Eyes"],"picked":"Beam Cell","floor":21}],"player_experience":1566018,"relics_obtained":[{"floor":6.0,"key":"TungstenRod"},{"floor":9.0,"key":"StoneCalendar"},{"floor":10.0,"key":"Prayer Wheel"},{"floor":17.0,"key":"Bag of Marbles"},{"floor":17.0,"key":"Cables"},{"floor":17.0,"key":"Calipers"}],"event_choices":[{"cards_removed":["Strike_B"],"damage_healed":0.0,"max_hp_gain":0.0,"max_hp_loss":0.0,"gold_gain":0.0,"event_name":"Bonfire Elementals","player_choice":"Offered Basic","floor":4.0,"gold_loss":0.0,"damage_taken":0.0},{"damage_healed":0.0,"max_hp_gain":0.0,"max_hp_loss":0.0,"gold_gain":0.0,"event_name":"Living Wall","player_choice":"Grow","floor":7.0,"gold_loss":0.0,"damage_taken":0.0,"cards_upgraded":["Redo"]},{"damage_healed":0.0,"max_hp_gain":0.0,"max_hp_loss":0.0,"gold_gain":150.0,"event_name":"Liars Game","player_choice":"AGREE","floor":11.0,"gold_loss":0.0,"damage_taken":0.0,"cards_obtained":["Doubt"]},{"cards_removed":["Doubt"],"damage_healed":0.0,"max_hp_gain":0.0,"max_hp_loss":0.0,"gold_gain":0.0,"event_name":"Wheel of Change","player_choice":"Card Removal","floor":13.0,"gold_loss":0.0,"damage_taken":0.0},{"damage_healed":0,"gold_gain":0,"player_choice":"Obtain J.A.X.","damage_taken":0,"max_hp_gain":0,"max_hp_loss":0,"event_name":"Drug Dealer","floor":19,"gold_loss":0,"cards_obtained":["J.A.X."]},{"damage_healed":0,"gold_gain":0,"player_choice":"Simplicity","damage_taken":0,"max_hp_gain":0,"max_hp_loss":0,"event_name":"Back to Basics","floor":22,"gold_loss":0,"cards_upgraded":["Strike_B","Strike_B","Strike_B","Defend_B","Defend_B","Defend_B","Defend_B"]}],"is_beta":false,"boss_relics":[{"not_picked":["Velvet Choker","Tiny House"],"picked":"Calling Bell"}],"items_purged_floors":[],"is_endless":false,"potions_floor_spawned":[5,8,10,14,21],"killed_by":"Gremlin Leader","ascension_level":19}