{"gold_per_floor":[114,114,39,56,66,66,98,98,98,40,40,60,24,41,41,118,118,135,135,0,0,20,57,57,57],"floor_reached":25,"playtime":647,"items_purged":[],"score":427,"play_id":"5c799d76-418a-4de8-ae94-df5d91d6d895","local_time":"20210821215122","is_ascension_mode":true,"campfire_choices":[{"data":"Zap","floor":6.0,"key":"SMITH"},{"data":"Self Repair","floor":8.0,"key":"SMITH"},{"data":"Dualcast","floor":11.0,"key":"SMITH"},{"data":"Scrape","floor":15,"key":"SMITH"},{"floor":24,"key":"REST"}],"neow_cost":"NONE","seed_source_timestamp":9852620178300,"circlet_count":0,"master_deck":["AscendersBane","Strike_B","Strike_B","Strike_B","Strike_B","Defend_B","Defend_B","Defend_B","Defend_B","Zap+1","Dualcast+1","Biased Cognition","Scrape+1","Self Repair+1","Gash","All For One","Gash","Stack","FTL","Hyperbeam","Beam Cell","Go for the Eyes"],"special_seed":0,"relics":["Cracked Core","Eternal Feather","Boot","Bag of Marbles","SacredBark","Juzu Bracelet","CeramicFish"],"potions_floor_usage":[12,25,25],"damage_taken":[{"damage":3.0,"enemies":"2 Louse","floor":1.0,"turns":3.0},{"damage":10.0,"enemies":"Small Slimes","floor":4.0,"turns":3.0},{"damage":7.0,"enemies":"Jaw Worm","floor":5.0,"turns":3.0},{"damage":24.0,"enemies":"Gremlin Nob","floor":7.0,"turns":4.0},{"damage":1,"enemies":"Lots of Slimes","floor":12,"turns":2},{"damage":2,"enemies":"Blue Slaver","floor":14,"turns":2},{"damage":33,"enemies":"Slime Boss","floor":16,"turns":6},{"damage":33,"enemies":"Shell Parasite","floor":18,"turns":3},{"damage":0,"enemies":"Chosen","floor":22,"turns":2},{"damage":37,"enemies":"Slavers","floor":23,"turns":4},{"damage":48,"enemies":"Book of Stabbing","floor":25,"turns":4}],"seed_played":"2781186114962542442","potions_obtained":[{"floor":1.0,"key":"EntropicBrew"},{"floor":7.0,"key":"Strength Potion"},{"floor":12,"key":"SteroidPotion"},{"floor":23,"key":"EntropicBrew"}],"is_trial":false,"path_per_floor":["M","?","?","M","M","R","E","R","T","$","R","M","$","M","R","B",null,"M","?","?","?","M","E","R","E"],"character_chosen":"DEFECT","items_purchased":["Gash","FTL"],"campfire_rested":1,"item_purchase_floors":[10,13],"current_hp_per_floor":[61,61,61,51,51,60,43,52,52,52,61,70,70,68,71,48,65,42,42,42,42,42,15,48,0],"gold":57,"neow_bonus":"ONE_RANDOM_RARE_CARD","is_prod":false,"is_daily":false,"chose_seed":false,"campfire_upgraded":4,"win_rate":0,"timestamp":1629575482,"path_taken":["M","?","?","M","M","R","E","R","T","$","R","M","?","?","R","BOSS","M","?","?","?","M","E","R","E"],"build_version":"2020-12-22","purchased_purges":0,"victory":false,"max_hp_per_floor":[71,71,71,71,71,71,71,71,71,71,71,71,71,71,71,71,71,71,71,71,71,71,71,71,71],"card_choices":[{"not_picked":["Hello World","Stack"],"picked":"Scrape","floor":1.0},{"not_picked":["Loop","Steam"],"picked":"Self Repair","floor":4.0},{"not_picked":["Force Field","Glacier"],"picked":"Gash","floor":5.0},{"not_picked":["Turbo","Scrape"],"picked":"All For One","floor":7.0},{"not_picked":["Sunder","Double Energy"],"picked":"Stack","floor":12},{"not_picked":["Loop","Turbo","Ball Lightning"],"picked":"SKIP","floor":14},{"not_picked":["Thunder Strike","Core Surge"],"picked":"Hyperbeam","floor":16},{"not_picked":["Go for the Eyes","Streamline"],"picked":"Beam Cell","floor":18},{"not_picked":["Static Discharge","Defragment","Chill"],"picked":"SKIP","floor":22},{"not_picked":["Tempest","Beam Cell"],"picked":"Go for the Eyes","floor":23}],"player_experience":1580439,"relics_obtained":[{"floor":7.0,"key":"Boot"},{"floor":9.0,"key":"Bag of Marbles"},{"floor":23,"key":"CeramicFish"}],"event_choices":[{"damage_healed":0.0,"max_hp_gain":0.0,"max_hp_loss":0.0,"gold_gain":0.0,"event_name":"Big Fish","player_choice":"Box","floor":2.0,"gold_loss":0.0,"damage_taken":0.0,"relics_obtained":["Eternal Feather"],"cards_obtained":["Regret"]},{"cards_removed":["Regret"],"damage_healed":0.0,"max_hp_gain":0.0,"max_hp_loss":0.0,"gold_gain":0.0,"event_name":"The Cleric","player_choice":"Card Removal","floor":3.0,"gold_loss":75.0,"damage_taken":0.0},{"damage_healed":0,"gold_gain":0,"player_choice":"Ignored","damage_taken":0,"max_hp_gain":0,"max_hp_loss":0,"event_name":"Vampires","floor":19,"gold_loss":0},{"damage_healed":0,"gold_gain":0,"player_choice":"Paid Fearfully","damage_taken":0,"max_hp_gain":0,"max_hp_loss":0,"event_name":"Masked Bandits","floor":20,"gold_loss":135},{"damage_healed":0,"gold_gain":0,"player_choice":"Gave Potion","damage_taken":0,"relics_obtained":["Juzu Bracelet"],"max_hp_gain":0,"max_hp_loss":0,"event_name":"WeMeetAgain","floor":21,"gold_loss":0}],"is_beta":false,"boss_relics":[{"not_picked":["Philosopher\u0027s Stone","Nuclear Battery"],"picked":"SacredBark"}],"items_purged_floors":[],"is_endless":false,"potions_floor_spawned":[1,7,12,18,23],"killed_by":"Book of Stabbing","ascension_level":19}