{"gold_per_floor":[119,119,133,133,145,171,171,204,204,204,204,169,7,25,25,25],"floor_reached":16,"playtime":417,"items_purged":[],"score":211,"play_id":"f4c42fda-baaa-4657-824e-302ee3bbaeba","local_time":"20210821212613","is_ascension_mode":true,"campfire_choices":[{"data":"Reinforced Body","floor":7.0,"key":"SMITH"},{"data":"Defragment","floor":11.0,"key":"SMITH"},{"data":"Leap","floor":15.0,"key":"SMITH"}],"neow_cost":"NONE","seed_source_timestamp":0,"circlet_count":0,"master_deck":["AscendersBane","Strike_B","Strike_B","Defend_B","Defend_B","Defend_B","Defend_B","Zap+1","Dualcast","Gash","Defragment+1","Go for the Eyes","Reinforced Body+1","Beam Cell","Leap+1"],"special_seed":0,"relics":["Cracked Core","NeowsBlessing","Eternal Feather","Dead Branch","Thread and Needle","Membership Card"],"potions_floor_usage":[16],"damage_taken":[{"damage":0.0,"enemies":"Jaw Worm","floor":1.0,"turns":1.0},{"damage":0.0,"enemies":"2 Louse","floor":3.0,"turns":1.0},{"damage":0.0,"enemies":"Cultist","floor":5.0,"turns":1.0},{"damage":10.0,"enemies":"Lagavulin","floor":6.0,"turns":7.0},{"damage":29.0,"enemies":"3 Sentries","floor":8.0,"turns":10.0},{"damage":0.0,"enemies":"2 Fungi Beasts","floor":14.0,"turns":3.0},{"damage":65,"enemies":"Hexaghost","floor":16,"turns":14}],"seed_played":"-7387693184770820786","potions_obtained":[{"floor":3.0,"key":"Fire Potion"},{"floor":8.0,"key":"Strength Potion"}],"is_trial":false,"path_per_floor":["M","?","M","?","M","E","R","E","T","?","R","?","$","M","R","B"],"character_chosen":"DEFECT","items_purchased":["Membership Card"],"campfire_rested":0,"item_purchase_floors":[13],"current_hp_per_floor":[64,64,64,64,64,54,60,31,31,24,30,47,47,47,56,0],"gold":25,"neow_bonus":"THREE_ENEMY_KILL","is_prod":false,"is_daily":false,"chose_seed":false,"campfire_upgraded":3,"win_rate":0,"timestamp":1629573973,"path_taken":["M","?","M","?","?","E","R","E","T","?","R","?","?","?","R","BOSS"],"build_version":"2020-12-22","purchased_purges":0,"victory":false,"max_hp_per_floor":[71,71,71,71,71,71,71,71,71,71,71,71,71,71,71,71],"card_choices":[{"not_picked":["Fusion","Force Field"],"picked":"Gash","floor":1.0},{"not_picked":["Recycle","Steam"],"picked":"Defragment","floor":3.0},{"not_picked":["Sunder","Cold Snap"],"picked":"Go for the Eyes","floor":5.0},{"not_picked":["BootSequence","Sunder"],"picked":"Reinforced Body","floor":6.0},{"not_picked":["Genetic Algorithm","Sweeping Beam"],"picked":"Beam Cell","floor":8.0},{"not_picked":["Reinforced Body","Doom and Gloom"],"picked":"Leap","floor":14.0}],"player_experience":1579268,"relics_obtained":[{"floor":6.0,"key":"Eternal Feather"},{"floor":8.0,"key":"Dead Branch"},{"floor":9.0,"key":"Thread and Needle"}],"event_choices":[{"damage_healed":0.0,"max_hp_gain":0.0,"max_hp_loss":0.0,"gold_gain":0.0,"event_name":"Living Wall","player_choice":"Grow","floor":2.0,"gold_loss":0.0,"damage_taken":0.0,"cards_upgraded":["Zap"]},{"cards_removed":["Strike_B"],"damage_healed":0.0,"max_hp_gain":0.0,"max_hp_loss":0.0,"gold_gain":0.0,"event_name":"Bonfire Elementals","player_choice":"Offered Basic","floor":4.0,"gold_loss":0.0,"damage_taken":0.0},{"cards_removed":["Strike_B"],"damage_healed":0.0,"max_hp_gain":0.0,"max_hp_loss":0.0,"gold_gain":0.0,"event_name":"Golden Wing","player_choice":"Card Removal","floor":10.0,"gold_loss":0.0,"damage_taken":7.0},{"damage_healed":17.0,"max_hp_gain":0.0,"max_hp_loss":0.0,"gold_gain":0.0,"event_name":"The Cleric","player_choice":"Healed","floor":12.0,"gold_loss":35.0,"damage_taken":0.0}],"is_beta":false,"boss_relics":[],"items_purged_floors":[],"is_endless":false,"potions_floor_spawned":[3,8],"killed_by":"Hexaghost","ascension_level":19}