{"gold_per_floor":[114,114,114,34,48,48,81,81,106,30,30,30,41,69,69,143,143,162,1,1,1,18,18,18],"floor_reached":24,"playtime":637,"items_purged":[],"score":390,"play_id":"7177c294-2bc3-455d-a718-318bd43583b6","local_time":"20210817093709","is_ascension_mode":true,"campfire_choices":[{"data":"Lockon","floor":6,"key":"SMITH"},{"floor":8,"key":"REST"},{"data":"Defragment","floor":11,"key":"SMITH"},{"floor":15,"key":"REST"},{"floor":23,"key":"REST"}],"neow_cost":"CURSE","seed_source_timestamp":145590266677700,"circlet_count":0,"master_deck":["AscendersBane","Strike_B+1","Strike_B+1","Strike_B+1","Strike_B+1","Defend_B+1","Defend_B+1","Defend_B+1","Defend_B+1","Zap","Dualcast","Lockon+1","Melter+1","Auto Shields","Defragment+1","Coolheaded","Thunder Strike","Machine Learning","Barrage","Aggregate+1"],"relics":["Cracked Core","Art of War","Whetstone","Shuriken","Inserter","Sling"],"potions_floor_usage":[14,16,24],"damage_taken":[{"damage":2,"enemies":"Jaw Worm","floor":1,"turns":3},{"damage":1,"enemies":"2 Louse","floor":5,"turns":2},{"damage":25,"enemies":"Gremlin Nob","floor":7,"turns":4},{"damage":0,"enemies":"Cultist","floor":13,"turns":2},{"damage":14,"enemies":"Lagavulin","floor":14,"turns":5},{"damage":19,"enemies":"Slime Boss","floor":16,"turns":11},{"damage":39,"enemies":"Shell Parasite","floor":18,"turns":5},{"damage":16,"enemies":"3 Byrds","floor":22,"turns":6},{"damage":66,"enemies":"Cultist and Chosen","floor":24,"turns":7}],"seed_played":"-2841091066642888974","potions_obtained":[{"floor":5,"key":"Block Potion"},{"floor":7,"key":"Energy Potion"},{"floor":14,"key":"Block Potion"},{"floor":22,"key":"Block Potion"}],"is_trial":false,"path_per_floor":["M","?","?","$","M","R","E","R","T","$","R","$","M","E","R","B",null,"M","$","?","?","M","R","M"],"character_chosen":"DEFECT","items_purchased":["Melter","Defragment","Sling"],"campfire_rested":3,"item_purchase_floors":[4,10,19],"current_hp_per_floor":[76,50,43,43,42,42,17,42,42,42,42,42,42,28,53,34,72,33,33,33,33,17,42,0],"gold":18,"neow_bonus":"TWENTY_PERCENT_HP_BONUS","is_prod":false,"is_daily":false,"chose_seed":false,"campfire_upgraded":2,"win_rate":0,"timestamp":1629185829,"path_taken":["M","?","?","$","M","R","E","R","T","?","R","$","?","E","R","BOSS","M","$","?","?","?","R","M"],"build_version":"2020-12-22","purchased_purges":0,"victory":false,"max_hp_per_floor":[85,85,85,85,85,85,85,85,85,85,85,85,85,85,85,85,85,85,85,85,85,85,85,85],"card_choices":[{"not_picked":["Gash","Storm"],"picked":"Lockon","floor":1},{"not_picked":["Steam","Rip and Tear"],"picked":"Auto Shields","floor":5},{"not_picked":["Turbo","Aggregate","Go for the Eyes"],"picked":"SKIP","floor":7},{"not_picked":["Melter","Rebound"],"picked":"Coolheaded","floor":13},{"not_picked":["Ball Lightning","Redo"],"picked":"Thunder Strike","floor":14},{"not_picked":["Seek","Meteor Strike"],"picked":"Machine Learning","floor":16},{"not_picked":["Stack","Static Discharge"],"picked":"Barrage","floor":18},{"not_picked":["Beam Cell","Hologram"],"picked":"Aggregate+1","floor":22}],"player_experience":1567917,"relics_obtained":[{"floor":7,"key":"Art of War"},{"floor":9,"key":"Whetstone"},{"floor":14,"key":"Shuriken"}],"event_choices":[{"damage_healed":0,"gold_gain":0,"player_choice":"Entered Light","damage_taken":26,"max_hp_gain":0,"max_hp_loss":0,"event_name":"Shining Light","floor":2,"gold_loss":0,"cards_upgraded":["Strike_B","Strike_B"]},{"cards_removed":["Decay"],"damage_healed":0,"gold_gain":0,"player_choice":"Card Removal","damage_taken":7,"max_hp_gain":0,"max_hp_loss":0,"event_name":"Golden Wing","floor":3,"gold_loss":0},{"damage_healed":0,"gold_gain":0,"player_choice":"Simplicity","damage_taken":0,"max_hp_gain":0,"max_hp_loss":0,"event_name":"Back to Basics","floor":20,"gold_loss":0,"cards_upgraded":["Strike_B","Defend_B","Defend_B","Defend_B","Defend_B"]},{"damage_healed":0,"gold_gain":0,"player_choice":"Ignored","damage_taken":0,"max_hp_gain":0,"max_hp_loss":0,"event_name":"Cursed Tome","floor":21,"gold_loss":0}],"is_beta":false,"boss_relics":[{"not_picked":["Philosopher\u0027s Stone","SacredBark"],"picked":"Inserter"}],"items_purged_floors":[],"is_endless":false,"potions_floor_spawned":[5,7,14,22],"killed_by":"Cultist and Chosen","ascension_level":19}