{"gold_per_floor":[15,15,15,15,38,73,73,87,136,136,136,161,161],"floor_reached":13,"playtime":345,"items_purged":[],"score":158,"play_id":"1a513fd0-bf19-4bb7-8634-478485231552","local_time":"20210821171207","is_ascension_mode":true,"campfire_choices":[{"floor":7,"key":"REST"},{"floor":10,"key":"REST"}],"neow_cost":"NO_GOLD","seed_source_timestamp":21530364551700,"circlet_count":0,"master_deck":["AscendersBane","Strike_B","Strike_B","Defend_B","Defend_B","Defend_B","Defend_B","Zap","Dualcast","Consume","Amplify","Rebound","FTL","Ball Lightning","Loop","Beam Cell"],"relics":["Cracked Core","Golden Idol","PreservedInsect","MealTicket","Odd Mushroom"],"potions_floor_usage":[6,13,13],"damage_taken":[{"damage":1,"enemies":"Cultist","floor":1,"turns":3},{"damage":8,"enemies":"2 Louse","floor":5,"turns":3},{"damage":35,"enemies":"3 Sentries","floor":6,"turns":9},{"damage":10,"enemies":"Small Slimes","floor":8,"turns":3},{"damage":26,"enemies":"The Mushroom Lair","floor":12,"turns":4},{"damage":20,"enemies":"Lagavulin","floor":13,"turns":3}],"seed_played":"3286432854846392653","potions_obtained":[{"floor":1,"key":"Fire Potion"},{"floor":6,"key":"FearPotion"},{"floor":8,"key":"FocusPotion"}],"is_trial":false,"path_per_floor":["M","?","?","?","M","E","R","M","T","R","?","?","E"],"character_chosen":"DEFECT","items_purchased":[],"campfire_rested":2,"item_purchase_floors":[],"current_hp_per_floor":[63,63,56,46,38,3,24,14,14,35,40,14,0],"gold":161,"neow_bonus":"TRANSFORM_TWO_CARDS","is_prod":false,"is_daily":false,"chose_seed":false,"campfire_upgraded":0,"win_rate":0,"timestamp":1629558727,"path_taken":["M","?","?","?","M","E","R","?","T","R","?","?","E"],"build_version":"2020-12-22","purchased_purges":0,"victory":false,"max_hp_per_floor":[71,71,71,71,71,71,71,71,71,71,76,76,76],"card_choices":[{"not_picked":["BootSequence","Compile Driver"],"picked":"Rebound","floor":1},{"not_picked":["Steam Power","Go for the Eyes"],"picked":"FTL","floor":5},{"not_picked":["Rip and Tear","Barrage"],"picked":"Ball Lightning","floor":6},{"not_picked":["Beam Cell","Streamline"],"picked":"Loop","floor":8},{"not_picked":["Go for the Eyes","Aggregate"],"picked":"Beam Cell","floor":12}],"player_experience":1578923,"relics_obtained":[{"floor":6,"key":"PreservedInsect"},{"floor":9,"key":"MealTicket"},{"floor":12,"key":"Odd Mushroom"}],"event_choices":[{"damage_healed":0,"gold_gain":0,"player_choice":"Take Wound","damage_taken":0,"relics_obtained":["Golden Idol"],"max_hp_gain":0,"max_hp_loss":0,"event_name":"Golden Idol","floor":2,"gold_loss":0,"cards_obtained":["Injury"]},{"cards_removed":["Injury"],"damage_healed":0,"gold_gain":0,"player_choice":"Card Removal","damage_taken":7,"max_hp_gain":0,"max_hp_loss":0,"event_name":"Golden Wing","floor":3,"gold_loss":0},{"damage_healed":0,"gold_gain":0,"player_choice":"Damaged","damage_taken":10,"max_hp_gain":0,"max_hp_loss":0,"event_name":"Wheel of Change","floor":4,"gold_loss":0},{"damage_healed":0,"gold_gain":0,"player_choice":"Donut","damage_taken":0,"max_hp_gain":5,"max_hp_loss":0,"event_name":"Big Fish","floor":11,"gold_loss":0},{"damage_healed":0,"gold_gain":0,"player_choice":"Fought Mushrooms","damage_taken":0,"max_hp_gain":0,"max_hp_loss":0,"event_name":"Mushrooms","floor":12,"gold_loss":0}],"is_beta":false,"boss_relics":[],"items_purged_floors":[],"is_endless":false,"potions_floor_spawned":[1,6,8],"killed_by":"Lagavulin","ascension_level":19}