{"gold_per_floor":[109,121,121,121,136,166,183,183,209,238,238,238,256,287,287,287],"floor_reached":16,"playtime":380,"items_purged":[],"score":234,"play_id":"62a89303-1929-4b6a-9b97-dccc77b5dd2b","local_time":"20210821165052","is_ascension_mode":true,"campfire_choices":[{"data":"Consume","floor":8,"key":"SMITH"},{"floor":11,"key":"REST"},{"floor":15,"key":"REST"}],"neow_cost":"TEN_PERCENT_HP_LOSS","seed_source_timestamp":20220222228900,"circlet_count":0,"master_deck":["AscendersBane","Strike_B","Strike_B","Strike_B","Defend_B","Defend_B","Defend_B","Defend_B","Zap+1","Dualcast","Electrodynamics","Melter","Static Discharge","Leap","Consume+1","Cold Snap","Force Field","Thunder Strike"],"relics":["Cracked Core","PreservedInsect","Strawberry","Ancient Tea Set","DataDisk","Centennial Puzzle"],"potions_floor_usage":[6,7,13],"damage_taken":[{"damage":2,"enemies":"Jaw Worm","floor":1,"turns":4},{"damage":0,"enemies":"2 Louse","floor":2,"turns":3},{"damage":1,"enemies":"Cultist","floor":5,"turns":3},{"damage":25,"enemies":"Lagavulin","floor":6,"turns":5},{"damage":6,"enemies":"2 Fungi Beasts","floor":7,"turns":3},{"damage":30,"enemies":"Gremlin Nob","floor":10,"turns":3},{"damage":20,"enemies":"Exordium Thugs","floor":13,"turns":2},{"damage":9,"enemies":"Lagavulin","floor":14,"turns":4},{"damage":27,"enemies":"The Guardian","floor":16,"turns":2}],"seed_played":"7220647890324331739","potions_obtained":[{"floor":1,"key":"CultistPotion"},{"floor":6,"key":"FearPotion"},{"floor":7,"key":"Fruit Juice"},{"floor":10,"key":"SteroidPotion"}],"is_trial":false,"path_per_floor":["M","M","?","?","M","E","M","R","T","E","R","?","M","E","R","B"],"character_chosen":"DEFECT","items_purchased":[],"campfire_rested":2,"item_purchase_floors":[],"current_hp_per_floor":[62,62,62,62,61,36,35,35,42,12,34,34,14,5,27,0],"gold":287,"neow_bonus":"THREE_RARE_CARDS","is_prod":false,"is_daily":false,"chose_seed":false,"campfire_upgraded":1,"win_rate":0,"timestamp":1629557452,"path_taken":["M","M","?","?","?","E","M","R","T","E","R","?","M","E","R","BOSS"],"build_version":"2020-12-22","purchased_purges":0,"victory":false,"max_hp_per_floor":[64,64,64,64,64,64,69,69,76,76,76,76,76,76,76,76],"card_choices":[{"not_picked":["All For One","Machine Learning"],"picked":"Electrodynamics","floor":0},{"not_picked":["Redo","Barrage"],"picked":"Melter","floor":1},{"not_picked":["Cold Snap","Steam Power"],"picked":"Static Discharge","floor":2},{"not_picked":["Hello World","Turbo"],"picked":"Leap","floor":5},{"not_picked":["Sunder","Compile Driver"],"picked":"Consume","floor":6},{"not_picked":["Leap","Go for the Eyes"],"picked":"Cold Snap","floor":7},{"not_picked":["Turbo","Hologram","Redo"],"picked":"SKIP","floor":10},{"not_picked":["Loop","Steam"],"picked":"Force Field","floor":13},{"not_picked":["Rip and Tear","BootSequence"],"picked":"Thunder Strike","floor":14}],"player_experience":1577659,"relics_obtained":[{"floor":6,"key":"PreservedInsect"},{"floor":9,"key":"Strawberry"},{"floor":10,"key":"Ancient Tea Set"},{"floor":14,"key":"Centennial Puzzle"}],"event_choices":[{"damage_healed":0,"gold_gain":0,"player_choice":"Grow","damage_taken":0,"max_hp_gain":0,"max_hp_loss":0,"event_name":"Living Wall","floor":3,"gold_loss":0,"cards_upgraded":["Zap"]},{"cards_removed":["Strike_B"],"damage_healed":0,"gold_gain":0,"player_choice":"Purged","damage_taken":0,"max_hp_gain":0,"max_hp_loss":0,"event_name":"Purifier","floor":4,"gold_loss":0},{"damage_healed":0,"gold_gain":0,"player_choice":"Gave Potion","damage_taken":0,"relics_obtained":["DataDisk"],"max_hp_gain":0,"max_hp_loss":0,"event_name":"WeMeetAgain","floor":12,"gold_loss":0}],"is_beta":false,"boss_relics":[],"items_purged_floors":[],"is_endless":false,"potions_floor_spawned":[1,6,7,10],"killed_by":"The Guardian","ascension_level":19}