{"gold_per_floor":[117,117,42,42,57,57,57,95,176,176,196,239,239,319,319,415,415,440,440],"floor_reached":19,"playtime":447,"items_purged":[],"score":386,"play_id":"45e7dc6b-4fbf-4755-844a-9471116c7c06","local_time":"20210818163331","is_ascension_mode":true,"campfire_choices":[{"data":"Zap","floor":6,"key":"SMITH"},{"data":"Conserve Battery","floor":10,"key":"SMITH"},{"floor":15,"key":"REST"}],"neow_cost":"NONE","seed_source_timestamp":257162867245400,"circlet_count":0,"master_deck":["AscendersBane","Strike_B","Strike_B","Strike_B","Strike_B","Defend_B","Defend_B","Defend_B","Defend_B","Zap+1","Dualcast","Ball Lightning","Regret","Sweeping Beam","Conserve Battery+1","Leap","Fusion","Parasite","Loop","Meteor Strike"],"relics":["Cracked Core","NeowsBlessing","Golden Idol","Vajra","White Beast Statue","Gremlin Horn","Dream Catcher","Symbiotic Virus","Busted Crown"],"potions_floor_usage":[16,19,19],"damage_taken":[{"damage":0,"enemies":"Jaw Worm","floor":1,"turns":1},{"damage":0,"enemies":"Small Slimes","floor":5,"turns":1},{"damage":0,"enemies":"Lagavulin","floor":8,"turns":1},{"damage":3,"enemies":"2 Louse","floor":11,"turns":2},{"damage":45,"enemies":"3 Sentries","floor":12,"turns":8},{"damage":49,"enemies":"Slime Boss","floor":16,"turns":9},{"damage":32,"enemies":"3 Byrds","floor":18,"turns":5},{"damage":40,"enemies":"Masked Bandits","floor":19,"turns":3}],"seed_played":"3874320740429317155","potions_obtained":[{"floor":8,"key":"EssenceOfSteel"},{"floor":11,"key":"Energy Potion"},{"floor":16,"key":"DuplicationPotion"}],"is_trial":false,"path_per_floor":["M","?","?","?","M","R","$","E","T","R","M","E","?","T","R","B",null,"M","?"],"character_chosen":"DEFECT","items_purchased":[],"campfire_rested":1,"item_purchase_floors":[],"current_hp_per_floor":[64,64,64,64,64,64,64,64,64,64,61,16,33,33,54,5,55,23,0],"gold":440,"neow_bonus":"THREE_ENEMY_KILL","is_prod":false,"is_daily":false,"chose_seed":false,"campfire_upgraded":2,"win_rate":0,"timestamp":1629297211,"path_taken":["M","?","?","?","M","R","$","E","T","R","M","E","?","?","R","BOSS","M","?"],"build_version":"2020-12-22","purchased_purges":0,"victory":false,"max_hp_per_floor":[71,71,71,71,71,71,71,71,71,71,71,71,71,71,71,71,71,71,71],"card_choices":[{"not_picked":["Streamline","Rebound"],"picked":"Ball Lightning","floor":1},{"not_picked":["Melter","Blizzard"],"picked":"Sweeping Beam","floor":5},{"not_picked":["White Noise","Gash"],"picked":"Conserve Battery","floor":8},{"not_picked":["Steam","Barrage"],"picked":"Leap","floor":11},{"not_picked":["Turbo","Steam"],"picked":"Fusion","floor":12},{"not_picked":["Reprogram","Hologram"],"picked":"Loop","floor":15},{"not_picked":["Machine Learning","Rainbow"],"picked":"Meteor Strike","floor":16},{"not_picked":["Steam"],"picked":"SKIP","floor":18}],"player_experience":1569542,"relics_obtained":[{"floor":8,"key":"White Beast Statue"},{"floor":9,"key":"Gremlin Horn"},{"floor":12,"key":"Dream Catcher"},{"floor":14,"key":"Symbiotic Virus"}],"event_choices":[{"damage_healed":0,"gold_gain":0,"player_choice":"Take Wound","damage_taken":0,"relics_obtained":["Golden Idol"],"max_hp_gain":0,"max_hp_loss":0,"event_name":"Golden Idol","floor":2,"gold_loss":0,"cards_obtained":["Injury"]},{"cards_removed":["Injury"],"damage_healed":0,"gold_gain":0,"player_choice":"Card Removal","damage_taken":0,"max_hp_gain":0,"max_hp_loss":0,"event_name":"The Cleric","floor":3,"gold_loss":75},{"damage_healed":0,"gold_gain":0,"player_choice":"Box","damage_taken":0,"relics_obtained":["Vajra"],"max_hp_gain":0,"max_hp_loss":0,"event_name":"Big Fish","floor":4,"gold_loss":0,"cards_obtained":["Regret"]},{"damage_healed":17,"gold_gain":0,"player_choice":"Healed and dodged fight","damage_taken":0,"max_hp_gain":0,"max_hp_loss":0,"event_name":"Mushrooms","floor":13,"gold_loss":0,"cards_obtained":["Parasite"]},{"damage_healed":0,"gold_gain":0,"player_choice":"Fought Bandits","damage_taken":0,"max_hp_gain":0,"max_hp_loss":0,"event_name":"Masked Bandits","floor":19,"gold_loss":0}],"is_beta":false,"boss_relics":[{"not_picked":["Ectoplasm","Astrolabe"],"picked":"Busted Crown"}],"items_purged_floors":[],"is_endless":false,"potions_floor_spawned":[8,11,12,16,18],"killed_by":"Masked Bandits","ascension_level":19}