{"gold_per_floor":[109,184,184,199,210,239,239,255,255,255,94,8,41,57,57,132,132,143,99,115,145,145,180,180,212,212,240,240,253,285,285,285,362,362,378,378],"floor_reached":36,"playtime":1510,"items_purged":[],"score":874,"play_id":"2db28d31-f9be-4d2e-9277-e558f756db78","local_time":"20210821163922","is_ascension_mode":true,"campfire_choices":[{"data":"Strike_B","floor":7,"key":"PURGE"},{"data":"Strike_B","floor":10,"key":"PURGE"},{"floor":15,"key":"REST"},{"data":"Strike_B","floor":24,"key":"PURGE"},{"data":"Shame","floor":32,"key":"PURGE"}],"neow_cost":"NONE","seed_source_timestamp":18399666212100,"circlet_count":0,"master_deck":["AscendersBane","Strike_B","Defend_B","Defend_B","Defend_B","Defend_B","Zap","Dualcast","Chill","Electrodynamics","Ball Lightning","Coolheaded","Defragment","Self Repair","Blizzard","Echo Form","Redo","Defragment","Force Field","Loop","Defragment","Compile Driver","Capacitor","Decay","Creative AI"],"relics":["Cracked Core","NeowsBlessing","Bag of Preparation","Peace Pipe","Question Card","Runic Capacitor","Bird Faced Urn","Nuclear Battery","Red Mask","Blue Candle","Pear","Pantograph","Turnip","Ice Cream","Singing Bowl","Sozu"],"potions_floor_usage":[14,18,21,23,25,30],"damage_taken":[{"damage":0,"enemies":"Small Slimes","floor":1,"turns":1},{"damage":0,"enemies":"Jaw Worm","floor":4,"turns":1},{"damage":0,"enemies":"Cultist","floor":5,"turns":1},{"damage":20,"enemies":"Lagavulin","floor":6,"turns":5},{"damage":0,"enemies":"Lots of Slimes","floor":8,"turns":3},{"damage":21,"enemies":"Gremlin Nob","floor":13,"turns":4},{"damage":6,"enemies":"Blue Slaver","floor":14,"turns":4},{"damage":34,"enemies":"The Guardian","floor":16,"turns":10},{"damage":9,"enemies":"3 Byrds","floor":18,"turns":2},{"damage":8,"enemies":"Spheric Guardian","floor":20,"turns":4},{"damage":7,"enemies":"Masked Bandits","floor":21,"turns":2},{"damage":12,"enemies":"Slavers","floor":23,"turns":6},{"damage":52,"enemies":"Gremlin Leader","floor":25,"turns":7},{"damage":44,"enemies":"Book of Stabbing","floor":27,"turns":7},{"damage":2,"enemies":"Centurion and Healer","floor":29,"turns":7},{"damage":52,"enemies":"Gremlin Leader","floor":30,"turns":6},{"damage":40,"enemies":"Automaton","floor":33,"turns":9},{"damage":64,"enemies":"Orb Walker","floor":35,"turns":6},{"damage":81,"enemies":"3 Shapes","floor":36,"turns":3}],"seed_played":"-5020179719326371411","potions_obtained":[{"floor":1,"key":"Dexterity Potion"},{"floor":13,"key":"Weak Potion"},{"floor":14,"key":"Explosive Potion"},{"floor":16,"key":"Explosive Potion"},{"floor":18,"key":"Fire Potion"},{"floor":21,"key":"SkillPotion"},{"floor":27,"key":"EssenceOfSteel"}],"is_trial":false,"path_per_floor":["M","?","?","M","M","E","R","M","T","R","$","$","E","M","R","B",null,"M","$","M","?","?","E","R","E","T","E","?","M","E","?","R","B",null,"M","M"],"character_chosen":"DEFECT","items_purchased":["Runic Capacitor","Defragment","Defragment"],"campfire_rested":1,"item_purchase_floors":[11,12,19],"current_hp_per_floor":[64,53,53,53,53,33,33,33,33,33,33,33,12,19,40,19,58,62,62,71,64,64,71,71,52,52,40,40,72,39,39,39,45,72,42,0],"gold":378,"neow_bonus":"THREE_ENEMY_KILL","is_prod":false,"is_daily":false,"chose_seed":false,"campfire_upgraded":0,"win_rate":0,"timestamp":1629556762,"path_taken":["M","?","?","M","?","E","R","M","T","R","?","$","E","M","R","BOSS","M","$","M","?","?","E","R","E","T","E","?","M","E","?","R","BOSS","M","M"],"build_version":"2020-12-22","purchased_purges":0,"victory":false,"max_hp_per_floor":[71,71,71,71,71,71,71,71,71,71,71,71,71,71,71,71,71,71,71,71,71,71,71,71,81,81,81,81,81,81,81,81,81,81,83,83],"card_choices":[{"not_picked":["Turbo","Redo"],"picked":"Chill","floor":1},{"not_picked":["Conserve Battery","Cold Snap"],"picked":"Electrodynamics","floor":4},{"not_picked":["Hologram","Leap"],"picked":"Ball Lightning","floor":5},{"not_picked":["Hello World","Rebound"],"picked":"Coolheaded","floor":6},{"not_picked":["Double Energy","Hello World","Doom and Gloom"],"picked":"SKIP","floor":8},{"not_picked":["Beam Cell","Barrage","Coolheaded"],"picked":"Self Repair","floor":13},{"not_picked":["Coolheaded","Barrage","Hologram"],"picked":"Blizzard","floor":14},{"not_picked":["All For One","Core Surge","Multi-Cast"],"picked":"Echo Form","floor":16},{"not_picked":["Doom and Gloom","Ball Lightning","Hologram+1"],"picked":"Redo","floor":18},{"not_picked":["Rebound","Coolheaded+1","Hologram"],"picked":"Force Field","floor":20},{"not_picked":["Storm","Go for the Eyes","Glacier"],"picked":"Loop","floor":21},{"not_picked":["Go for the Eyes","Echo Form","Hello World"],"picked":"Compile Driver","floor":23},{"not_picked":["Conserve Battery","Stack","Coolheaded+1","Hologram+1"],"picked":"SKIP","floor":25},{"not_picked":["Aggregate","Streamline","Rebound"],"picked":"Capacitor","floor":27},{"not_picked":["Ball Lightning","Turbo","Gash","Redo"],"picked":"SKIP","floor":29},{"not_picked":["Turbo","Compile Driver","BootSequence","All For One"],"picked":"SKIP","floor":30},{"not_picked":["Hyperbeam","Fission","Echo Form"],"picked":"Creative AI","floor":33},{"not_picked":["Compile Driver","Capacitor","Streamline","Stack"],"picked":"Singing Bowl","floor":35}],"player_experience":1575982,"relics_obtained":[{"floor":6,"key":"Peace Pipe"},{"floor":9,"key":"Question Card"},{"floor":13,"key":"Bird Faced Urn"},{"floor":21,"key":"Red Mask"},{"floor":23,"key":"Blue Candle"},{"floor":25,"key":"Pear"},{"floor":26,"key":"Pantograph"},{"floor":27,"key":"Turnip"},{"floor":30,"key":"Ice Cream"}],"event_choices":[{"damage_healed":0,"gold_gain":75,"player_choice":"Gather Gold","damage_taken":11,"max_hp_gain":0,"max_hp_loss":0,"event_name":"World of Goop","floor":2,"gold_loss":0},{"damage_healed":0,"gold_gain":0,"player_choice":"Gave Potion","damage_taken":0,"relics_obtained":["Bag of Preparation"],"max_hp_gain":0,"max_hp_loss":0,"event_name":"WeMeetAgain","floor":3,"gold_loss":0},{"damage_healed":0,"gold_gain":0,"player_choice":"Fought Bandits","damage_taken":0,"max_hp_gain":0,"max_hp_loss":0,"event_name":"Masked Bandits","floor":21,"gold_loss":0},{"damage_healed":0,"gold_gain":0,"player_choice":"Read","damage_taken":0,"max_hp_gain":0,"max_hp_loss":0,"event_name":"The Library","floor":22,"gold_loss":0,"cards_obtained":["Defragment"]},{"damage_healed":0,"gold_gain":0,"player_choice":"Smashed Altar","damage_taken":0,"max_hp_gain":0,"max_hp_loss":0,"event_name":"Forgotten Altar","floor":28,"gold_loss":0,"cards_obtained":["Decay"]},{"damage_healed":0,"gold_gain":0,"player_choice":"Stole Relic","damage_taken":0,"relics_obtained":["Singing Bowl"],"max_hp_gain":0,"max_hp_loss":0,"event_name":"Addict","floor":31,"gold_loss":0,"cards_obtained":["Shame"]}],"is_beta":false,"boss_relics":[{"not_picked":["Tiny House","Astrolabe"],"picked":"Nuclear Battery"},{"not_picked":["Black Star","Pandora\u0027s Box"],"picked":"Sozu"}],"items_purged_floors":[],"is_endless":false,"potions_floor_spawned":[1,13,14,16,18,20,21,27,35],"killed_by":"3 Shapes","ascension_level":19}