{"gold_per_floor":[113,113,129,0,0,0,32,32,32,32,32,32,57,90,90,184,184,205,205,205,224,53,96,96,96],"floor_reached":25,"playtime":768,"items_purged":[],"score":439,"play_id":"ea33a91d-f18c-4d04-9f8e-8715b0cf6de0","local_time":"20210821170601","is_ascension_mode":true,"campfire_choices":[{"data":"Dualcast","floor":6,"key":"SMITH"},{"floor":10,"key":"REST"},{"data":"Glacier","floor":15,"key":"SMITH"},{"data":"Amplify","floor":24,"key":"SMITH"}],"neow_cost":"NONE","seed_source_timestamp":20740919444100,"circlet_count":0,"master_deck":["AscendersBane","Strike_B","Strike_B","Defend_B","Defend_B","Defend_B","Defend_B","Zap+1","Dualcast+1","Sweeping Beam","Beam Cell","Defragment+1","Glacier+1","Ball Lightning","Amplify+1","Coolheaded","BootSequence","Defragment+1","Core Surge"],"relics":["Cracked Core","Regal Pillow","Mummified Hand","Akabeko","Golden Idol","Lizard Tail","Empty Cage","Blue Candle","DollysMirror","Sundial"],"potions_floor_usage":[14,21],"damage_taken":[{"damage":12,"enemies":"Small Slimes","floor":1,"turns":4},{"damage":0,"enemies":"Cultist","floor":3,"turns":2},{"damage":18,"enemies":"Lagavulin","floor":7,"turns":8},{"damage":0,"enemies":"2 Louse","floor":13,"turns":2},{"damage":6,"enemies":"Gremlin Nob","floor":14,"turns":3},{"damage":5,"enemies":"The Guardian","floor":16,"turns":10},{"damage":15,"enemies":"2 Thieves","floor":18,"turns":4},{"damage":15,"enemies":"3 Byrds","floor":21,"turns":4},{"damage":38,"enemies":"Book of Stabbing","floor":23,"turns":7},{"damage":40,"enemies":"Gremlin Leader","floor":25,"turns":6}],"seed_played":"8881676017407822788","potions_obtained":[{"floor":3,"key":"LiquidBronze"},{"floor":7,"key":"FearPotion"},{"floor":16,"key":"Fire Potion"},{"floor":23,"key":"PotionOfCapacity"}],"is_trial":false,"path_per_floor":["M","?","M","$","?","R","E","?","T","R","?","$","M","E","R","B",null,"M","$","?","M","$","E","R","E"],"character_chosen":"DEFECT","items_purchased":["Defragment","Glacier","DollysMirror"],"campfire_rested":1,"item_purchase_floors":[4,4,22],"current_hp_per_floor":[52,52,52,52,52,52,34,27,27,63,63,63,63,57,57,52,66,51,51,51,36,36,35,35,0],"gold":96,"neow_bonus":"RANDOM_COMMON_RELIC","is_prod":false,"is_daily":false,"chose_seed":false,"campfire_upgraded":3,"win_rate":0,"timestamp":1629558361,"path_taken":["M","?","?","$","?","R","E","?","T","R","?","$","?","E","R","BOSS","M","$","?","?","$","E","R","E"],"build_version":"2020-12-22","purchased_purges":0,"victory":false,"max_hp_per_floor":[71,71,71,71,71,71,71,71,71,71,71,71,71,71,71,71,71,71,71,71,71,71,71,71,71],"card_choices":[{"not_picked":["Stack","Conserve Battery"],"picked":"Sweeping Beam","floor":1},{"not_picked":["Barrage","Redo"],"picked":"Beam Cell","floor":3},{"not_picked":["Sweeping Beam","Hologram"],"picked":"Ball Lightning","floor":7},{"not_picked":["Sweeping Beam","Compile Driver","Leap"],"picked":"SKIP","floor":13},{"not_picked":["Hologram","Gash","Streamline"],"picked":"SKIP","floor":14},{"not_picked":["Echo Form","Buffer"],"picked":"Amplify","floor":16},{"not_picked":["Redo","Conserve Battery"],"picked":"Coolheaded","floor":18},{"not_picked":["Go for the Eyes","Leap"],"picked":"BootSequence","floor":21},{"not_picked":["Cold Snap","Rip and Tear"],"picked":"Core Surge","floor":23}],"player_experience":1578155,"relics_obtained":[{"floor":7,"key":"Mummified Hand"},{"floor":9,"key":"Akabeko"},{"floor":14,"key":"Lizard Tail"},{"floor":23,"key":"Sundial"}],"event_choices":[{"damage_healed":0,"gold_gain":0,"player_choice":"Upgraded","damage_taken":0,"max_hp_gain":0,"max_hp_loss":0,"event_name":"Upgrade Shrine","floor":2,"gold_loss":0,"cards_upgraded":["Zap"]},{"damage_healed":0,"gold_gain":0,"player_choice":"Grow","damage_taken":0,"max_hp_gain":0,"max_hp_loss":0,"event_name":"Living Wall","floor":5,"gold_loss":0,"cards_upgraded":["Defragment"]},{"cards_removed":["Strike_B"],"damage_healed":0,"gold_gain":0,"player_choice":"Card Removal","damage_taken":7,"max_hp_gain":0,"max_hp_loss":0,"event_name":"Golden Wing","floor":8,"gold_loss":0},{"damage_healed":0,"gold_gain":0,"player_choice":"Take Wound","damage_taken":0,"relics_obtained":["Golden Idol"],"max_hp_gain":0,"max_hp_loss":0,"event_name":"Golden Idol","floor":11,"gold_loss":0,"cards_obtained":["Injury"]},{"damage_healed":0,"gold_gain":0,"player_choice":"Gave Potion","damage_taken":0,"relics_obtained":["Blue Candle"],"max_hp_gain":0,"max_hp_loss":0,"event_name":"WeMeetAgain","floor":20,"gold_loss":0}],"is_beta":false,"boss_relics":[{"not_picked":["Fusion Hammer","Philosopher\u0027s Stone"],"picked":"Empty Cage"}],"items_purged_floors":[],"is_endless":false,"potions_floor_spawned":[3,7,16,23],"killed_by":"Gremlin Leader","ascension_level":19}