{"gold_per_floor":[109,259,259,274,288,319,35,51,51,68,68,68,97,107,107,186,186,206,216,216],"floor_reached":20,"playtime":631,"items_purged":[],"score":363,"play_id":"8507a6e8-0e73-4b12-8278-96267c0dcce3","local_time":"20210903122202","is_ascension_mode":true,"campfire_choices":[{"floor":11.0,"key":"REST"},{"floor":15.0,"key":"REST"}],"neow_cost":"NONE","seed_source_timestamp":0,"circlet_count":0,"master_deck":["AscendersBane","Strike_B","Strike_B","Strike_B","Strike_B","Defend_B","Defend_B","Defend_B","Defend_B","Zap","Dualcast","Cold Snap","Doubt","Chaos","Electrodynamics","FTL","Beam Cell","Parasite","Core Surge","Gash","Machine Learning","Glacier"],"special_seed":0,"relics":["Cracked Core","DataDisk","Shuriken","Kunai","Sundial","InkBottle","Black Star"],"potions_floor_usage":[19,20],"damage_taken":[{"damage":4.0,"enemies":"2 Louse","floor":1.0,"turns":3.0},{"damage":1.0,"enemies":"Cultist","floor":4.0,"turns":3.0},{"damage":10.0,"enemies":"Jaw Worm","floor":5.0,"turns":4.0},{"damage":26.0,"enemies":"Gremlin Nob","floor":6.0,"turns":4.0},{"damage":15.0,"enemies":"Exordium Thugs","floor":8.0,"turns":5.0},{"damage":1.0,"enemies":"2 Fungi Beasts","floor":10.0,"turns":2.0},{"damage":13.0,"enemies":"3 Sentries","floor":13.0,"turns":3.0},{"damage":6.0,"enemies":"Blue Slaver","floor":14.0,"turns":3.0},{"damage":26.0,"enemies":"The Guardian","floor":16.0,"turns":9.0},{"damage":22,"enemies":"Shell Parasite","floor":18,"turns":6},{"damage":24,"enemies":"2 Thieves","floor":19,"turns":3},{"damage":18,"enemies":"Snake Plant","floor":20,"turns":1}],"seed_played":"-3045741913904040698","potions_obtained":[{"floor":3.0,"key":"SteroidPotion"},{"floor":3.0,"key":"LiquidMemories"},{"floor":6.0,"key":"Explosive Potion"},{"floor":8.0,"key":"Weak Potion"},{"floor":13.0,"key":"EssenceOfDarkness"},{"floor":16,"key":"Swift Potion"},{"floor":19,"key":"LiquidMemories"}],"is_trial":false,"path_per_floor":["M","?","?","M","M","E","$","M","T","M","R","?","E","M","R","B",null,"M","M","M"],"character_chosen":"DEFECT","items_purchased":["Kunai"],"campfire_rested":2,"item_purchase_floors":[7],"current_hp_per_floor":[60,60,60,59,49,23,23,8,8,7,28,45,32,26,47,21,59,37,13,0],"gold":216,"neow_bonus":"RANDOM_COMMON_RELIC","is_prod":false,"is_daily":false,"chose_seed":false,"campfire_upgraded":0,"win_rate":0,"timestamp":1630664522,"path_taken":["M","?","?","?","M","E","?","?","T","M","R","?","E","M","R","BOSS","BOSS","M","M","M"],"build_version":"2020-12-22","purchased_purges":0,"victory":false,"max_hp_per_floor":[71,71,71,71,71,71,71,71,71,71,71,71,71,71,71,71,71,71,71,71],"card_choices":[{"not_picked":["Rebound","Turbo"],"picked":"Cold Snap","floor":1.0},{"not_picked":["Force Field","Cold Snap"],"picked":"Chaos","floor":4.0},{"not_picked":["Rebound","Go for the Eyes","Turbo"],"picked":"SKIP","floor":5.0},{"not_picked":["Ball Lightning","Hologram"],"picked":"Electrodynamics","floor":6.0},{"not_picked":["Steam","Go for the Eyes"],"picked":"FTL","floor":8.0},{"not_picked":["Heatsinks","Compile Driver"],"picked":"Beam Cell","floor":10.0},{"not_picked":["Blizzard","Beam Cell"],"picked":"Core Surge","floor":13.0},{"not_picked":["Chaos","Beam Cell"],"picked":"Gash","floor":14.0},{"not_picked":["Biased Cognition","Buffer"],"picked":"Machine Learning","floor":16},{"not_picked":["Leap","Static Discharge"],"picked":"Glacier","floor":18},{"not_picked":["Sweeping Beam","Streamline","Hologram"],"picked":"SKIP","floor":19}],"player_experience":1599970,"relics_obtained":[{"floor":6.0,"key":"Shuriken"},{"floor":9.0,"key":"Sundial"},{"floor":13.0,"key":"InkBottle"}],"event_choices":[{"damage_healed":0.0,"max_hp_gain":0.0,"max_hp_loss":0.0,"gold_gain":150.0,"event_name":"Liars Game","player_choice":"AGREE","floor":2.0,"gold_loss":0.0,"damage_taken":0.0,"cards_obtained":["Doubt"]},{"damage_healed":0.0,"max_hp_gain":0.0,"max_hp_loss":0.0,"gold_gain":0.0,"event_name":"Lab","player_choice":"Got Potions","floor":3.0,"gold_loss":0.0,"damage_taken":0.0},{"damage_healed":17.0,"max_hp_gain":0.0,"max_hp_loss":0.0,"gold_gain":0.0,"event_name":"Mushrooms","player_choice":"Healed and dodged fight","floor":12.0,"gold_loss":0.0,"damage_taken":0.0,"cards_obtained":["Parasite"]}],"is_beta":false,"boss_relics":[{"not_picked":["Sozu","Tiny House"],"picked":"Black Star"}],"items_purged_floors":[],"is_endless":false,"potions_floor_spawned":[4,6,8,13,16,19],"killed_by":"Snake Plant","ascension_level":19}