{"gold_per_floor":[112,29,29,49,199,227,227,252,252,252,265,265,292,292,292,366,366,376,376,388,388,388],"floor_reached":22,"playtime":2542,"items_purged":[],"score":536,"play_id":"56cd46f8-e946-4908-ba30-3b052c80f31d","local_time":"20210828123432","is_ascension_mode":true,"campfire_choices":[{"data":"Zap","floor":7.0,"key":"SMITH"},{"floor":10,"key":"REST"},{"data":"Hologram","floor":12,"key":"SMITH"},{"floor":15,"key":"REST"}],"neow_cost":"NONE","seed_source_timestamp":0,"circlet_count":0,"master_deck":["AscendersBane","Strike_B","Strike_B","Strike_B","Defend_B","Defend_B","Defend_B","Defend_B","Zap+1","Dualcast","Sweeping Beam","Streamline","Leap","Rebound","Beam Cell","Gash","Gash","Hologram+1","Redo","Echo Form","Scrape","Stack"],"special_seed":0,"relics":["Cracked Core","NeowsBlessing","Gremlin Horn","Bag of Marbles","Ice Cream","Calipers","Nuclear Battery"],"potions_floor_usage":[8,16],"damage_taken":[{"damage":0.0,"enemies":"Jaw Worm","floor":1.0,"turns":1.0},{"damage":0.0,"enemies":"Small Slimes","floor":4.0,"turns":1.0},{"damage":0.0,"enemies":"Gremlin Nob","floor":6.0,"turns":1.0},{"damage":41,"enemies":"3 Sentries","floor":8,"turns":9},{"damage":0,"enemies":"2 Louse","floor":11,"turns":2},{"damage":36,"enemies":"Gremlin Nob","floor":13,"turns":4},{"damage":0,"enemies":"Slime Boss","floor":16,"turns":6},{"damage":26,"enemies":"3 Byrds","floor":18,"turns":5},{"damage":32,"enemies":"Shell Parasite","floor":20,"turns":4},{"damage":6,"enemies":"3 Cultists","floor":22,"turns":3}],"seed_played":"-4314301424556889627","potions_obtained":[{"floor":4.0,"key":"EntropicBrew"},{"floor":8,"key":"FocusPotion"}],"is_trial":false,"path_per_floor":["M","$","?","M","?","E","R","E","T","R","M","R","E","?","R","B",null,"M","?","M","?","M"],"character_chosen":"DEFECT","items_purchased":["Streamline","Leap"],"campfire_rested":2,"item_purchase_floors":[2,2],"current_hp_per_floor":[64,64,64,64,64,64,64,23,23,44,44,44,8,1,22,22,59,33,33,1,1,0],"gold":388,"neow_bonus":"THREE_ENEMY_KILL","is_prod":false,"is_daily":false,"chose_seed":false,"campfire_upgraded":2,"win_rate":0,"timestamp":1630146872,"path_taken":["M","$","?","M","?","E","R","E","T","R","M","R","E","?","R","BOSS","M","?","M","?","?"],"build_version":"2020-12-22","purchased_purges":0,"victory":false,"max_hp_per_floor":[71,71,71,71,71,71,71,71,71,71,71,71,71,71,71,71,71,71,71,71,71,71],"card_choices":[{"not_picked":["Stack","Heatsinks"],"picked":"Sweeping Beam","floor":1.0},{"not_picked":["Leap","Streamline"],"picked":"Beam Cell","floor":4.0},{"not_picked":["Electrodynamics","Beam Cell"],"picked":"Gash","floor":6.0},{"not_picked":["Sunder","Conserve Battery"],"picked":"Gash","floor":8},{"not_picked":["Aggregate","Turbo"],"picked":"Hologram","floor":11},{"not_picked":["BootSequence","Ball Lightning"],"picked":"Redo","floor":13},{"not_picked":["Multi-Cast","Electrodynamics"],"picked":"Echo Form","floor":16},{"not_picked":["Defragment","Leap"],"picked":"Scrape","floor":18},{"not_picked":["Streamline+1","Defragment"],"picked":"Stack","floor":20}],"player_experience":1583262,"relics_obtained":[{"floor":6.0,"key":"Gremlin Horn"},{"floor":8,"key":"Bag of Marbles"},{"floor":9,"key":"Ice Cream"},{"floor":13,"key":"Calipers"}],"event_choices":[{"damage_healed":0.0,"max_hp_gain":0.0,"max_hp_loss":0.0,"gold_gain":0.0,"cards_transformed":["Strike_B"],"event_name":"Living Wall","player_choice":"Change","floor":3.0,"gold_loss":0.0,"damage_taken":0.0,"cards_obtained":["Rebound"]},{"damage_healed":0.0,"max_hp_gain":0.0,"max_hp_loss":0.0,"gold_gain":150.0,"event_name":"Liars Game","player_choice":"AGREE","floor":5.0,"gold_loss":0.0,"damage_taken":0.0,"cards_obtained":["Doubt"]},{"cards_removed":["Doubt"],"damage_healed":0,"gold_gain":0,"player_choice":"Card Removal","damage_taken":7,"max_hp_gain":0,"max_hp_loss":0,"event_name":"Golden Wing","floor":14,"gold_loss":0},{"damage_healed":0,"gold_gain":0,"player_choice":"Ignored","damage_taken":0,"max_hp_gain":0,"max_hp_loss":0,"event_name":"Vampires","floor":19,"gold_loss":0},{"damage_healed":0,"gold_gain":0,"player_choice":"Ignored","damage_taken":0,"max_hp_gain":0,"max_hp_loss":0,"event_name":"Cursed Tome","floor":21,"gold_loss":0}],"is_beta":false,"boss_relics":[{"not_picked":["Inserter","Cursed Key"],"picked":"Nuclear Battery"}],"items_purged_floors":[],"is_endless":false,"potions_floor_spawned":[4,8,11],"killed_by":"3 Cultists","ascension_level":19}