{"gold_per_floor":[114,114,127,103,121,146,221,221,247,264,264,289,289,303,303,303],"floor_reached":16,"playtime":464,"items_purged":[],"score":215,"play_id":"cdbc8249-6ddf-4653-8c48-fd97bf81e127","local_time":"20210904152227","is_ascension_mode":true,"campfire_choices":[{"floor":11,"key":"REST"},{"floor":15,"key":"REST"}],"neow_cost":"NONE","seed_source_timestamp":6570298898700,"circlet_count":0,"master_deck":["AscendersBane","Strike_B","Strike_B","Strike_B","Defend_B","Defend_B","Defend_B","Defend_B","Zap","Dualcast","Cold Snap","Loop","Aggregate","Cold Snap","Machine Learning","Redo","Loop","Skim","Reinforced Body"],"relics":["Cracked Core","NeowsBlessing","Lantern","Strawberry","Ancient Tea Set","Emotion Chip"],"potions_floor_usage":[16],"damage_taken":[{"damage":0,"enemies":"Small Slimes","floor":1,"turns":1},{"damage":0,"enemies":"Cultist","floor":3,"turns":1},{"damage":0,"enemies":"2 Louse","floor":5,"turns":1},{"damage":18,"enemies":"3 Sentries","floor":6,"turns":11},{"damage":16,"enemies":"Large Slime","floor":10,"turns":4},{"damage":18,"enemies":"Lagavulin","floor":12,"turns":7},{"damage":9,"enemies":"Blue Slaver","floor":14,"turns":3},{"damage":45,"enemies":"Slime Boss","floor":16,"turns":11}],"seed_played":"-2121951319319848632","potions_obtained":[{"floor":6,"key":"FearPotion"},{"floor":12,"key":"SkillPotion"},{"floor":14,"key":"Weak Potion"}],"is_trial":false,"path_per_floor":["M","?","M","$","M","E","?","?","T","M","R","E","?","M","R","B"],"character_chosen":"DEFECT","items_purchased":["Cold Snap"],"campfire_rested":2,"item_purchase_floors":[4],"current_hp_per_floor":[64,64,64,64,64,46,35,42,42,26,49,31,31,22,45,0],"gold":303,"neow_bonus":"THREE_ENEMY_KILL","is_prod":false,"is_daily":false,"chose_seed":false,"campfire_upgraded":0,"win_rate":0,"timestamp":1630761747,"path_taken":["M","?","M","$","?","E","?","?","T","?","R","E","?","M","R","BOSS"],"build_version":"2020-12-22","purchased_purges":0,"victory":false,"max_hp_per_floor":[71,71,71,71,71,71,71,78,78,78,78,78,78,78,78,78],"card_choices":[{"not_picked":["Rebound","Force Field"],"picked":"Cold Snap","floor":1},{"not_picked":["Scrape","Steam"],"picked":"Aggregate","floor":3},{"not_picked":["Conserve Battery","Go for the Eyes"],"picked":"Machine Learning","floor":5},{"not_picked":["Gash","Hologram"],"picked":"Redo","floor":6},{"not_picked":["Turbo","Storm"],"picked":"Loop","floor":10},{"not_picked":["Streamline","BootSequence"],"picked":"Skim","floor":12},{"not_picked":["Hologram","Force Field","Skim"],"picked":"SKIP","floor":14}],"player_experience":1601267,"relics_obtained":[{"floor":6,"key":"Lantern"},{"floor":9,"key":"Ancient Tea Set"},{"floor":12,"key":"Emotion Chip"}],"event_choices":[{"damage_healed":0,"gold_gain":0,"player_choice":"1 cards matched","damage_taken":0,"max_hp_gain":0,"max_hp_loss":0,"event_name":"Match and Keep!","floor":2,"gold_loss":0,"cards_obtained":["Loop"]},{"damage_healed":0,"gold_gain":75,"player_choice":"Gather Gold","damage_taken":11,"max_hp_gain":0,"max_hp_loss":0,"event_name":"World of Goop","floor":7,"gold_loss":0},{"damage_healed":0,"gold_gain":0,"player_choice":"Gave Potion","damage_taken":0,"relics_obtained":["Strawberry"],"max_hp_gain":0,"max_hp_loss":0,"event_name":"WeMeetAgain","floor":8,"gold_loss":0},{"damage_healed":0,"gold_gain":0,"cards_transformed":["Strike_B"],"player_choice":"Change","damage_taken":0,"max_hp_gain":0,"max_hp_loss":0,"event_name":"Living Wall","floor":13,"gold_loss":0,"cards_obtained":["Reinforced Body"]}],"is_beta":false,"boss_relics":[],"items_purged_floors":[],"is_endless":false,"potions_floor_spawned":[6,12,14],"killed_by":"Slime Boss","ascension_level":19}