{"gold_per_floor":[119,135,155,112,122,122,133,133,201,216,216,266,283,308,308,379,379,399,399,418,418,152,152,170,170],"floor_reached":25,"playtime":850,"items_purged":[],"score":400,"play_id":"ce9db5d7-c950-4199-bf2e-1d24e9c666b1","local_time":"20210901220452","is_ascension_mode":true,"campfire_choices":[{"data":"1","floor":6,"key":"LIFT"},{"data":"2","floor":8,"key":"LIFT"},{"floor":15,"key":"REST"},{"data":"3","floor":23,"key":"LIFT"}],"neow_cost":"PERCENT_DAMAGE","seed_source_timestamp":136736485509200,"circlet_count":0,"master_deck":["AscendersBane","Strike_B","Strike_B","Strike_B","Strike_B","Defend_B","Defend_B","Defend_B","Defend_B","Zap","Dualcast","Beam Cell","Storm","Creative AI","Self Repair","Sweeping Beam","Melter","FTL","Conserve Battery","Core Surge","Force Field","Fusion","J.A.X.","Loop+1"],"relics":["FrozenCore","Girya","Pear","Prayer Wheel","Mummified Hand"],"potions_floor_usage":[7,13,24,25,25],"damage_taken":[{"damage":2,"enemies":"Cultist","floor":1,"turns":4},{"damage":1,"enemies":"2 Louse","floor":2,"turns":3},{"damage":10,"enemies":"Small Slimes","floor":3,"turns":4},{"damage":26,"enemies":"2 Fungi Beasts","floor":5,"turns":5},{"damage":8,"enemies":"Blue Slaver","floor":7,"turns":2},{"damage":21,"enemies":"Gremlin Gang","floor":10,"turns":4},{"damage":0,"enemies":"Looter","floor":13,"turns":1},{"damage":32,"enemies":"Gremlin Nob","floor":14,"turns":4},{"damage":37,"enemies":"The Guardian","floor":16,"turns":12},{"damage":26,"enemies":"Shell Parasite","floor":18,"turns":5},{"damage":0,"enemies":"Spheric Guardian","floor":20,"turns":2},{"damage":52,"enemies":"Centurion and Healer","floor":24,"turns":5},{"damage":18,"enemies":"Slavers","floor":25,"turns":1}],"seed_played":"1147443062336312007","potions_obtained":[{"floor":2,"key":"FearPotion"},{"floor":7,"key":"PotionOfCapacity"},{"floor":10,"key":"LiquidMemories"},{"floor":16,"key":"ColorlessPotion"},{"floor":24,"key":"FocusPotion"}],"is_trial":false,"path_per_floor":["M","M","M","$","M","R","M","R","T","M","?","?","M","E","R","B",null,"M","?","M","?","$","R","M","E"],"character_chosen":"DEFECT","items_purchased":["Self Repair","Mummified Hand"],"campfire_rested":1,"item_purchase_floors":[4,22],"current_hp_per_floor":[44,43,33,33,14,14,13,13,23,9,36,36,43,18,42,12,64,45,61,61,61,61,61,16,0],"gold":170,"neow_bonus":"ONE_RARE_RELIC","is_prod":false,"is_daily":false,"chose_seed":false,"campfire_upgraded":0,"win_rate":0,"timestamp":1630526692,"path_taken":["M","M","M","?","M","R","M","R","T","M","?","?","?","E","R","BOSS","M","?","M","?","?","R","?","E"],"build_version":"2020-12-22","purchased_purges":0,"victory":false,"max_hp_per_floor":[71,71,71,71,71,71,71,71,81,81,81,81,81,81,81,81,81,81,81,81,81,81,81,81,81],"card_choices":[{"not_picked":["Hologram","Barrage"],"picked":"Beam Cell","floor":1},{"not_picked":["Force Field","Stack"],"picked":"Storm","floor":2},{"not_picked":["Chill","Go for the Eyes"],"picked":"Creative AI","floor":3},{"not_picked":["Leap","Rebound"],"picked":"Sweeping Beam","floor":5},{"not_picked":["Leap","Reprogram"],"picked":"Melter","floor":7},{"not_picked":["Chill","Stack"],"picked":"FTL","floor":10},{"not_picked":["Stack","Lockon","Compile Driver"],"picked":"SKIP","floor":13},{"not_picked":["Coolheaded","Leap"],"picked":"Conserve Battery","floor":14},{"not_picked":["Reboot","Seek"],"picked":"Core Surge","floor":16},{"not_picked":["Cold Snap","Self Repair"],"picked":"Force Field","floor":18},{"not_picked":["Melter","Rip and Tear"],"picked":"Fusion","floor":18},{"not_picked":["Hologram","Cold Snap+1","Redo"],"picked":"SKIP","floor":20},{"not_picked":["Leap","Fusion","Coolheaded+1"],"picked":"SKIP","floor":20},{"not_picked":["Glacier","Turbo"],"picked":"Loop+1","floor":24},{"not_picked":["Leap","Conserve Battery","Compile Driver"],"picked":"SKIP","floor":24}],"player_experience":1599120,"relics_obtained":[{"floor":9,"key":"Pear"},{"floor":14,"key":"Prayer Wheel"}],"event_choices":[{"damage_healed":27,"gold_gain":0,"player_choice":"Banana","damage_taken":0,"max_hp_gain":0,"max_hp_loss":0,"event_name":"Big Fish","floor":11,"gold_loss":0},{"damage_healed":0,"gold_gain":50,"player_choice":"Pray","damage_taken":0,"max_hp_gain":0,"max_hp_loss":0,"event_name":"Golden Shrine","floor":12,"gold_loss":0},{"damage_healed":16,"gold_gain":0,"player_choice":"Heal","damage_taken":0,"max_hp_gain":0,"max_hp_loss":0,"event_name":"The Library","floor":19,"gold_loss":0},{"damage_healed":0,"gold_gain":0,"player_choice":"Obtain J.A.X.","damage_taken":0,"max_hp_gain":0,"max_hp_loss":0,"event_name":"Drug Dealer","floor":21,"gold_loss":0,"cards_obtained":["J.A.X."]}],"is_beta":false,"boss_relics":[{"not_picked":["SlaversCollar","Snecko Eye"],"picked":"FrozenCore"}],"items_purged_floors":[],"is_endless":false,"potions_floor_spawned":[2,7,10,16,24],"killed_by":"Slavers","ascension_level":19}