{"gold_per_floor":[17,36,52,71,71,97,97,127,127,127,153,153],"floor_reached":12,"playtime":406,"items_purged":[],"score":191,"play_id":"ec0d302f-cf5c-49da-94cf-7dce1189a942","local_time":"20210829175320","is_ascension_mode":true,"campfire_choices":[{"floor":7,"key":"REST"},{"floor":10,"key":"REST"}],"neow_cost":"NO_GOLD","seed_source_timestamp":377123735534500,"circlet_count":0,"master_deck":["AscendersBane","Strike_B","Strike_B","Strike_B","Strike_B","Defend_B","Defend_B","Defend_B","Defend_B","Zap","Dualcast","All For One","Gash","Defragment","Redo","Scrape","Doom and Gloom"],"relics":["Cracked Core","Ancient Tea Set","MealTicket","Singing Bowl","Du-Vu Doll"],"potions_floor_usage":[6,8,11,12],"damage_taken":[{"damage":0,"enemies":"Cultist","floor":1,"turns":3},{"damage":2,"enemies":"Jaw Worm","floor":2,"turns":3},{"damage":7,"enemies":"Small Slimes","floor":3,"turns":3},{"damage":13,"enemies":"Blue Slaver","floor":4,"turns":2},{"damage":45,"enemies":"3 Sentries","floor":6,"turns":6},{"damage":30,"enemies":"Lagavulin","floor":8,"turns":5},{"damage":15,"enemies":"3 Sentries","floor":11,"turns":4},{"damage":18,"enemies":"Large Slime","floor":12,"turns":3}],"seed_played":"-6679363041419074312","potions_obtained":[{"floor":3,"key":"EssenceOfDarkness"},{"floor":4,"key":"Regen Potion"},{"floor":6,"key":"Explosive Potion"},{"floor":11,"key":"BlessingOfTheForge"}],"is_trial":false,"path_per_floor":["M","M","M","M","$","E","R","E","T","R","E","M"],"character_chosen":"DEFECT","items_purchased":[],"campfire_rested":2,"item_purchase_floors":[],"current_hp_per_floor":[64,62,55,42,42,12,33,3,3,24,11,0],"gold":153,"neow_bonus":"THREE_RARE_CARDS","is_prod":false,"is_daily":false,"chose_seed":false,"campfire_upgraded":0,"win_rate":0,"timestamp":1630252400,"path_taken":["M","M","M","?","?","E","R","E","T","R","E","M"],"build_version":"2020-12-22","purchased_purges":0,"victory":false,"max_hp_per_floor":[71,71,71,71,71,71,71,71,71,71,73,73],"card_choices":[{"not_picked":["Thunder Strike","Buffer"],"picked":"All For One","floor":0},{"not_picked":["Streamline","Reprogram"],"picked":"Gash","floor":1},{"not_picked":["Blizzard","Cold Snap"],"picked":"Defragment","floor":2},{"not_picked":["Fusion","BootSequence"],"picked":"Redo","floor":3},{"not_picked":["Multi-Cast","Cold Snap"],"picked":"Scrape","floor":4},{"not_picked":["Streamline","Ball Lightning","Turbo"],"picked":"SKIP","floor":6},{"not_picked":["Sweeping Beam","Sunder"],"picked":"Doom and Gloom","floor":8},{"not_picked":["Heatsinks","Genetic Algorithm","Redo"],"picked":"Singing Bowl","floor":11}],"player_experience":1591821,"relics_obtained":[{"floor":6,"key":"Ancient Tea Set"},{"floor":8,"key":"MealTicket"},{"floor":9,"key":"Singing Bowl"},{"floor":11,"key":"Du-Vu Doll"}],"event_choices":[],"is_beta":false,"boss_relics":[],"items_purged_floors":[],"is_endless":false,"potions_floor_spawned":[3,4,6,11],"killed_by":"Large Slime","ascension_level":19}