{"gold_per_floor":[114,132,144,63,63,63,91,91,91,119,134,185,335,260,260,336,336,351,364,364,375,213,213,213],"floor_reached":24,"playtime":2675,"items_purged":["Doubt"],"score":398,"play_id":"fc535475-7177-4d5a-85a5-75a03d4f806f","local_time":"20210901213827","is_ascension_mode":true,"campfire_choices":[{"data":"Consume","floor":6,"key":"SMITH"},{"data":"Zap","floor":8,"key":"SMITH"},{"floor":15,"key":"REST"},{"floor":23,"key":"REST"}],"neow_cost":"NONE","seed_source_timestamp":133326185282800,"circlet_count":0,"master_deck":["AscendersBane","Strike_B","Strike_B","Strike_B","Strike_B","Defend_B","Defend_B","Defend_B","Defend_B","Zap+1","Dualcast","Ball Lightning","Consume+1","Melter","Capacitor+1","Static Discharge","Redo+1","BootSequence+1","Thunder Strike","CurseOfTheBell","Steam+1","Auto Shields+1","Capacitor+1"],"relics":["Cracked Core","NeowsBlessing","Pantograph","Lantern","Toxic Egg 2","Art of War","Calling Bell","Nunchaku","InkBottle","Pocketwatch","DollysMirror"],"potions_floor_usage":[10,19,24,24],"damage_taken":[{"damage":0,"enemies":"Cultist","floor":1,"turns":1},{"damage":0,"enemies":"2 Louse","floor":2,"turns":1},{"damage":0,"enemies":"Jaw Worm","floor":3,"turns":1},{"damage":25,"enemies":"Lagavulin","floor":7,"turns":7},{"damage":32,"enemies":"Gremlin Nob","floor":10,"turns":4},{"damage":7,"enemies":"Looter","floor":11,"turns":3},{"damage":20,"enemies":"Slime Boss","floor":16,"turns":8},{"damage":0,"enemies":"Spheric Guardian","floor":18,"turns":2},{"damage":13,"enemies":"Shell Parasite","floor":19,"turns":4},{"damage":17,"enemies":"Centurion and Healer","floor":21,"turns":6},{"damage":57,"enemies":"Book of Stabbing","floor":24,"turns":5}],"seed_played":"5574077020819269692","potions_obtained":[{"floor":3,"key":"EssenceOfSteel"},{"floor":7,"key":"Regen Potion"},{"floor":11,"key":"Dexterity Potion"},{"floor":19,"key":"SkillPotion"}],"is_trial":false,"path_per_floor":["M","M","M","$","?","R","E","R","T","E","M","T","?","$","R","B",null,"M","M","?","M","$","R","E"],"character_chosen":"DEFECT","items_purchased":["Capacitor","DollysMirror"],"campfire_rested":2,"item_purchase_floors":[4,22],"current_hp_per_floor":[64,64,64,64,64,64,39,39,39,19,12,12,12,12,33,38,63,63,50,50,33,33,54,0],"gold":213,"neow_bonus":"THREE_ENEMY_KILL","is_prod":false,"is_daily":false,"chose_seed":false,"campfire_upgraded":2,"win_rate":0,"timestamp":1630525107,"path_taken":["M","M","?","$","?","R","E","R","T","E","M","?","?","?","R","BOSS","M","M","?","M","$","R","E"],"build_version":"2020-12-22","purchased_purges":1,"victory":false,"max_hp_per_floor":[71,71,71,71,71,71,71,71,71,71,71,71,71,71,71,71,71,71,71,71,71,71,71,71],"card_choices":[{"not_picked":["Consume","Beam Cell"],"picked":"Ball Lightning","floor":1},{"not_picked":["Sweeping Beam","Double Energy"],"picked":"Consume","floor":2},{"not_picked":["Streamline","Steam"],"picked":"Melter","floor":3},{"not_picked":["Melter","Go for the Eyes"],"picked":"Static Discharge","floor":7},{"not_picked":["Turbo+1","Force Field+1"],"picked":"Redo+1","floor":10},{"not_picked":["Double Energy+1","Steam+1"],"picked":"BootSequence+1","floor":11},{"not_picked":["Fission+1","Hyperbeam"],"picked":"Thunder Strike","floor":16},{"not_picked":["Go for the Eyes","Static Discharge","Hologram+1"],"picked":"SKIP","floor":18},{"not_picked":["Compile Driver","Cold Snap"],"picked":"Steam+1","floor":19},{"not_picked":["Leap+1","Double Energy+1"],"picked":"Auto Shields+1","floor":21}],"player_experience":1595830,"relics_obtained":[{"floor":7,"key":"Pantograph"},{"floor":9,"key":"Lantern"},{"floor":10,"key":"Toxic Egg 2"},{"floor":12,"key":"Art of War"},{"floor":17,"key":"Nunchaku"},{"floor":17,"key":"InkBottle"},{"floor":17,"key":"Pocketwatch"}],"event_choices":[{"damage_healed":0,"gold_gain":0,"player_choice":"Grow","damage_taken":0,"max_hp_gain":0,"max_hp_loss":0,"event_name":"Living Wall","floor":5,"gold_loss":0,"cards_upgraded":["Capacitor"]},{"damage_healed":0,"gold_gain":150,"player_choice":"AGREE","damage_taken":0,"max_hp_gain":0,"max_hp_loss":0,"event_name":"Liars Game","floor":13,"gold_loss":0,"cards_obtained":["Doubt"]},{"damage_healed":0,"gold_gain":0,"player_choice":"Ignored","damage_taken":0,"max_hp_gain":0,"max_hp_loss":0,"event_name":"Ghosts","floor":20,"gold_loss":0}],"is_beta":false,"boss_relics":[{"not_picked":["Ectoplasm","SlaversCollar"],"picked":"Calling Bell"}],"items_purged_floors":[14],"is_endless":false,"potions_floor_spawned":[3,7,11,16,19],"killed_by":"Book of Stabbing","ascension_level":19}