{"gold_per_floor":[110,110,110,121,135,162,182,182,232,258,258,258],"floor_reached":12,"playtime":411,"items_purged":[],"score":172,"play_id":"660668d4-8b76-4031-92e7-1a4ddde69f22","local_time":"20210829221356","is_ascension_mode":true,"campfire_choices":[{"data":"Darkness","floor":8,"key":"SMITH"},{"data":"Fusion","floor":11,"key":"SMITH"}],"neow_cost":"NONE","seed_source_timestamp":392754495087000,"circlet_count":0,"master_deck":["AscendersBane","Strike_B","Strike_B","Strike_B","Strike_B","Defend_B","Defend_B","Defend_B","Defend_B","Zap","Dualcast","Fusion+1","Leap","Darkness+1","Skim","Cold Snap","Seek"],"relics":["Cracked Core","NeowsBlessing","Mercury Hourglass","Blood Vial","Vajra","Calipers"],"potions_floor_usage":[],"damage_taken":[{"damage":0,"enemies":"Cultist","floor":1,"turns":1},{"damage":0,"enemies":"Small Slimes","floor":4,"turns":1},{"damage":0,"enemies":"2 Louse","floor":5,"turns":1},{"damage":22,"enemies":"Lagavulin","floor":6,"turns":8},{"damage":3,"enemies":"Looter","floor":7,"turns":4},{"damage":10,"enemies":"3 Sentries","floor":10,"turns":6},{"damage":47,"enemies":"Gremlin Nob","floor":12,"turns":4}],"seed_played":"7294071373927897610","potions_obtained":[{"floor":3,"key":"LiquidBronze"},{"floor":3,"key":"FocusPotion"}],"is_trial":false,"path_per_floor":["M","T","?","M","M","E","M","R","T","E","R","E"],"character_chosen":"DEFECT","items_purchased":[],"campfire_rested":0,"item_purchase_floors":[],"current_hp_per_floor":[64,64,64,64,64,42,41,41,41,33,33,0],"gold":258,"neow_bonus":"THREE_ENEMY_KILL","is_prod":false,"is_daily":false,"chose_seed":false,"campfire_upgraded":2,"win_rate":0,"timestamp":1630268036,"path_taken":["M","?","?","?","M","E","M","R","T","E","R","E"],"build_version":"2020-12-22","purchased_purges":0,"victory":false,"max_hp_per_floor":[71,71,71,71,71,71,71,71,71,71,71,71],"card_choices":[{"not_picked":["Conserve Battery","Redo"],"picked":"Fusion","floor":1},{"not_picked":["Conserve Battery","Rebound"],"picked":"Leap","floor":4},{"not_picked":["Steam","Streamline"],"picked":"Darkness","floor":5},{"not_picked":["Chaos","Hologram"],"picked":"Skim","floor":6},{"not_picked":["Gash","Leap"],"picked":"Cold Snap","floor":7},{"not_picked":["Streamline","Conserve Battery"],"picked":"Seek","floor":10}],"player_experience":1593377,"relics_obtained":[{"floor":2,"key":"Mercury Hourglass"},{"floor":6,"key":"Blood Vial"},{"floor":9,"key":"Vajra"},{"floor":10,"key":"Calipers"}],"event_choices":[{"damage_healed":0,"gold_gain":0,"player_choice":"Got Potions","damage_taken":0,"max_hp_gain":0,"max_hp_loss":0,"event_name":"Lab","floor":3,"gold_loss":0}],"is_beta":false,"boss_relics":[],"items_purged_floors":[],"is_endless":false,"potions_floor_spawned":[5,7],"killed_by":"Gremlin Nob","ascension_level":19}