{"gold_per_floor":[112,112,112,122,142,142,142,142,142,177,177,177,177,19,19,95,95,115,115,115,133,133,133,145,155,178,178,103,0,17,46,55,55],"floor_reached":33,"playtime":4298,"items_purged":["Shame"],"score":533,"play_id":"28b9333e-0ef2-49ff-a791-12d548330eb8","local_time":"20210908100216","is_ascension_mode":true,"campfire_choices":[{"data":"Tempest","floor":6,"key":"SMITH"},{"floor":8,"key":"REST"},{"floor":11,"key":"REST"},{"data":"Consume","floor":13,"key":"SMITH"},{"floor":15,"key":"REST"},{"data":"Fusion","floor":23,"key":"SMITH"},{"floor":27,"key":"REST"},{"floor":32,"key":"REST"}],"neow_cost":"CURSE","seed_source_timestamp":170626671500,"circlet_count":0,"master_deck":["AscendersBane","Strike_B+1","Strike_B+1","Defend_B+1","Defend_B+1","Defend_B+1","Zap","Dualcast","Tempest+1","Doom and Gloom","Consume+1","Creative AI","Redo","Leap","Biased Cognition","Seek+1","Static Discharge+1","Sweeping Beam+1","Fusion+1","Force Field","BootSequence+1","Multi-Cast","Aggregate","Chaos"],"relics":["Cracked Core","Mango","Oddly Smooth Stone","Spirit Poop","Sundial","Darkstone Periapt","Dream Catcher","OrangePellets","Astrolabe","Tiny Chest","Vajra","CeramicFish"],"potions_floor_usage":[16,24],"damage_taken":[{"damage":1,"enemies":"Small Slimes","floor":1,"turns":4},{"damage":2,"enemies":"Cultist","floor":4,"turns":3},{"damage":13,"enemies":"2 Louse","floor":5,"turns":3},{"damage":41,"enemies":"3 Sentries","floor":10,"turns":5},{"damage":32,"enemies":"Slime Boss","floor":16,"turns":7},{"damage":0,"enemies":"Chosen","floor":18,"turns":3},{"damage":11,"enemies":"Spheric Guardian","floor":21,"turns":5},{"damage":13,"enemies":"Cultist and Chosen","floor":24,"turns":4},{"damage":28,"enemies":"Snecko","floor":25,"turns":3},{"damage":20,"enemies":"3 Cultists","floor":30,"turns":3},{"damage":33,"enemies":"Book of Stabbing","floor":31,"turns":4},{"damage":70,"enemies":"Automaton","floor":33,"turns":6}],"seed_played":"4042949938903071144","potions_obtained":[{"floor":4,"key":"FairyPotion"},{"floor":10,"key":"SkillPotion"},{"floor":18,"key":"GamblersBrew"},{"floor":25,"key":"EssenceOfDarkness"},{"floor":31,"key":"EssenceOfDarkness"}],"is_trial":false,"path_per_floor":["M","?","?","M","M","R","?","R","T","E","R","?","R","$","R","B",null,"M","?","$","M","?","R","M","M","T","R","$","?","M","E","R","B"],"character_chosen":"DEFECT","items_purchased":["OrangePellets"],"campfire_rested":5,"item_purchase_floors":[14],"current_hp_per_floor":[77,77,77,75,62,62,27,52,52,11,36,29,29,29,54,22,69,69,69,69,58,64,64,51,23,23,50,50,50,30,27,54,0],"gold":55,"neow_bonus":"ONE_RARE_RELIC","is_prod":false,"is_daily":false,"chose_seed":false,"campfire_upgraded":3,"win_rate":0,"timestamp":1631088136,"path_taken":["M","?","?","?","M","R","?","R","T","E","R","?","R","?","R","BOSS","M","?","$","M","?","R","M","M","T","R","$","?","M","E","R","BOSS"],"build_version":"2020-12-22","purchased_purges":1,"victory":false,"max_hp_per_floor":[85,85,85,85,85,85,85,85,85,85,85,85,85,85,85,85,85,85,85,85,85,91,91,91,91,91,91,91,91,91,91,91,91],"card_choices":[{"not_picked":["Hologram","FTL"],"picked":"Tempest","floor":1},{"not_picked":["Conserve Battery","Hologram"],"picked":"Doom and Gloom","floor":4},{"not_picked":["Sweeping Beam","Gash"],"picked":"Consume","floor":5},{"not_picked":["Undo","Coolheaded"],"picked":"Creative AI","floor":10},{"not_picked":["Scrape","Coolheaded"],"picked":"Redo","floor":11},{"not_picked":["Beam Cell","Go for the Eyes"],"picked":"Leap","floor":15},{"not_picked":["Core Surge","All For One"],"picked":"Biased Cognition","floor":16},{"not_picked":["Gash","Conserve Battery"],"picked":"Fusion","floor":18},{"not_picked":["Stack","Turbo"],"picked":"Force Field","floor":21},{"not_picked":["Turbo","Barrage"],"picked":"BootSequence+1","floor":24},{"not_picked":["Auto Shields","Barrage"],"picked":"Multi-Cast","floor":25},{"not_picked":["Streamline","Leap"],"picked":"Aggregate","floor":27},{"not_picked":["Stack","Aggregate","Ball Lightning"],"picked":"SKIP","floor":30},{"not_picked":["Reprogram+1","White Noise","Gash"],"picked":"SKIP","floor":31},{"not_picked":["Barrage","Defragment"],"picked":"Chaos","floor":32}],"player_experience":1614178,"relics_obtained":[{"floor":9,"key":"Darkstone Periapt"},{"floor":10,"key":"Dream Catcher"},{"floor":26,"key":"Vajra"},{"floor":31,"key":"CeramicFish"}],"event_choices":[{"damage_healed":0,"gold_gain":0,"player_choice":"Box","damage_taken":0,"relics_obtained":["Oddly Smooth Stone"],"max_hp_gain":0,"max_hp_loss":0,"event_name":"Big Fish","floor":2,"gold_loss":0,"cards_obtained":["Regret"]},{"cards_removed":["Normality"],"damage_healed":0,"gold_gain":0,"player_choice":"Offered Curse","damage_taken":0,"relics_obtained":["Spirit Poop"],"max_hp_gain":0,"max_hp_loss":0,"event_name":"Bonfire Elementals","floor":3,"gold_loss":0},{"damage_healed":0,"gold_gain":0,"player_choice":"Success","damage_taken":35,"relics_obtained":["Sundial"],"max_hp_gain":0,"max_hp_loss":0,"event_name":"Scrap Ooze","floor":7,"gold_loss":0},{"cards_removed":["Regret"],"damage_healed":0,"gold_gain":0,"player_choice":"Card Removal","damage_taken":7,"max_hp_gain":0,"max_hp_loss":0,"event_name":"Golden Wing","floor":12,"gold_loss":0},{"damage_healed":0,"gold_gain":0,"player_choice":"Simplicity","damage_taken":0,"max_hp_gain":0,"max_hp_loss":0,"event_name":"Back to Basics","floor":19,"gold_loss":0,"cards_upgraded":["Strike_B","Strike_B","Defend_B","Defend_B","Defend_B"]},{"damage_healed":0,"gold_gain":0,"player_choice":"Stole Relic","damage_taken":0,"relics_obtained":["Tiny Chest"],"max_hp_gain":0,"max_hp_loss":0,"event_name":"Addict","floor":22,"gold_loss":0,"cards_obtained":["Shame"]},{"damage_healed":0,"gold_gain":0,"player_choice":"Paid Fearfully","damage_taken":0,"max_hp_gain":0,"max_hp_loss":0,"event_name":"Masked Bandits","floor":29,"gold_loss":103}],"is_beta":false,"boss_relics":[{"not_picked":["Ectoplasm","Runic Dome"],"picked":"Astrolabe"}],"items_purged_floors":[28],"is_endless":false,"potions_floor_spawned":[4,10,18,25,30,31],"killed_by":"Automaton","ascension_level":19}