{"gold_per_floor":[19,19,35,35,35,60,60,94,120,70,90,151,151,181,181,280,280,295,295,314,314,326,360,377,410,447,459,506,126,126,140,140,243,243,256,276,276,288,288,317,317,349,421,421],"floor_reached":44,"playtime":1746,"items_purged":[],"score":569,"play_id":"27a33eb6-23d8-4847-87a0-809b4d86edf1","local_time":"20210912213850","is_ascension_mode":true,"campfire_choices":[{"data":"Barrage","floor":7,"key":"SMITH"},{"data":"Chaos","floor":13,"key":"SMITH"},{"data":"Biased Cognition","floor":15,"key":"SMITH"},{"floor":27,"key":"REST"},{"data":"Chill","floor":30,"key":"SMITH"},{"floor":32,"key":"RECALL"},{"floor":41,"key":"REST"}],"neow_cost":"NO_GOLD","seed_source_timestamp":3057894345700,"circlet_count":0,"master_deck":["Strike_B+1","Strike_B+1","Defend_B+1","Defend_B+1","Zap","Dualcast","Ball Lightning","Reinforced Body","Chaos+1","Auto Shields","Barrage+1","Chill+1","Biased Cognition+1","Meteor Strike+1","Meteor Strike+1","Barrage+1","Chaos+1","Reboot","Core Surge+1","Capacitor+1","Capacitor+1"],"relics":["Cracked Core","Oddly Smooth Stone","Vajra","Blood Vial","MealTicket","Molten Egg 2","Blue Candle","Nuclear Battery","Strawberry","MawBank","Bag of Marbles","Akabeko","DataDisk","Frozen Egg 2","Black Star","Peace Pipe","Smiling Mask","Boot","Toy Ornithopter","Ornamental Fan"],"potions_floor_usage":[12,16,23,25,42,44,44],"damage_taken":[{"damage":0,"enemies":"Small Slimes","floor":1,"turns":2},{"damage":0,"enemies":"2 Louse","floor":3,"turns":3},{"damage":6,"enemies":"Lagavulin","floor":6,"turns":6},{"damage":1,"enemies":"3 Sentries","floor":8,"turns":8},{"damage":0,"enemies":"Jaw Worm","floor":11,"turns":2},{"damage":13,"enemies":"Lagavulin Event","floor":12,"turns":4},{"damage":1,"enemies":"Lagavulin","floor":14,"turns":5},{"damage":3,"enemies":"The Guardian","floor":16,"turns":8},{"damage":0,"enemies":"3 Byrds","floor":18,"turns":4},{"damage":1,"enemies":"Chosen","floor":20,"turns":3},{"damage":1,"enemies":"3 Cultists","floor":22,"turns":5},{"damage":18,"enemies":"Slavers","floor":23,"turns":5},{"damage":8,"enemies":"Chosen and Byrds","floor":24,"turns":4},{"damage":8,"enemies":"Book of Stabbing","floor":25,"turns":3},{"damage":10,"enemies":"Slavers","floor":28,"turns":3},{"damage":0,"enemies":"Sentry and Sphere","floor":31,"turns":3},{"damage":45,"enemies":"Automaton","floor":33,"turns":12},{"damage":0,"enemies":"3 Shapes","floor":35,"turns":3},{"damage":0,"enemies":"Orb Walker","floor":36,"turns":2},{"damage":18,"enemies":"4 Shapes","floor":38,"turns":6},{"damage":45,"enemies":"Nemesis","floor":40,"turns":7},{"damage":44,"enemies":"Giant Head","floor":42,"turns":7},{"damage":33,"enemies":"Reptomancer","floor":44,"turns":2}],"seed_played":"-2724470979681235990","potions_obtained":[{"floor":1,"key":"Ancient Potion"},{"floor":3,"key":"Strength Potion"},{"floor":11,"key":"Regen Potion"},{"floor":12,"key":"SneckoOil"},{"floor":20,"key":"Weak Potion"},{"floor":24,"key":"DistilledChaos"},{"floor":25,"key":"Strength Potion"},{"floor":31,"key":"FocusPotion"},{"floor":42,"key":"SkillPotion"}],"is_trial":false,"path_per_floor":["M","?","M","$","?","E","R","E","T","?","M","?","R","E","R","B",null,"M","?","M","?","M","E","M","E","T","R","E","$","R","M","R","B",null,"M","M","$","M","?","E","R","E","T","E"],"character_chosen":"DEFECT","items_purchased":["DataDisk","Frozen Egg 2"],"campfire_rested":2,"item_purchase_floors":[29,29],"current_hp_per_floor":[75,75,75,75,72,66,66,65,65,65,67,56,56,57,57,56,75,75,75,74,74,74,64,58,52,52,76,68,82,82,82,82,37,82,82,82,82,64,64,21,44,17,17,0],"gold":421,"neow_bonus":"TRANSFORM_TWO_CARDS","is_prod":false,"is_daily":false,"chose_seed":false,"campfire_upgraded":4,"win_rate":0,"timestamp":1631475530,"path_taken":["M","?","M","$","?","E","R","E","T","?","?","?","R","E","R","BOSS","M","?","M","?","M","E","M","E","T","R","E","?","R","M","R","BOSS","M","M","$","M","?","E","R","E","T","E"],"build_version":"2020-12-22","purchased_purges":0,"victory":false,"max_hp_per_floor":[75,75,75,75,75,75,75,75,75,75,75,75,75,75,75,75,75,75,75,75,75,75,82,82,82,82,82,82,82,82,82,82,82,82,82,82,82,82,78,78,78,78,78,78],"card_choices":[{"not_picked":["Rip and Tear","Steam Power"],"picked":"Chaos","floor":1},{"not_picked":["Glacier","Coolheaded"],"picked":"Barrage","floor":3},{"not_picked":["Reinforced Body","Redo"],"picked":"Chill","floor":6},{"not_picked":["Barrage","Gash"],"picked":"Biased Cognition","floor":8},{"not_picked":["Rebound","Leap","Ball Lightning"],"picked":"SKIP","floor":11},{"not_picked":["Beam Cell+1","Turbo"],"picked":"Meteor Strike+1","floor":14},{"not_picked":["Thunder Strike+1","Amplify"],"picked":"Meteor Strike+1","floor":16},{"not_picked":["Scrape+1","Sweeping Beam+1"],"picked":"Barrage+1","floor":18},{"not_picked":["Gash+1","Scrape+1","Reinforced Body"],"picked":"SKIP","floor":20},{"not_picked":["Streamline+1","Gash+1"],"picked":"Chaos+1","floor":22},{"not_picked":["Stack","Streamline+1","Beam Cell+1"],"picked":"SKIP","floor":23},{"not_picked":["Sunder+1","Ball Lightning+1"],"picked":"Reboot","floor":24},{"not_picked":["Gash+1","Turbo","Steam"],"picked":"SKIP","floor":25},{"not_picked":["Sweeping Beam+1","Steam+1","Redo"],"picked":"SKIP","floor":28},{"not_picked":["Steam","Sweeping Beam+1","Ball Lightning+1"],"picked":"SKIP","floor":31},{"not_picked":["Biased Cognition+1","Electrodynamics+1"],"picked":"Core Surge+1","floor":33},{"not_picked":["Undo","Hologram+1"],"picked":"Capacitor+1","floor":35},{"not_picked":["Beam Cell+1","Rebound+1","Gash+1"],"picked":"SKIP","floor":36},{"not_picked":["Thunder Strike+1","Leap+1","Steam Power+1"],"picked":"SKIP","floor":38},{"not_picked":["Turbo","Steam","Barrage+1"],"picked":"SKIP","floor":40},{"not_picked":["Fusion+1","Coolheaded+1"],"picked":"Capacitor+1","floor":42}],"player_experience":1623157,"relics_obtained":[{"floor":6,"key":"Vajra"},{"floor":8,"key":"Blood Vial"},{"floor":9,"key":"MealTicket"},{"floor":14,"key":"Blue Candle"},{"floor":23,"key":"Strawberry"},{"floor":25,"key":"MawBank"},{"floor":26,"key":"Bag of Marbles"},{"floor":28,"key":"Akabeko"},{"floor":40,"key":"Peace Pipe"},{"floor":40,"key":"Smiling Mask"},{"floor":42,"key":"Boot"},{"floor":42,"key":"Toy Ornithopter"},{"floor":43,"key":"Ornamental Fan"}],"event_choices":[{"damage_healed":0,"gold_gain":0,"cards_transformed":["Strike_B"],"player_choice":"Change","damage_taken":0,"max_hp_gain":0,"max_hp_loss":0,"event_name":"Living Wall","floor":2,"gold_loss":0,"cards_obtained":["Auto Shields"]},{"damage_healed":0,"gold_gain":0,"player_choice":"Success","damage_taken":3,"relics_obtained":["Oddly Smooth Stone"],"max_hp_gain":0,"max_hp_loss":0,"event_name":"Scrap Ooze","floor":5,"gold_loss":0},{"cards_removed":["Defend_B"],"damage_healed":0,"gold_gain":0,"player_choice":"Card Removal","damage_taken":0,"max_hp_gain":0,"max_hp_loss":0,"event_name":"The Cleric","floor":10,"gold_loss":50},{"damage_healed":0,"gold_gain":0,"player_choice":"Searched \u00272\u0027 times","damage_taken":0,"relics_obtained":["Molten Egg 2"],"max_hp_gain":0,"max_hp_loss":0,"event_name":"Dead Adventurer","floor":12,"gold_loss":0},{"damage_healed":0,"gold_gain":0,"player_choice":"Simplicity","damage_taken":0,"max_hp_gain":0,"max_hp_loss":0,"event_name":"Back to Basics","floor":19,"gold_loss":0,"cards_upgraded":["Strike_B","Strike_B","Defend_B","Defend_B"]},{"damage_healed":0,"gold_gain":0,"player_choice":"Ignored","damage_taken":0,"max_hp_gain":0,"max_hp_loss":0,"event_name":"Ghosts","floor":21,"gold_loss":0},{"damage_healed":0,"gold_gain":0,"player_choice":"Max HP","damage_taken":0,"max_hp_gain":0,"max_hp_loss":4,"event_name":"Winding Halls","floor":39,"gold_loss":0}],"is_beta":false,"boss_relics":[{"not_picked":["Runic Pyramid","FrozenCore"],"picked":"Nuclear Battery"},{"not_picked":["Coffee Dripper","Snecko Eye"],"picked":"Black Star"}],"items_purged_floors":[],"is_endless":false,"potions_floor_spawned":[1,3,11,12,20,24,25,31,35,40,42],"killed_by":"Reptomancer","ascension_level":1}