{"gold_per_floor":[118,136,136,96,96,129,144,144,144,180,195,236,411,426,426,554,554,575,575,575,593,289,289],"floor_reached":23,"playtime":670,"items_purged":["Doubt"],"score":246,"play_id":"f5183317-9057-4c0a-8f78-cd856af3ea03","local_time":"20210914092942","is_ascension_mode":true,"campfire_choices":[{"data":"Rainbow","floor":8,"key":"SMITH"},{"data":"Fusion","floor":15,"key":"SMITH"}],"neow_cost":"NONE","seed_source_timestamp":5572254338400,"circlet_count":0,"master_deck":["Strike_B","Strike_B","Strike_B","Strike_B","Defend_B","Defend_B","Defend_B","Defend_B","Zap","Dualcast","BootSequence","Chaos","Force Field","Rainbow+1","Ball Lightning","Buffer","Doom and Gloom","Amplify","Fusion+1","Machine Learning","Redo","Conserve Battery","Capacitor"],"relics":["Cracked Core","NeowsBlessing","Golden Idol","Shuriken","Bag of Marbles","Blue Candle","Bronze Scales","Inserter","MealTicket","Pen Nib"],"potions_floor_usage":[11,12,16,16,18,23],"damage_taken":[{"damage":0,"enemies":"Small Slimes","floor":1,"turns":1},{"damage":0,"enemies":"Jaw Worm","floor":2,"turns":1},{"damage":0,"enemies":"3 Sentries","floor":6,"turns":2},{"damage":0,"enemies":"Cultist","floor":7,"turns":4},{"damage":28,"enemies":"Gremlin Nob","floor":10,"turns":4},{"damage":0,"enemies":"2 Fungi Beasts","floor":11,"turns":2},{"damage":5,"enemies":"Lagavulin","floor":12,"turns":7},{"damage":0,"enemies":"Looter","floor":14,"turns":2},{"damage":30,"enemies":"Hexaghost","floor":16,"turns":9},{"damage":16,"enemies":"Chosen","floor":18,"turns":5},{"damage":5,"enemies":"3 Byrds","floor":21,"turns":3},{"damage":70,"enemies":"Slavers","floor":23,"turns":6}],"seed_played":"-7496683212966153394","potions_obtained":[{"floor":1,"key":"SkillPotion"},{"floor":2,"key":"ColorlessPotion"},{"floor":10,"key":"ColorlessPotion"},{"floor":12,"key":"DistilledChaos"},{"floor":16,"key":"Weak Potion"},{"floor":18,"key":"EssenceOfSteel"}],"is_trial":false,"path_per_floor":["M","M","?","$","?","E","M","R","T","E","M","E","?","M","R","B",null,"M","?","?","M","$","E"],"character_chosen":"DEFECT","items_purchased":["Force Field","Pen Nib","Capacitor"],"campfire_rested":0,"item_purchase_floors":[4,22,22],"current_hp_per_floor":[75,75,75,75,75,75,75,75,75,47,47,42,42,42,42,12,75,59,59,59,54,69,0],"gold":289,"neow_bonus":"THREE_ENEMY_KILL","is_prod":false,"is_daily":false,"chose_seed":false,"campfire_upgraded":2,"win_rate":0,"timestamp":1631604582,"path_taken":["M","M","?","$","?","E","M","R","T","E","?","E","?","M","R","BOSS","M","?","?","?","$","E"],"build_version":"2020-12-22","purchased_purges":1,"victory":false,"max_hp_per_floor":[75,75,75,75,75,75,75,75,75,75,75,75,75,75,75,75,75,75,75,75,75,75,75],"card_choices":[{"not_picked":["Self Repair","Rebound"],"picked":"BootSequence","floor":1},{"not_picked":["Aggregate","Beam Cell"],"picked":"Chaos","floor":2},{"not_picked":["Turbo","Blizzard"],"picked":"Rainbow","floor":6},{"not_picked":["Gash","Undo"],"picked":"Ball Lightning","floor":7},{"not_picked":["Hologram","Reprogram"],"picked":"Buffer","floor":10},{"not_picked":["Turbo","Hello World"],"picked":"Doom and Gloom","floor":11},{"not_picked":["Recycle","Redo"],"picked":"Amplify","floor":12},{"not_picked":["FTL","Recycle"],"picked":"Fusion","floor":14},{"not_picked":["Thunder Strike","All For One"],"picked":"Machine Learning","floor":16},{"not_picked":["Sweeping Beam","Steam+1"],"picked":"Redo","floor":18},{"not_picked":["Hologram","Doom and Gloom+1"],"picked":"Conserve Battery","floor":21}],"player_experience":1624919,"relics_obtained":[{"floor":6,"key":"Shuriken"},{"floor":9,"key":"Bag of Marbles"},{"floor":10,"key":"Blue Candle"},{"floor":12,"key":"Bronze Scales"},{"floor":20,"key":"MealTicket"}],"event_choices":[{"damage_healed":0,"gold_gain":0,"player_choice":"Take Wound","damage_taken":0,"relics_obtained":["Golden Idol"],"max_hp_gain":0,"max_hp_loss":0,"event_name":"Golden Idol","floor":3,"gold_loss":0,"cards_obtained":["Injury"]},{"cards_removed":["Injury"],"damage_healed":0,"gold_gain":0,"player_choice":"Purged","damage_taken":0,"max_hp_gain":0,"max_hp_loss":0,"event_name":"Purifier","floor":5,"gold_loss":0},{"damage_healed":0,"gold_gain":175,"player_choice":"AGREE","damage_taken":0,"max_hp_gain":0,"max_hp_loss":0,"event_name":"Liars Game","floor":13,"gold_loss":0,"cards_obtained":["Doubt"]},{"damage_healed":0,"gold_gain":0,"player_choice":"Ignored","damage_taken":0,"max_hp_gain":0,"max_hp_loss":0,"event_name":"Ghosts","floor":19,"gold_loss":0},{"damage_healed":0,"gold_gain":0,"player_choice":"Relic","damage_taken":0,"max_hp_gain":0,"max_hp_loss":0,"event_name":"Wheel of Change","floor":20,"gold_loss":0}],"is_beta":false,"boss_relics":[{"not_picked":["Astrolabe","Tiny House"],"picked":"Inserter"}],"items_purged_floors":[22],"is_endless":false,"potions_floor_spawned":[1,2,10,12,16,18],"killed_by":"Slavers","ascension_level":1}