{"gold_per_floor":[109,109,123,135,149,174,174,207,207,207,207,207,43,43,43,121,121,98,98,48,67,67,101,101,118,118,129,159,159,83,115,115,192,192,206,221,221,236,1235,1235,1235,1235,1259,409,444,462,494,514,514,514],"floor_reached":51,"playtime":2127,"items_purged":["Regret","Normality"],"score":1506,"play_id":"190a4028-308b-4faa-a3f7-42a9551823e3","local_time":"20210908103810","is_ascension_mode":true,"campfire_choices":[{"data":"Capacitor","floor":7,"key":"SMITH"},{"floor":12,"key":"REST"},{"data":"Defragment","floor":15,"key":"SMITH"},{"floor":24,"key":"REST"},{"data":"Blizzard","floor":29,"key":"SMITH"},{"floor":32,"key":"DIG"},{"floor":40,"key":"REST"},{"floor":42,"key":"DIG"},{"floor":49,"key":"REST"}],"neow_cost":"NONE","seed_source_timestamp":4485652680600,"circlet_count":0,"master_deck":["AscendersBane","Strike_B","Strike_B","Strike_B","Strike_B+1","Defend_B+1","Defend_B","Defend_B","Zap","Dualcast","Coolheaded","Seek","Capacitor+1","Coolheaded","Cold Snap","Redo","FTL","Defragment+1","Core Surge","Tempest","Glacier","Blizzard+1","Blizzard","Blizzard","Conserve Battery+1","Echo Form+1","Defragment+1","Electrodynamics","Barrage","Normality","Chill","Defragment"],"relics":["Cracked Core","NeowsBlessing","Lizard Tail","Pen Nib","Pear","Emotion Chip","Sundial","Meat on the Bone","Inserter","Bottled Tornado","Gambling Chip","Question Card","Orichalcum","Shovel","CaptainsWheel","Fusion Hammer","Shuriken","Blood Vial","Peace Pipe","Prayer Wheel","Toxic Egg 2","The Courier"],"potions_floor_usage":[8,31,50],"damage_taken":[{"damage":0,"enemies":"2 Louse","floor":1,"turns":1},{"damage":0,"enemies":"Cultist","floor":3,"turns":1},{"damage":0,"enemies":"Jaw Worm","floor":4,"turns":1},{"damage":2,"enemies":"2 Fungi Beasts","floor":5,"turns":5},{"damage":22,"enemies":"Lagavulin","floor":6,"turns":11},{"damage":27,"enemies":"3 Sentries","floor":8,"turns":10},{"damage":22,"enemies":"Hexaghost","floor":16,"turns":12},{"damage":22,"enemies":"2 Thieves","floor":18,"turns":4},{"damage":6,"enemies":"Spheric Guardian","floor":21,"turns":6},{"damage":28,"enemies":"Book of Stabbing","floor":23,"turns":8},{"damage":7,"enemies":"Snecko","floor":25,"turns":8},{"damage":26,"enemies":"Snake Plant","floor":27,"turns":6},{"damage":66,"enemies":"Slavers","floor":28,"turns":6},{"damage":15,"enemies":"Book of Stabbing","floor":31,"turns":6},{"damage":3,"enemies":"Champ","floor":33,"turns":13},{"damage":20,"enemies":"3 Darklings","floor":35,"turns":5},{"damage":21,"enemies":"3 Shapes","floor":36,"turns":2},{"damage":33,"enemies":"Spire Growth","floor":38,"turns":6},{"damage":26,"enemies":"Giant Head","floor":45,"turns":11},{"damage":2,"enemies":"Writhing Mass","floor":46,"turns":9},{"damage":3,"enemies":"Nemesis","floor":47,"turns":7},{"damage":13,"enemies":"Jaw Worm Horde","floor":48,"turns":3},{"damage":29,"enemies":"Donu and Deca","floor":50,"turns":7}],"seed_played":"262947610931920308","potions_obtained":[{"floor":4,"key":"FairyPotion"},{"floor":5,"key":"Regen Potion"},{"floor":16,"key":"SteroidPotion"},{"floor":28,"key":"SpeedPotion"},{"floor":31,"key":"LiquidBronze"},{"floor":47,"key":"FocusPotion"}],"is_trial":false,"path_per_floor":["M","?","M","M","M","E","R","E","T","T","?","R","$","?","R","B",null,"M","?","?","M","T","E","R","M","T","M","E","R","$","E","R","B",null,"M","M","?","M","?","R","?","R","T","$","E","M","E","M","R","B",null],"character_chosen":"DEFECT","items_purchased":["Defragment","Echo Form","Peace Pipe","Prayer Wheel","Chill"],"campfire_rested":4,"item_purchase_floors":[13,30,44,44,44],"current_hp_per_floor":[64,64,64,64,62,40,40,28,38,38,38,62,62,44,44,34,69,47,47,47,41,41,25,49,42,42,28,41,41,41,38,38,47,73,53,44,44,23,23,47,47,47,47,47,35,47,46,47,71,44],"gold":514,"neow_bonus":"THREE_ENEMY_KILL","is_prod":false,"is_daily":false,"chose_seed":false,"campfire_upgraded":3,"win_rate":0,"timestamp":1631090290,"path_taken":["M","?","?","?","M","E","R","E","T","?","?","R","$","?","R","BOSS","M","?","?","?","?","E","R","M","T","M","E","R","?","E","R","BOSS","M","M","?","?","?","R","?","R","T","$","E","M","E","M","R","BOSS"],"build_version":"2020-12-22","purchased_purges":2,"victory":true,"max_hp_per_floor":[71,71,71,71,71,71,71,71,81,81,81,81,81,81,81,81,81,81,81,81,81,81,81,81,81,81,81,81,81,81,81,81,81,81,81,81,81,81,81,81,81,81,81,81,81,81,81,81,81,81],"card_choices":[{"not_picked":["Sunder","Leap"],"picked":"Coolheaded","floor":1},{"not_picked":["Conserve Battery","Go for the Eyes"],"picked":"Capacitor","floor":3},{"not_picked":["Loop","Leap"],"picked":"Coolheaded","floor":4},{"not_picked":["Leap","Darkness"],"picked":"Cold Snap","floor":5},{"not_picked":["Ball Lightning","Reboot"],"picked":"Redo","floor":6},{"not_picked":["Cold Snap","Recycle"],"picked":"FTL","floor":8},{"not_picked":["Multi-Cast","Reboot"],"picked":"Core Surge","floor":16},{"not_picked":["Compile Driver","Sweeping Beam+1"],"picked":"Tempest","floor":18},{"not_picked":["Compile Driver","Rebound+1","Hello World"],"picked":"SKIP","floor":21},{"not_picked":["Rebound","Stack"],"picked":"Blizzard","floor":23},{"not_picked":["Fusion","Genetic Algorithm"],"picked":"Blizzard","floor":25},{"not_picked":["Lockon","Aggregate","Melter"],"picked":"Blizzard","floor":27},{"not_picked":["Streamline+1","Double Energy","Auto Shields"],"picked":"Conserve Battery+1","floor":28},{"not_picked":["Thunder Strike","Melter","Tempest"],"picked":"Defragment+1","floor":31},{"not_picked":["Core Surge","Biased Cognition","Hyperbeam"],"picked":"Electrodynamics","floor":33},{"not_picked":["Steam+1","Glacier","Conserve Battery","Cold Snap+1"],"picked":"SKIP","floor":35},{"not_picked":["Cold Snap","Steam","Doom and Gloom"],"picked":"Barrage","floor":36},{"not_picked":["Barrage","Go for the Eyes","Turbo","Auto Shields"],"picked":"SKIP","floor":38},{"not_picked":["Core Surge","Streamline","Genetic Algorithm+1"],"picked":"Defragment","floor":45},{"not_picked":["Coolheaded+1","Loop+1","Darkness+1","Streamline"],"picked":"SKIP","floor":46},{"not_picked":["Ball Lightning","Scrape","Leap+1","Steam+1"],"picked":"SKIP","floor":46},{"not_picked":["Double Energy+1","Storm","Go for the Eyes","Static Discharge+1"],"picked":"SKIP","floor":47},{"not_picked":["Sweeping Beam","Recycle+1","FTL+1","Doom and Gloom"],"picked":"SKIP","floor":48},{"not_picked":["Conserve Battery+1","Steam Power+1","Melter","Go for the Eyes+1"],"picked":"SKIP","floor":48}],"player_experience":1618476,"relics_obtained":[{"floor":6,"key":"Lizard Tail"},{"floor":8,"key":"Pen Nib"},{"floor":9,"key":"Pear"},{"floor":10,"key":"Emotion Chip"},{"floor":22,"key":"Bottled Tornado"},{"floor":23,"key":"Gambling Chip"},{"floor":26,"key":"Question Card"},{"floor":28,"key":"Orichalcum"},{"floor":31,"key":"Shovel"},{"floor":32,"key":"CaptainsWheel"},{"floor":42,"key":"Shuriken"},{"floor":43,"key":"Blood Vial"},{"floor":45,"key":"Toxic Egg 2"},{"floor":47,"key":"The Courier"}],"event_choices":[{"damage_healed":0,"gold_gain":0,"player_choice":"1 cards matched","damage_taken":0,"max_hp_gain":0,"max_hp_loss":0,"event_name":"Match and Keep!","floor":2,"gold_loss":0,"cards_obtained":["Seek"]},{"damage_healed":0,"gold_gain":0,"player_choice":"Box","damage_taken":0,"relics_obtained":["Sundial"],"max_hp_gain":0,"max_hp_loss":0,"event_name":"Big Fish","floor":11,"gold_loss":0,"cards_obtained":["Regret"]},{"damage_healed":0,"gold_gain":0,"player_choice":"Success","damage_taken":18,"relics_obtained":["Meat on the Bone"],"max_hp_gain":0,"max_hp_loss":0,"event_name":"Scrap Ooze","floor":14,"gold_loss":0},{"damage_healed":0,"gold_gain":0,"player_choice":"Read","damage_taken":0,"max_hp_gain":0,"max_hp_loss":0,"event_name":"The Library","floor":19,"gold_loss":0,"cards_obtained":["Glacier"]},{"damage_healed":0,"gold_gain":0,"player_choice":"Upgraded Two","damage_taken":0,"max_hp_gain":0,"max_hp_loss":0,"event_name":"Designer","floor":20,"gold_loss":50,"cards_upgraded":["Strike_B","Defend_B"]},{"damage_healed":0,"gold_gain":0,"player_choice":"Upgraded","damage_taken":0,"max_hp_gain":0,"max_hp_loss":0,"event_name":"Upgrade Shrine","floor":37,"gold_loss":0,"cards_upgraded":["Echo Form"]},{"damage_healed":0,"gold_gain":999,"player_choice":"Gold","damage_taken":0,"max_hp_gain":0,"max_hp_loss":0,"event_name":"MindBloom","floor":39,"gold_loss":0,"cards_obtained":["Normality","Normality"]},{"cards_removed":["Defend_B"],"damage_healed":0,"gold_gain":0,"player_choice":"Removed Skill","damage_taken":0,"max_hp_gain":0,"max_hp_loss":0,"event_name":"Falling","floor":41,"gold_loss":0}],"is_beta":false,"boss_relics":[{"not_picked":["Nuclear Battery","SacredBark"],"picked":"Inserter"},{"not_picked":["Empty Cage","Pandora\u0027s Box"],"picked":"Fusion Hammer"}],"items_purged_floors":[13,44],"is_endless":false,"potions_floor_spawned":[4,5,16,18,25,28,31,38,47,48],"ascension_level":19}