{"gold_per_floor":[116,66,77,77,89,89,103,135,135,164,175,206,206,235,235,340,340,352,352,272,305,323,355,355,390,417,417,417,111,111,144,144,243,243,261,261,261,271,289,323,323,97,123,142,168,168,198,198,198,198],"floor_reached":51,"playtime":1726,"items_purged":["Doubt"],"score":959,"play_id":"dd16bf7d-4ebf-4859-8b37-ab85b9426778","local_time":"20210914095901","is_ascension_mode":true,"campfire_choices":[{"data":"Electrodynamics","floor":6,"key":"SMITH"},{"data":"Defragment","floor":13,"key":"SMITH"},{"floor":15,"key":"REST"},{"floor":24,"key":"REST"},{"data":"Defragment","floor":27,"key":"SMITH"},{"data":"Rainbow","floor":32,"key":"SMITH"},{"floor":46,"key":"REST"},{"floor":49,"key":"REST"}],"neow_cost":"CURSE","seed_source_timestamp":6255968240800,"circlet_count":0,"master_deck":["Strike_B+1","Strike_B+1","Strike_B+1","Defend_B+1","Defend_B+1","Defend_B+1","Defend_B+1","Zap","Dualcast","Electrodynamics+1","Storm","Ball Lightning","Ball Lightning","Fusion","Redo","Compile Driver+1","Defragment+1","Rip and Tear+1","Heatsinks","Rainbow+1","Capacitor","Defragment+1","Conserve Battery+1","Stack","Chaos+1","Redo+1","Meteor Strike+1","Swift Strike+1","HandOfGreed+1","Defragment+1","Biased Cognition","Tempest","White Noise+1","Decay"],"relics":["Cracked Core","Oddly Smooth Stone","Pear","Molten Egg 2","White Beast Statue","Darkstone Periapt","SacredBark","Red Mask","Toy Ornithopter","StrikeDummy","Vajra","Centennial Puzzle","OrangePellets","Anchor","Bird Faced Urn","SlaversCollar","Boot","DataDisk","Bag of Preparation","TungstenRod"],"potions_floor_usage":[8,12,14,18,21,23,25,25,25,33,38,40,44,47,50,50,50],"damage_taken":[{"damage":6,"enemies":"Jaw Worm","floor":1,"turns":3},{"damage":0,"enemies":"Small Slimes","floor":3,"turns":2},{"damage":1,"enemies":"Cultist","floor":5,"turns":3},{"damage":0,"enemies":"Exordium Thugs","floor":7,"turns":2},{"damage":18,"enemies":"Lagavulin","floor":8,"turns":4},{"damage":16,"enemies":"Gremlin Nob","floor":10,"turns":3},{"damage":0,"enemies":"3 Louse","floor":11,"turns":1},{"damage":12,"enemies":"3 Sentries","floor":12,"turns":3},{"damage":8,"enemies":"Lagavulin","floor":14,"turns":4},{"damage":0,"enemies":"Slime Boss","floor":16,"turns":4},{"damage":24,"enemies":"2 Thieves","floor":18,"turns":3},{"damage":29,"enemies":"Masked Bandits","floor":21,"turns":3},{"damage":6,"enemies":"Spheric Guardian","floor":22,"turns":3},{"damage":4,"enemies":"Gremlin Leader","floor":23,"turns":6},{"damage":12,"enemies":"Book of Stabbing","floor":25,"turns":3},{"damage":0,"enemies":"Gremlin Leader","floor":31,"turns":5},{"damage":24,"enemies":"Automaton","floor":33,"turns":7},{"damage":13,"enemies":"Orb Walker","floor":35,"turns":3},{"damage":27,"enemies":"3 Darklings","floor":38,"turns":3},{"damage":30,"enemies":"Writhing Mass","floor":39,"turns":5},{"damage":29,"enemies":"Nemesis","floor":40,"turns":5},{"damage":0,"enemies":"Transient","floor":44,"turns":5},{"damage":65,"enemies":"Giant Head","floor":45,"turns":8},{"damage":58,"enemies":"Reptomancer","floor":47,"turns":6},{"damage":29,"enemies":"Time Eater","floor":50,"turns":5}],"seed_played":"-5477227215987806515","potions_obtained":[{"floor":7,"key":"BlessingOfTheForge"},{"floor":10,"key":"ColorlessPotion"},{"floor":12,"key":"Weak Potion"},{"floor":14,"key":"Energy Potion"},{"floor":16,"key":"FearPotion"},{"floor":18,"key":"AttackPotion"},{"floor":21,"key":"Swift Potion"},{"floor":22,"key":"SkillPotion"},{"floor":23,"key":"DistilledChaos"},{"floor":25,"key":"DistilledChaos"},{"floor":31,"key":"EssenceOfSteel"},{"floor":33,"key":"SkillPotion"},{"floor":35,"key":"BlessingOfTheForge"},{"floor":38,"key":"DuplicationPotion"},{"floor":39,"key":"FocusPotion"},{"floor":40,"key":"AttackPotion"},{"floor":44,"key":"LiquidBronze"},{"floor":47,"key":"Ancient Potion"}],"is_trial":false,"path_per_floor":["M","?","M","?","M","R","M","E","T","E","M","E","R","E","R","B",null,"M","?","$","?","M","E","R","E","T","R","T","$","?","E","R","B",null,"M","?","?","M","M","E","?","$","T","M","E","R","E","?","R","B",null],"character_chosen":"DEFECT","items_purchased":["Defragment","OrangePellets","Anchor","DataDisk"],"campfire_rested":4,"item_purchase_floors":[20,29,29,42],"current_hp_per_floor":[69,69,69,69,68,68,68,50,60,44,44,32,32,24,49,49,85,61,61,61,32,26,22,47,50,50,50,50,50,50,50,50,43,85,76,66,66,54,38,30,91,91,91,91,30,57,16,22,51,55],"gold":198,"neow_bonus":"THREE_RARE_CARDS","is_prod":false,"is_daily":false,"chose_seed":false,"campfire_upgraded":4,"win_rate":0,"timestamp":1631606341,"path_taken":["M","?","M","?","?","R","M","E","T","E","M","E","R","E","R","BOSS","M","?","$","?","M","E","R","E","T","R","?","$","?","E","R","BOSS","M","?","?","?","M","E","?","$","T","M","E","R","E","?","R","BOSS"],"build_version":"2020-12-22","purchased_purges":1,"victory":true,"max_hp_per_floor":[75,75,75,75,75,75,75,75,85,85,85,85,85,85,85,85,85,85,85,85,85,85,85,85,85,85,85,85,85,85,85,85,85,85,85,85,85,85,85,85,91,91,91,91,91,91,91,97,97,97],"card_choices":[{"not_picked":["Seek","Hyperbeam"],"picked":"Electrodynamics","floor":0},{"not_picked":["Turbo","Coolheaded"],"picked":"Storm","floor":1},{"not_picked":["Barrage","Steam"],"picked":"Ball Lightning","floor":3},{"not_picked":["Turbo","Gash"],"picked":"Ball Lightning","floor":5},{"not_picked":["Reboot","Melter"],"picked":"Fusion","floor":7},{"not_picked":["Steam","Coolheaded"],"picked":"Redo","floor":8},{"not_picked":["Stack","Skim"],"picked":"Compile Driver+1","floor":10},{"not_picked":["White Noise","Loop"],"picked":"Defragment","floor":11},{"not_picked":["All For One+1","Sunder+1"],"picked":"Rip and Tear+1","floor":12},{"not_picked":["Steam","Storm"],"picked":"Heatsinks","floor":14},{"not_picked":["Buffer","Seek"],"picked":"Rainbow","floor":16},{"not_picked":["Sweeping Beam+1","Hologram","Blizzard+1"],"picked":"SKIP","floor":18},{"not_picked":["Rebound+1","Genetic Algorithm"],"picked":"Conserve Battery+1","floor":21},{"not_picked":["Darkness","Redo"],"picked":"Stack","floor":22},{"not_picked":["Beam Cell+1","Sweeping Beam+1","Turbo"],"picked":"SKIP","floor":23},{"not_picked":["Tempest","Blizzard+1"],"picked":"Chaos+1","floor":25},{"not_picked":["Ball Lightning+1","Conserve Battery+1"],"picked":"Redo+1","floor":31},{"not_picked":["Thunder Strike+1","Reboot"],"picked":"Meteor Strike+1","floor":33},{"not_picked":["Hologram","Blizzard+1","Beam Cell+1"],"picked":"SKIP","floor":35},{"not_picked":["Madness","Forethought"],"picked":"Swift Strike+1","floor":36},{"not_picked":["Enlightenment","Forethought"],"picked":"HandOfGreed+1","floor":36},{"not_picked":["Genetic Algorithm","Skim","Barrage+1"],"picked":"SKIP","floor":38},{"not_picked":["Barrage+1","Beam Cell+1"],"picked":"Biased Cognition","floor":39},{"not_picked":["Cold Snap+1","Gash+1"],"picked":"Tempest","floor":40},{"not_picked":["Beam Cell+1","Undo+1","Streamline+1"],"picked":"SKIP","floor":44},{"not_picked":["Redo+1","Melter+1","Hyperbeam+1"],"picked":"SKIP","floor":45},{"not_picked":["Coolheaded+1","Streamline+1"],"picked":"White Noise+1","floor":47}],"player_experience":1625589,"relics_obtained":[{"floor":8,"key":"Oddly Smooth Stone"},{"floor":9,"key":"Pear"},{"floor":10,"key":"Molten Egg 2"},{"floor":12,"key":"White Beast Statue"},{"floor":14,"key":"Darkstone Periapt"},{"floor":21,"key":"Red Mask"},{"floor":23,"key":"Toy Ornithopter"},{"floor":25,"key":"StrikeDummy"},{"floor":26,"key":"Vajra"},{"floor":28,"key":"Centennial Puzzle"},{"floor":31,"key":"Bird Faced Urn"},{"floor":40,"key":"Boot"},{"floor":45,"key":"Bag of Preparation"},{"floor":47,"key":"TungstenRod"}],"event_choices":[{"cards_removed":["Doubt"],"damage_healed":0,"gold_gain":0,"player_choice":"Card Removal","damage_taken":0,"max_hp_gain":0,"max_hp_loss":0,"event_name":"The Cleric","floor":2,"gold_loss":50},{"cards_removed":["Strike_B"],"damage_healed":0,"gold_gain":0,"player_choice":"Purged","damage_taken":0,"max_hp_gain":0,"max_hp_loss":0,"event_name":"Purifier","floor":4,"gold_loss":0},{"damage_healed":0,"gold_gain":0,"player_choice":"Read","damage_taken":0,"max_hp_gain":0,"max_hp_loss":0,"event_name":"The Library","floor":19,"gold_loss":0,"cards_obtained":["Capacitor"]},{"damage_healed":0,"gold_gain":0,"player_choice":"Fought Bandits","damage_taken":0,"max_hp_gain":0,"max_hp_loss":0,"event_name":"Masked Bandits","floor":21,"gold_loss":0},{"damage_healed":0,"gold_gain":0,"player_choice":"Simplicity","damage_taken":0,"max_hp_gain":0,"max_hp_loss":0,"event_name":"Back to Basics","floor":30,"gold_loss":0,"cards_upgraded":["Strike_B","Strike_B","Strike_B","Defend_B","Defend_B","Defend_B","Defend_B"]},{"damage_healed":0,"gold_gain":0,"player_choice":"Memory 3","damage_taken":10,"max_hp_gain":0,"max_hp_loss":0,"event_name":"SensoryStone","floor":36,"gold_loss":0},{"damage_healed":0,"gold_gain":0,"player_choice":"Copied","damage_taken":0,"max_hp_gain":0,"max_hp_loss":0,"event_name":"Duplicator","floor":37,"gold_loss":0,"cards_obtained":["Defragment"]},{"damage_healed":55,"gold_gain":0,"player_choice":"Heal","damage_taken":0,"max_hp_gain":0,"max_hp_loss":0,"event_name":"MindBloom","floor":41,"gold_loss":0,"cards_obtained":["Doubt"]},{"damage_healed":0,"gold_gain":0,"player_choice":"Cursed","damage_taken":0,"max_hp_gain":0,"max_hp_loss":0,"event_name":"Wheel of Change","floor":48,"gold_loss":0,"cards_obtained":["Decay"]}],"is_beta":false,"boss_relics":[{"not_picked":["Philosopher\u0027s Stone","Runic Dome"],"picked":"SacredBark"},{"not_picked":["Runic Pyramid","Astrolabe"],"picked":"SlaversCollar"}],"items_purged_floors":[42],"is_endless":false,"potions_floor_spawned":[7,10,12,14,16,18,21,22,23,25,31,33,35,38,39,40,44,45,47],"ascension_level":1}