{"gold_per_floor":[111,38,61,61,81,116,131,159,159,159,159,159,189,202,202,305,305,316,329,329,344,344,344,376,376,376,396,413,446,446,473,473,570,570,587,444,464,222,222,253,271,271,271,290,307,332,358,385,385,385],"floor_reached":50,"playtime":1633,"items_purged":[],"score":715,"play_id":"95f81066-6299-487d-a540-f4755e3f786a","local_time":"20211201223744","is_ascension_mode":true,"campfire_choices":[{"data":"Electrodynamics","floor":10.0,"key":"SMITH"},{"data":"Reinforced Body","floor":12.0,"key":"SMITH"},{"data":"Zap","floor":15.0,"key":"SMITH"},{"data":"Capacitor","floor":23,"key":"SMITH"},{"floor":25,"key":"REST"},{"floor":30,"key":"REST"},{"floor":32,"key":"REST"},{"floor":42,"key":"REST"},{"floor":49,"key":"REST"}],"neow_cost":"NONE","seed_source_timestamp":0,"circlet_count":0,"master_deck":["Strike_B+1","Defend_B","Defend_B","Zap+1","Dualcast","Reinforced Body+1","Fusion+1","Coolheaded","Electrodynamics+1","Biased Cognition","Chill+1","Blizzard+1","Thunder Strike","Buffer","Capacitor+1","Necronomicurse","Amplify"],"special_seed":0,"relics":["Cracked Core","NeowsBlessing","Whetstone","Letter Opener","Singing Bowl","Blood Vial","Astrolabe","Necronomicon","Bottled Tornado","HornCleat","Tiny Chest","Sundial","Inserter","Runic Capacitor","Cables","Symbiotic Virus","Bronze Scales","Potion Belt","Akabeko","PreservedInsect"],"potions_floor_usage":[24,31,31,37],"damage_taken":[{"damage":0.0,"enemies":"Cultist","floor":1.0,"turns":1.0},{"damage":0.0,"enemies":"Jaw Worm","floor":5.0,"turns":1.0},{"damage":0.0,"enemies":"Gremlin Nob","floor":6.0,"turns":1.0},{"damage":0.0,"enemies":"2 Louse","floor":7.0,"turns":2.0},{"damage":9.0,"enemies":"3 Sentries","floor":8.0,"turns":3.0},{"damage":20.0,"enemies":"Lagavulin","floor":13.0,"turns":8.0},{"damage":3.0,"enemies":"Blue Slaver","floor":14.0,"turns":4.0},{"damage":30.0,"enemies":"Hexaghost","floor":16.0,"turns":13.0},{"damage":0,"enemies":"Spheric Guardian","floor":18,"turns":3},{"damage":11,"enemies":"2 Thieves","floor":19,"turns":3},{"damage":0,"enemies":"Centurion and Healer","floor":21,"turns":3},{"damage":54,"enemies":"Book of Stabbing","floor":24,"turns":6},{"damage":0,"enemies":"Snecko","floor":27,"turns":6},{"damage":11,"enemies":"Chosen and Byrds","floor":28,"turns":5},{"damage":12,"enemies":"Gremlin Leader","floor":29,"turns":5},{"damage":8,"enemies":"Slavers","floor":31,"turns":3},{"damage":10,"enemies":"Champ","floor":33,"turns":9},{"damage":5,"enemies":"3 Shapes","floor":35,"turns":5},{"damage":17,"enemies":"Orb Walker","floor":37,"turns":5},{"damage":44,"enemies":"Reptomancer","floor":40,"turns":6},{"damage":3,"enemies":"Sphere and 2 Shapes","floor":41,"turns":3},{"damage":25,"enemies":"Spire Growth","floor":44,"turns":4},{"damage":1,"enemies":"4 Shapes","floor":45,"turns":4},{"damage":37,"enemies":"Giant Head","floor":46,"turns":8},{"damage":23,"enemies":"Nemesis","floor":48,"turns":9},{"damage":24,"enemies":"Time Eater","floor":50,"turns":2}],"seed_played":"1779216947509402197","potions_obtained":[{"floor":1.0,"key":"Fire Potion"},{"floor":5.0,"key":"Block Potion"},{"floor":8.0,"key":"FearPotion"},{"floor":19,"key":"LiquidBronze"},{"floor":24,"key":"Fire Potion"},{"floor":33,"key":"SteroidPotion"},{"floor":35,"key":"DistilledChaos"},{"floor":40,"key":"SpeedPotion"}],"is_trial":false,"path_per_floor":["M","$","T","$","M","E","M","E","T","R","?","R","E","M","R","B",null,"M","M","?","M","?","R","E","R","T","M","M","E","R","E","R","B",null,"M","$","M","$","?","E","M","R","T","M","M","E","T","E","R","B"],"character_chosen":"DEFECT","items_purchased":["Fusion","Runic Capacitor","Cables"],"campfire_rested":5,"item_purchase_floors":[2,36,38],"current_hp_per_floor":[75,75,75,75,75,75,75,68,68,68,68,68,50,51,51,23,81,83,74,74,76,60,60,10,36,36,40,33,25,52,48,76,68,95,92,92,79,79,84,44,45,75,75,54,57,24,24,5,38,16],"gold":385,"neow_bonus":"THREE_ENEMY_KILL","is_prod":false,"is_daily":false,"chose_seed":false,"campfire_upgraded":4,"win_rate":0,"timestamp":1638394664,"path_taken":["M","?","?","$","M","E","M","E","T","R","?","R","E","M","R","BOSS","M","?","?","M","?","R","E","R","T","M","M","E","R","E","R","BOSS","M","$","M","$","?","E","M","R","T","?","M","E","?","E","R","BOSS"],"build_version":"2020-12-22","purchased_purges":0,"victory":false,"max_hp_per_floor":[75,75,75,75,75,75,75,77,77,77,77,77,79,81,81,81,81,83,85,85,85,85,85,87,87,87,89,91,93,93,95,95,95,95,97,97,99,99,99,101,103,103,103,105,107,109,109,111,111,111],"card_choices":[{"not_picked":["Conserve Battery","Compile Driver"],"picked":"Reinforced Body","floor":1.0},{"not_picked":["BootSequence","Sweeping Beam"],"picked":"Coolheaded","floor":5.0},{"not_picked":["Gash","Compile Driver","Streamline"],"picked":"SKIP","floor":6.0},{"not_picked":["Sunder","Heatsinks"],"picked":"Electrodynamics","floor":7.0},{"not_picked":["Coolheaded","Sweeping Beam","Compile Driver"],"picked":"Singing Bowl","floor":8.0},{"not_picked":["Hologram","Sweeping Beam","Stack"],"picked":"Singing Bowl","floor":13.0},{"not_picked":["Turbo","Loop","Stack"],"picked":"Singing Bowl","floor":14.0},{"not_picked":["Electrodynamics","Hyperbeam"],"picked":"Biased Cognition","floor":16.0},{"not_picked":["Barrage","Redo","Cold Snap"],"picked":"Singing Bowl","floor":18},{"not_picked":["Steam Power","Glacier","Turbo"],"picked":"Singing Bowl","floor":19},{"not_picked":["Consume","Streamline+1"],"picked":"Capacitor","floor":21},{"not_picked":["Chill","Go for the Eyes","Lockon"],"picked":"Singing Bowl","floor":24},{"not_picked":["Turbo","Stack","Compile Driver"],"picked":"Singing Bowl","floor":27},{"not_picked":["Ball Lightning","Scrape","Sweeping Beam+1"],"picked":"Singing Bowl","floor":28},{"not_picked":["Leap","Sweeping Beam","Beam Cell+1"],"picked":"Singing Bowl","floor":29},{"not_picked":["Buffer","Fusion","Turbo"],"picked":"Singing Bowl","floor":31},{"not_picked":["Meteor Strike","Machine Learning"],"picked":"Amplify","floor":33},{"not_picked":["Scrape","Go for the Eyes","Steam"],"picked":"Singing Bowl","floor":35},{"not_picked":["Barrage","Compile Driver+1","Genetic Algorithm+1"],"picked":"Singing Bowl","floor":37},{"not_picked":["Beam Cell+1","Electrodynamics","Genetic Algorithm+1"],"picked":"Singing Bowl","floor":40},{"not_picked":["Static Discharge+1","Cold Snap","Ball Lightning"],"picked":"Singing Bowl","floor":41},{"not_picked":["Leap+1","Go for the Eyes","Redo+1"],"picked":"Singing Bowl","floor":44},{"not_picked":["Barrage+1","Beam Cell+1","Force Field+1"],"picked":"Singing Bowl","floor":45},{"not_picked":["Reprogram+1","Go for the Eyes","Tempest"],"picked":"Singing Bowl","floor":46},{"not_picked":["Sweeping Beam","Go for the Eyes+1","Turbo"],"picked":"Singing Bowl","floor":48}],"player_experience":1686051,"relics_obtained":[{"floor":3.0,"key":"Whetstone"},{"floor":6.0,"key":"Letter Opener"},{"floor":8.0,"key":"Singing Bowl"},{"floor":13.0,"key":"Blood Vial"},{"floor":22,"key":"Necronomicon"},{"floor":24,"key":"Bottled Tornado"},{"floor":26,"key":"HornCleat"},{"floor":29,"key":"Tiny Chest"},{"floor":31,"key":"Sundial"},{"floor":40,"key":"Symbiotic Virus"},{"floor":43,"key":"Bronze Scales"},{"floor":46,"key":"Potion Belt"},{"floor":47,"key":"Akabeko"},{"floor":48,"key":"PreservedInsect"}],"event_choices":[{"damage_healed":0.0,"max_hp_gain":0.0,"max_hp_loss":0.0,"gold_gain":0.0,"event_name":"Upgrade Shrine","player_choice":"Upgraded","floor":11.0,"gold_loss":0.0,"damage_taken":0.0,"cards_upgraded":["Fusion"]},{"damage_healed":0,"gold_gain":0,"cards_transformed":["Defend_B","Strike_B"],"player_choice":"Became Test Subject","damage_taken":0,"max_hp_gain":0,"max_hp_loss":0,"event_name":"Drug Dealer","floor":20,"gold_loss":0,"cards_obtained":["Thunder Strike","Buffer"]},{"damage_healed":0,"gold_gain":0,"player_choice":"Obtained Book","damage_taken":16,"max_hp_gain":0,"max_hp_loss":0,"event_name":"Cursed Tome","floor":22,"gold_loss":0},{"cards_removed":["Rebound"],"damage_healed":5,"gold_gain":0,"player_choice":"Offered Common","damage_taken":0,"max_hp_gain":0,"max_hp_loss":0,"event_name":"Bonfire Elementals","floor":39,"gold_loss":0},{"cards_removed":["Rebound"],"damage_healed":5,"gold_gain":0,"player_choice":"Offered Special","damage_taken":0,"max_hp_gain":0,"max_hp_loss":0,"event_name":"Bonfire Elementals","floor":39,"gold_loss":0}],"is_beta":false,"boss_relics":[{"not_picked":["Coffee Dripper","Runic Pyramid"],"picked":"Astrolabe"},{"not_picked":["Pandora\u0027s Box","Philosopher\u0027s Stone"],"picked":"Inserter"}],"items_purged_floors":[],"is_endless":false,"potions_floor_spawned":[1,5,8,19,24,27,28,33,35,40,45],"killed_by":"Time Eater","ascension_level":1}