{"gold_per_floor":[118,132,132,150,168,168,243,243,243,418,418,388],"floor_reached":12,"playtime":253,"items_purged":[],"score":68,"play_id":"3da1bd9f-0cb6-4269-a343-0df513425402","local_time":"20211129205500","is_ascension_mode":false,"campfire_choices":[{"data":"Zap","floor":6,"key":"SMITH"},{"data":"Dualcast","floor":8,"key":"SMITH"}],"neow_cost":"NONE","seed_source_timestamp":762258558470400,"circlet_count":0,"master_deck":["Strike_B","Strike_B","Strike_B","Strike_B","Defend_B","Defend_B","Defend_B","Defend_B","Zap+1","Dualcast+1","Ball Lightning","Leap","Decay","Thunder Strike","Chill","Doubt"],"relics":["Runic Pyramid"],"potions_floor_usage":[12],"damage_taken":[{"damage":1,"enemies":"Cultist","floor":1,"turns":4},{"damage":0,"enemies":"Small Slimes","floor":2,"turns":2},{"damage":2,"enemies":"2 Louse","floor":4,"turns":2},{"damage":5,"enemies":"2 Fungi Beasts","floor":5,"turns":4}],"seed_played":"-7889231724304971414","potions_obtained":[{"floor":4,"key":"SteroidPotion"},{"floor":5,"key":"SneckoOil"}],"is_trial":false,"path_per_floor":["M","M","?","M","M","R","?","R","T","?","?","M"],"character_chosen":"DEFECT","items_purchased":[],"campfire_rested":0,"item_purchase_floors":[],"current_hp_per_floor":[74,74,74,72,67,67,56,56,56,56,56,41],"gold":388,"neow_bonus":"BOSS_RELIC","is_prod":false,"is_daily":false,"chose_seed":false,"campfire_upgraded":2,"win_rate":0,"timestamp":1638215700,"path_taken":["M","M","?","?","M","R","?","R","T","?","?","M"],"build_version":"2020-12-22","purchased_purges":0,"victory":false,"max_hp_per_floor":[75,75,75,75,75,75,75,75,75,75,75,75],"card_choices":[{"not_picked":["Sweeping Beam","Blizzard"],"picked":"Ball Lightning","floor":1},{"not_picked":["Barrage","Compile Driver"],"picked":"Leap","floor":2},{"not_picked":["Leap","Go for the Eyes"],"picked":"Thunder Strike","floor":4},{"not_picked":["Blizzard","Cold Snap"],"picked":"Chill","floor":5}],"player_experience":1679980,"relics_obtained":[],"event_choices":[{"damage_healed":0,"gold_gain":0,"player_choice":"Cursed","damage_taken":0,"max_hp_gain":0,"max_hp_loss":0,"event_name":"Wheel of Change","floor":3,"gold_loss":0,"cards_obtained":["Decay"]},{"damage_healed":0,"gold_gain":75,"player_choice":"Gather Gold","damage_taken":11,"max_hp_gain":0,"max_hp_loss":0,"event_name":"World of Goop","floor":7,"gold_loss":0},{"damage_healed":0,"gold_gain":175,"player_choice":"AGREE","damage_taken":0,"max_hp_gain":0,"max_hp_loss":0,"event_name":"Liars Game","floor":10,"gold_loss":0,"cards_obtained":["Doubt"]},{"damage_healed":0,"gold_gain":0,"player_choice":"Searched \u00270\u0027 times","damage_taken":0,"max_hp_gain":0,"max_hp_loss":0,"event_name":"Dead Adventurer","floor":11,"gold_loss":0}],"is_beta":false,"boss_relics":[],"items_purged_floors":[],"is_endless":false,"potions_floor_spawned":[4,5],"killed_by":"Exordium Thugs","ascension_level":0}