{"gold_per_floor":[116,116,116,127,77,77,109,109,109,135,135,162,175,1,1,118,118,138,138,169,444,478,478,509,509,509,540,576,609,626,626,626,724,724,737,647,347,380,439,439,439,493,519,545,545,545,559,573,573,573],"floor_reached":51,"playtime":3409,"items_purged":[],"score":894,"play_id":"ac3e8040-c127-4fae-8e27-9154f84310d3","local_time":"20211129232314","is_ascension_mode":true,"campfire_choices":[{"data":"Doom and Gloom","floor":6.0,"key":"SMITH"},{"data":"Meteor Strike","floor":8.0,"key":"SMITH"},{"data":"Defragment","floor":15,"key":"SMITH"},{"floor":23,"key":"REST"},{"floor":25,"key":"REST"},{"floor":32,"key":"REST"},{"data":"Defragment","floor":40,"key":"SMITH"},{"data":"Meteor Strike","floor":46,"key":"SMITH"},{"data":"Creative AI","floor":49,"key":"SMITH"}],"neow_cost":"NONE","seed_source_timestamp":767971071854600,"circlet_count":0,"master_deck":["Strike_B","Strike_B+1","Defend_B","Defend_B","Defend_B","Zap","Dualcast","Doom and Gloom+1","Self Repair","Meteor Strike+1","Defragment+1","Meteor Strike+1","Fusion+1","Glacier+1","Chaos+1","Defragment+1","Chill","Core Surge","Ball Lightning+1","Aggregate+1","Panache","Leap+1","Creative AI+1"],"special_seed":0,"relics":["FrozenCore","NeowsBlessing","Happy Flower","Ginger","Pen Nib","Anchor","Ice Cream","Empty Cage","Cables","Regal Pillow","Omamori","ClockworkSouvenir","Art of War","Vajra","DataDisk","The Courier"],"potions_floor_usage":[24,29,29,33,42,44,50,50,50],"damage_taken":[{"damage":0.0,"enemies":"2 Louse","floor":1.0,"turns":1.0},{"damage":0.0,"enemies":"Small Slimes","floor":4.0,"turns":1.0},{"damage":0.0,"enemies":"3 Sentries","floor":7.0,"turns":1.0},{"damage":28.0,"enemies":"Gremlin Nob","floor":10.0,"turns":4.0},{"damage":2.0,"enemies":"3 Sentries","floor":12.0,"turns":4.0},{"damage":0.0,"enemies":"Jaw Worm","floor":13.0,"turns":3.0},{"damage":30,"enemies":"Slime Boss","floor":16,"turns":7},{"damage":19,"enemies":"Spheric Guardian","floor":18,"turns":4},{"damage":0,"enemies":"Chosen","floor":20,"turns":3},{"damage":52,"enemies":"Sentry and Sphere","floor":22,"turns":6},{"damage":51,"enemies":"Book of Stabbing","floor":24,"turns":5},{"damage":9,"enemies":"Gremlin Leader","floor":27,"turns":5},{"damage":1,"enemies":"Centurion and Healer","floor":28,"turns":5},{"damage":25,"enemies":"Book of Stabbing","floor":29,"turns":5},{"damage":14,"enemies":"3 Cultists","floor":30,"turns":4},{"damage":52,"enemies":"Collector","floor":33,"turns":12},{"damage":7,"enemies":"Orb Walker","floor":35,"turns":6},{"damage":5,"enemies":"3 Shapes","floor":38,"turns":6},{"damage":25,"enemies":"Jaw Worm Horde","floor":39,"turns":6},{"damage":10,"enemies":"Reptomancer","floor":42,"turns":6},{"damage":10,"enemies":"Nemesis","floor":44,"turns":7},{"damage":1,"enemies":"Spire Growth","floor":47,"turns":6},{"damage":0,"enemies":"Writhing Mass","floor":48,"turns":5},{"damage":35,"enemies":"Donu and Deca","floor":50,"turns":9}],"seed_played":"-5103145221847001758","potions_obtained":[{"floor":1.0,"key":"Fire Potion"},{"floor":4.0,"key":"Block Potion"},{"floor":10.0,"key":"FairyPotion"},{"floor":16,"key":"AttackPotion"},{"floor":24,"key":"EssenceOfDarkness"},{"floor":27,"key":"BlessingOfTheForge"},{"floor":30,"key":"SkillPotion"},{"floor":33,"key":"Swift Potion"},{"floor":35,"key":"EntropicBrew"},{"floor":39,"key":"LiquidBronze"},{"floor":42,"key":"SkillPotion"},{"floor":44,"key":"PotionOfCapacity"}],"is_trial":false,"path_per_floor":["M","$","?","M","?","R","E","R","T","E","$","E","M","$","R","B",null,"M","?","M","?","M","R","E","R","T","E","M","E","M","?","R","B",null,"M","?","$","M","M","R","?","E","T","E","?","R","M","M","R","B",null],"character_chosen":"DEFECT","items_purchased":["HandOfGreed","ClockworkSouvenir","Art of War"],"campfire_rested":3,"item_purchase_floors":[14,37,37],"current_hp_per_floor":[75,75,72,72,72,72,72,72,72,51,51,56,63,63,63,40,75,63,49,56,56,11,35,19,43,43,41,40,22,15,15,54,9,80,80,80,80,80,62,62,62,59,59,56,90,90,90,90,90,62],"gold":573,"neow_bonus":"THREE_ENEMY_KILL","is_prod":false,"is_daily":false,"chose_seed":false,"campfire_upgraded":6,"win_rate":0,"timestamp":1638224594,"path_taken":["M","$","?","M","?","R","E","R","T","E","?","E","?","?","R","BOSS","M","?","M","?","M","R","E","R","T","E","M","E","?","?","R","BOSS","M","?","$","?","?","R","?","E","T","E","?","R","M","?","R","BOSS"],"build_version":"2020-12-22","purchased_purges":0,"victory":true,"max_hp_per_floor":[75,75,75,75,75,75,75,75,75,75,75,75,75,75,75,75,75,75,80,80,80,80,80,80,80,80,80,80,80,80,80,80,80,80,80,80,80,80,80,80,80,80,80,80,90,90,90,90,90,90],"card_choices":[{"not_picked":["Redo","Go for the Eyes"],"picked":"Doom and Gloom","floor":1.0},{"not_picked":["Recycle","Barrage"],"picked":"Self Repair","floor":4.0},{"not_picked":["Ball Lightning","Undo"],"picked":"Meteor Strike","floor":7.0},{"not_picked":["Streamline","Stack","Gash"],"picked":"SKIP","floor":10.0},{"not_picked":["Melter","Heatsinks"],"picked":"Defragment","floor":12.0},{"not_picked":["Reprogram","Sweeping Beam","Beam Cell"],"picked":"SKIP","floor":13},{"not_picked":["Fission","Multi-Cast"],"picked":"Meteor Strike","floor":16},{"not_picked":["Self Repair+1","Go for the Eyes","Static Discharge+1"],"picked":"SKIP","floor":18},{"not_picked":["Sweeping Beam","Steam","Hologram"],"picked":"SKIP","floor":20},{"not_picked":["Conserve Battery+1","Streamline+1"],"picked":"Fusion+1","floor":22},{"not_picked":["Thunder Strike","Machine Learning"],"picked":"Glacier+1","floor":24},{"not_picked":["Beam Cell+1","Lockon+1"],"picked":"Chaos+1","floor":27},{"not_picked":["Streamline+1","Ball Lightning"],"picked":"Defragment","floor":28},{"not_picked":["Steam Power+1","Cold Snap"],"picked":"Chill","floor":29},{"not_picked":["Conserve Battery","Steam","Doom and Gloom"],"picked":"SKIP","floor":30},{"not_picked":["Multi-Cast","Fission"],"picked":"Core Surge","floor":33},{"not_picked":["FTL","Stack"],"picked":"Ball Lightning+1","floor":35},{"not_picked":["Glacier","Conserve Battery+1","Beam Cell+1"],"picked":"SKIP","floor":38},{"not_picked":["Conserve Battery","Ball Lightning+1"],"picked":"Aggregate+1","floor":39},{"not_picked":["Trip","Finesse"],"picked":"Panache","floor":41},{"not_picked":["Steam","BootSequence"],"picked":"Leap+1","floor":42},{"not_picked":["Conserve Battery","Coolheaded+1"],"picked":"Creative AI","floor":44},{"not_picked":["Tempest","Self Repair","Barrage"],"picked":"SKIP","floor":47},{"not_picked":["Go for the Eyes+1","Leap","Gash"],"picked":"SKIP","floor":48}],"player_experience":1682528,"relics_obtained":[{"floor":7.0,"key":"Ginger"},{"floor":9.0,"key":"Pen Nib"},{"floor":10.0,"key":"Anchor"},{"floor":12.0,"key":"Ice Cream"},{"floor":24,"key":"Cables"},{"floor":27,"key":"Regal Pillow"},{"floor":29,"key":"Omamori"},{"floor":42,"key":"Vajra"},{"floor":43,"key":"DataDisk"},{"floor":44,"key":"The Courier"}],"event_choices":[{"damage_healed":0.0,"max_hp_gain":0.0,"max_hp_loss":0.0,"gold_gain":0.0,"event_name":"Scrap Ooze","player_choice":"Success","floor":3.0,"gold_loss":0.0,"damage_taken":3.0,"relics_obtained":["Happy Flower"]},{"cards_removed":["Strike_B"],"damage_healed":0.0,"max_hp_gain":0.0,"max_hp_loss":0.0,"gold_gain":0.0,"event_name":"The Cleric","player_choice":"Card Removal","floor":5.0,"gold_loss":50.0,"damage_taken":0.0},{"damage_healed":0,"gold_gain":0,"player_choice":"Shed Blood","damage_taken":19,"max_hp_gain":5,"max_hp_loss":0,"event_name":"Forgotten Altar","floor":19,"gold_loss":0},{"damage_healed":0,"gold_gain":275,"player_choice":"Desecrate","damage_taken":0,"max_hp_gain":0,"max_hp_loss":0,"event_name":"Golden Shrine","floor":21,"gold_loss":0,"cards_obtained":["Regret"]},{"damage_healed":0,"gold_gain":0,"player_choice":"Ignored","damage_taken":0,"max_hp_gain":0,"max_hp_loss":0,"event_name":"Ghosts","floor":31,"gold_loss":0},{"cards_removed":["Regret"],"damage_healed":0,"gold_gain":0,"player_choice":"Upgrade and Remove","damage_taken":0,"max_hp_gain":0,"max_hp_loss":0,"event_name":"Designer","floor":36,"gold_loss":90,"cards_upgraded":["Strike_B"]},{"damage_healed":0,"gold_gain":0,"player_choice":"Memory 1","damage_taken":0,"max_hp_gain":0,"max_hp_loss":0,"event_name":"SensoryStone","floor":41,"gold_loss":0},{"cards_removed":["HandOfGreed"],"damage_healed":24,"gold_gain":0,"player_choice":"Offered Rare","damage_taken":0,"max_hp_gain":10,"max_hp_loss":0,"event_name":"Bonfire Elementals","floor":45,"gold_loss":0}],"is_beta":false,"boss_relics":[{"not_picked":["Cursed Key","Fusion Hammer"],"picked":"Empty Cage"},{"not_picked":["Coffee Dripper","Runic Pyramid"],"picked":"FrozenCore"}],"items_purged_floors":[],"is_endless":false,"potions_floor_spawned":[1,4,10,16,24,27,30,33,35,39,42,44],"ascension_level":1}