{"gold_per_floor":[118,134,134,146,163,163,177,196,196,88,88,88,88,104,104,205,205,218,218,0,0,0,0,29,46,46,76,76,86,15,30,30,129,129,143,1142,1067,1082,901,918,918],"floor_reached":41,"playtime":1435,"items_purged":["Normality","Normality"],"score":469,"play_id":"76183116-fd5a-4e7d-aa1b-6c37cce7c78b","local_time":"20211203155058","is_ascension_mode":true,"campfire_choices":[{"data":"Darkness","floor":6.0,"key":"SMITH"},{"data":"Blizzard","floor":11,"key":"SMITH"},{"data":"Doom and Gloom","floor":15,"key":"SMITH"},{"data":"Chaos","floor":23,"key":"SMITH"},{"floor":28,"key":"REST"},{"floor":32,"key":"REST"}],"neow_cost":"NONE","seed_source_timestamp":0,"circlet_count":0,"master_deck":["Strike_B+1","Strike_B","Strike_B","Defend_B","Defend_B","Defend_B","Zap","Dualcast","Chaos+1","Darkness+1","Undo","Glacier","Leap","Skim","Blizzard+1","Glacier","Sunder","Doom and Gloom+1","Machine Learning","Storm","Chaos+1","Electrodynamics","Blizzard","Chill","Capacitor+1","Stack","Defragment"],"special_seed":0,"relics":["Velvet Choker"],"potions_floor_usage":[24,33,33,38,40,41],"damage_taken":[{"damage":0.0,"enemies":"2 Louse","floor":1.0,"turns":2.0},{"damage":6.0,"enemies":"Jaw Worm","floor":2.0,"turns":3.0},{"damage":0.0,"enemies":"Cultist","floor":4.0,"turns":4.0},{"damage":0.0,"enemies":"2 Fungi Beasts","floor":5.0,"turns":4.0},{"damage":0.0,"enemies":"3 Louse","floor":7.0,"turns":4.0},{"damage":0,"enemies":"Blue Slaver","floor":8,"turns":4},{"damage":1,"enemies":"2 Fungi Beasts","floor":14,"turns":3},{"damage":16,"enemies":"The Guardian","floor":16,"turns":10},{"damage":0,"enemies":"Chosen","floor":18,"turns":5},{"damage":8,"enemies":"Book of Stabbing","floor":24,"turns":8},{"damage":13,"enemies":"3 Byrds","floor":25,"turns":4},{"damage":21,"enemies":"Gremlin Leader","floor":27,"turns":5},{"damage":7,"enemies":"Shelled Parasite and Fungi","floor":29,"turns":7},{"damage":5,"enemies":"Snecko","floor":31,"turns":4},{"damage":32,"enemies":"Automaton","floor":33,"turns":9},{"damage":32,"enemies":"Orb Walker","floor":35,"turns":6},{"damage":12,"enemies":"3 Darklings","floor":38,"turns":4},{"damage":34,"enemies":"Spire Growth","floor":40,"turns":5},{"damage":5,"enemies":"Writhing Mass","floor":41,"turns":1}],"seed_played":"-4736743672456341147","potions_obtained":[{"floor":4.0,"key":"ColorlessPotion"},{"floor":7,"key":"SpeedPotion"},{"floor":14,"key":"BlessingOfTheForge"},{"floor":16,"key":"FocusPotion"},{"floor":24,"key":"Strength Potion"},{"floor":25,"key":"PotionOfCapacity"},{"floor":33,"key":"Dexterity Potion"},{"floor":35,"key":"SneckoOil"}],"is_trial":false,"path_per_floor":["M","M","?","M","M","R","M","M","T","$","R","?","?","M","R","B",null,"M","?","?","?","?","R","E","M","T","E","R","M","$","M","R","B",null,"M","?","$","M","$","M","M"],"character_chosen":"DEFECT","items_purchased":["Blizzard","Glacier","Chill","Defragment"],"campfire_rested":2,"item_purchase_floors":[10,10,30,39],"current_hp_per_floor":[75,69,54,54,54,54,54,54,54,54,54,59,59,58,58,42,80,80,80,80,80,80,80,72,59,59,38,62,55,55,50,74,42,80,48,48,48,36,36,2,0],"gold":918,"neow_bonus":"BOSS_RELIC","is_prod":false,"is_daily":false,"chose_seed":false,"campfire_upgraded":4,"win_rate":0,"timestamp":1638543058,"path_taken":["M","M","?","M","M","R","M","M","T","$","R","?","?","?","R","BOSS","M","?","?","?","?","R","E","M","T","E","R","?","$","M","R","BOSS","M","?","$","M","$","M","M"],"build_version":"2020-12-22","purchased_purges":2,"victory":false,"max_hp_per_floor":[75,75,75,75,75,75,75,75,75,75,75,80,80,80,80,80,80,80,80,80,80,80,80,80,80,80,80,80,80,80,80,80,80,80,80,80,80,80,80,80,80],"card_choices":[{"not_picked":["Steam","Go for the Eyes"],"picked":"Chaos","floor":1.0},{"not_picked":["Cold Snap","Compile Driver"],"picked":"Darkness","floor":2.0},{"not_picked":["Fission","Double Energy"],"picked":"Undo","floor":4.0},{"not_picked":["Barrage","Auto Shields"],"picked":"Glacier","floor":5.0},{"not_picked":["Go for the Eyes","Barrage"],"picked":"Leap","floor":7},{"not_picked":["Turbo","Cold Snap"],"picked":"Skim","floor":8},{"not_picked":["Rip and Tear","Go for the Eyes"],"picked":"Doom and Gloom","floor":14},{"not_picked":["Thunder Strike","Seek"],"picked":"Machine Learning","floor":16},{"not_picked":["Turbo","FTL","Sweeping Beam"],"picked":"SKIP","floor":18},{"not_picked":["Streamline","Go for the Eyes"],"picked":"Electrodynamics","floor":24},{"not_picked":["Hologram","Skim","Stack"],"picked":"SKIP","floor":25},{"not_picked":["Sweeping Beam+1","Lockon"],"picked":"Blizzard","floor":27},{"not_picked":["Steam+1","Heatsinks+1","Beam Cell"],"picked":"SKIP","floor":29},{"not_picked":["Redo","Go for the Eyes"],"picked":"Capacitor+1","floor":31},{"not_picked":["Sunder+1","Leap"],"picked":"Stack","floor":35},{"not_picked":["Barrage","Reprogram","Go for the Eyes"],"picked":"SKIP","floor":38},{"not_picked":["FTL","Conserve Battery","Darkness"],"picked":"SKIP","floor":40}],"player_experience":1688194,"relics_obtained":[],"event_choices":[{"damage_healed":0.0,"max_hp_gain":0.0,"max_hp_loss":0.0,"gold_gain":0.0,"event_name":"Shining Light","player_choice":"Entered Light","floor":3.0,"gold_loss":0.0,"damage_taken":15.0,"cards_upgraded":["Chaos","Strike_B"]},{"damage_healed":0,"gold_gain":0,"player_choice":"Donut","damage_taken":0,"max_hp_gain":5,"max_hp_loss":0,"event_name":"Big Fish","floor":12,"gold_loss":0},{"damage_healed":0,"gold_gain":0,"player_choice":"1 cards matched","damage_taken":0,"max_hp_gain":0,"max_hp_loss":0,"event_name":"Match and Keep!","floor":13,"gold_loss":0,"cards_obtained":["Sunder"]},{"damage_healed":0,"gold_gain":0,"player_choice":"Ignored","damage_taken":0,"max_hp_gain":0,"max_hp_loss":0,"event_name":"Ghosts","floor":19,"gold_loss":0},{"damage_healed":0,"gold_gain":0,"player_choice":"Paid Fearfully","damage_taken":0,"max_hp_gain":0,"max_hp_loss":0,"event_name":"Masked Bandits","floor":20,"gold_loss":218},{"damage_healed":0,"gold_gain":0,"player_choice":"Ignored","damage_taken":0,"max_hp_gain":0,"max_hp_loss":0,"event_name":"Cursed Tome","floor":21,"gold_loss":0},{"damage_healed":0,"gold_gain":0,"cards_transformed":["Strike_B","Defend_B"],"player_choice":"Became Test Subject","damage_taken":0,"max_hp_gain":0,"max_hp_loss":0,"event_name":"Drug Dealer","floor":22,"gold_loss":0,"cards_obtained":["Storm","Chaos"]},{"damage_healed":0,"gold_gain":999,"player_choice":"Gold","damage_taken":0,"max_hp_gain":0,"max_hp_loss":0,"event_name":"MindBloom","floor":36,"gold_loss":0,"cards_obtained":["Normality","Normality"]}],"is_beta":false,"boss_relics":[{"not_picked":["SacredBark","Busted Crown","Tiny House"]},{"not_picked":["Cursed Key","Fusion Hammer","Runic Pyramid"]}],"items_purged_floors":[37,39],"is_endless":false,"potions_floor_spawned":[4,7,14,16,24,25,27,33,35],"killed_by":"Writhing Mass","ascension_level":1}