{"gold_per_floor":[115,115,133,150,100,130,130,163,163,163,183,183,183,196,196,301,301,317,416,416,416,442,471,471,218,218,250,270,21,39,39,39,140,140,154,173,20,35,53,83,83,99,99,99,148,176,176,176],"floor_reached":48,"playtime":1833,"items_purged":[],"score":615,"play_id":"db5fea63-6435-46bc-b552-cd3d8007be3a","local_time":"20211203162146","is_ascension_mode":true,"campfire_choices":[{"floor":7,"key":"REST"},{"floor":10,"key":"REST"},{"data":"Consume","floor":12,"key":"SMITH"},{"data":"Conserve Battery","floor":15,"key":"SMITH"},{"data":"Defragment","floor":24,"key":"SMITH"},{"data":"Zap","floor":32,"key":"SMITH"},{"floor":41,"key":"REST"},{"data":"Amplify","floor":44,"key":"SMITH"},{"floor":47,"key":"REST"}],"neow_cost":"NONE","seed_source_timestamp":1089887106066700,"circlet_count":0,"master_deck":["Strike_B","Defend_B","Defend_B","Defend_B","Zap+1","Dualcast","Ball Lightning","Conserve Battery+1","Consume+1","Doom and Gloom","Echo Form","Glacier","Defragment+1","Creative AI","Barrage+1","Chaos+1","Undo+1","Amplify+1","Core Surge"],"relics":["Velvet Choker","Torii","Cables","NlothsMask","Nuclear Battery","Enchiridion","Red Mask","Happy Flower","OrangePellets","Mercury Hourglass","Pantograph","White Beast Statue","Astrolabe","Juzu Bracelet","Turnip","Bag of Preparation"],"potions_floor_usage":[8,23,23,25,27,27,33,38,42,46,46,46],"damage_taken":[{"damage":0,"enemies":"Small Slimes","floor":1,"turns":3},{"damage":1,"enemies":"Cultist","floor":3,"turns":3},{"damage":2,"enemies":"2 Louse","floor":4,"turns":2},{"damage":30,"enemies":"3 Sentries","floor":6,"turns":7},{"damage":12,"enemies":"Gremlin Nob","floor":8,"turns":4},{"damage":0,"enemies":"Large Slime","floor":11,"turns":5},{"damage":1,"enemies":"Exordium Thugs","floor":14,"turns":4},{"damage":51,"enemies":"The Guardian","floor":16,"turns":6},{"damage":15,"enemies":"3 Byrds","floor":18,"turns":4},{"damage":0,"enemies":"Masked Bandits","floor":22,"turns":4},{"damage":3,"enemies":"Gremlin Leader","floor":23,"turns":8},{"damage":10,"enemies":"Slavers","floor":27,"turns":6},{"damage":0,"enemies":"Spheric Guardian","floor":28,"turns":4},{"damage":0,"enemies":"Snake Plant","floor":30,"turns":5},{"damage":0,"enemies":"Automaton","floor":33,"turns":9},{"damage":1,"enemies":"3 Darklings","floor":35,"turns":5},{"damage":5,"enemies":"3 Shapes","floor":36,"turns":3},{"damage":0,"enemies":"Spire Growth","floor":38,"turns":9},{"damage":0,"enemies":"Transient","floor":39,"turns":5},{"damage":21,"enemies":"Giant Head","floor":40,"turns":10},{"damage":0,"enemies":"Sphere and 2 Shapes","floor":42,"turns":5},{"damage":3,"enemies":"2 Orb Walkers","floor":45,"turns":5},{"damage":23,"enemies":"Nemesis","floor":46,"turns":17},{"damage":92,"enemies":"Reptomancer","floor":48,"turns":3}],"seed_played":"6249582471122343937","potions_obtained":[{"floor":1,"key":"Regen Potion"},{"floor":2,"key":"EntropicBrew"},{"floor":2,"key":"SteroidPotion"},{"floor":6,"key":"AttackPotion"},{"floor":8,"key":"Regen Potion"},{"floor":23,"key":"FearPotion"},{"floor":33,"key":"EssenceOfSteel"},{"floor":35,"key":"Dexterity Potion"},{"floor":38,"key":"EssenceOfSteel"},{"floor":42,"key":"PotionOfCapacity"},{"floor":46,"key":"FearPotion"}],"is_trial":false,"path_per_floor":["M","?","M","M","?","E","R","E","T","R","M","R","?","M","R","B",null,"M","?","?","?","?","E","R","$","T","E","M","$","M","T","R","B",null,"M","M","$","M","M","E","R","M","T","R","?","E","R","E"],"character_chosen":"DEFECT","items_purchased":["OrangePellets","Fruit Juice","Pantograph","Amplify"],"campfire_rested":4,"item_purchase_floors":[25,25,29,37],"current_hp_per_floor":[75,75,74,72,72,42,64,52,52,74,74,74,74,73,73,22,75,60,60,44,44,44,75,75,80,80,70,70,70,70,70,70,80,80,79,74,74,74,74,53,77,77,77,77,74,51,75,0],"gold":176,"neow_bonus":"BOSS_RELIC","is_prod":false,"is_daily":false,"chose_seed":false,"campfire_upgraded":5,"win_rate":0,"timestamp":1638544906,"path_taken":["M","?","?","?","?","E","R","E","T","R","M","R","?","M","R","BOSS","M","?","?","?","?","E","R","$","T","E","M","$","?","?","R","BOSS","M","M","$","M","M","E","R","M","T","R","?","E","R","E"],"build_version":"2020-12-22","purchased_purges":0,"victory":false,"max_hp_per_floor":[75,75,75,75,75,75,75,75,75,75,75,75,75,75,75,75,75,75,75,75,75,75,75,75,80,80,80,80,80,80,80,80,80,80,80,80,80,80,80,80,80,80,80,80,80,80,80,80],"card_choices":[{"not_picked":["Self Repair","Cold Snap"],"picked":"Ball Lightning","floor":1},{"not_picked":["Stack","Blizzard"],"picked":"Conserve Battery","floor":3},{"not_picked":["Go for the Eyes","Stack","Barrage"],"picked":"SKIP","floor":4},{"not_picked":["Barrage","Loop","Steam"],"picked":"SKIP","floor":6},{"not_picked":["Force Field","Go for the Eyes"],"picked":"Consume","floor":8},{"not_picked":["Leap","Steam"],"picked":"Doom and Gloom","floor":11},{"not_picked":["Hologram","Recycle","Rebound"],"picked":"SKIP","floor":14},{"not_picked":["Hyperbeam","Core Surge"],"picked":"Echo Form","floor":16},{"not_picked":["Conserve Battery","Chill"],"picked":"Glacier","floor":18},{"not_picked":["Fusion","Gash","Heatsinks"],"picked":"SKIP","floor":23},{"not_picked":["Steam","Thunder Strike","Double Energy"],"picked":"SKIP","floor":27},{"not_picked":["Redo+1","Turbo","Gash"],"picked":"SKIP","floor":28},{"not_picked":["Recycle","Leap+1","Turbo"],"picked":"SKIP","floor":30},{"not_picked":["Electrodynamics","Buffer"],"picked":"Creative AI","floor":33},{"not_picked":["Blizzard","Hologram","Redo+1"],"picked":"SKIP","floor":35},{"not_picked":["Beam Cell","Rebound","Hologram+1"],"picked":"SKIP","floor":36},{"not_picked":["Undo","Rebound","Sweeping Beam"],"picked":"SKIP","floor":38},{"not_picked":["Steam","Chaos","Compile Driver"],"picked":"SKIP","floor":39},{"not_picked":["Ball Lightning","Leap","Steam+1"],"picked":"SKIP","floor":40},{"not_picked":["Streamline+1","Ball Lightning+1","Sweeping Beam+1"],"picked":"SKIP","floor":42},{"not_picked":["Redo+1","Rebound+1"],"picked":"Core Surge","floor":46}],"player_experience":1689629,"relics_obtained":[{"floor":8,"key":"Torii"},{"floor":9,"key":"Cables"},{"floor":20,"key":"Enchiridion"},{"floor":22,"key":"Red Mask"},{"floor":23,"key":"Happy Flower"},{"floor":27,"key":"Mercury Hourglass"},{"floor":31,"key":"White Beast Statue"},{"floor":40,"key":"Juzu Bracelet"},{"floor":45,"key":"Turnip"},{"floor":46,"key":"Bag of Preparation"}],"event_choices":[{"damage_healed":0,"gold_gain":0,"player_choice":"Got Potions","damage_taken":0,"max_hp_gain":0,"max_hp_loss":0,"event_name":"Lab","floor":2,"gold_loss":0},{"cards_removed":["Strike_B"],"damage_healed":0,"gold_gain":0,"player_choice":"Card Removal","damage_taken":0,"max_hp_gain":0,"max_hp_loss":0,"event_name":"The Cleric","floor":5,"gold_loss":50},{"damage_healed":0,"gold_gain":0,"player_choice":"Trade","damage_taken":0,"relics_obtained":["NlothsMask"],"max_hp_gain":0,"max_hp_loss":0,"event_name":"FaceTrader","floor":13,"gold_loss":0},{"damage_healed":0,"gold_gain":99,"player_choice":"Stole From Cult","damage_taken":0,"max_hp_gain":0,"max_hp_loss":0,"event_name":"Nest","floor":19,"gold_loss":0},{"damage_healed":0,"gold_gain":0,"player_choice":"Obtained Book","damage_taken":16,"max_hp_gain":0,"max_hp_loss":0,"event_name":"Cursed Tome","floor":20,"gold_loss":0},{"damage_healed":0,"gold_gain":0,"player_choice":"Read","damage_taken":0,"max_hp_gain":0,"max_hp_loss":0,"event_name":"The Library","floor":21,"gold_loss":0,"cards_obtained":["Defragment"]},{"damage_healed":0,"gold_gain":0,"player_choice":"Fought Bandits","damage_taken":0,"max_hp_gain":0,"max_hp_loss":0,"event_name":"Masked Bandits","floor":22,"gold_loss":0},{"damage_healed":0,"gold_gain":0,"player_choice":"Fight","damage_taken":0,"max_hp_gain":0,"max_hp_loss":0,"event_name":"Mysterious Sphere","floor":45,"gold_loss":0}],"is_beta":false,"boss_relics":[{"not_picked":["Empty Cage","Tiny House"],"picked":"Nuclear Battery"},{"not_picked":["Snecko Eye","Busted Crown"],"picked":"Astrolabe"}],"items_purged_floors":[],"is_endless":false,"potions_floor_spawned":[1,6,8,16,22,23,28,33,35,36,38,39,40,42,45,46],"killed_by":"Reptomancer","ascension_level":1}