{"gold_per_floor":[112,187,187,24,24,57,57,74,129,129,129],"floor_reached":11,"playtime":101,"items_purged":[],"score":188,"play_id":"50bf72b3-d768-4e81-b0a8-8225fd38498a","local_time":"20220219143324","is_ascension_mode":true,"campfire_choices":[{"data":"Doom and Gloom","floor":7,"key":"SMITH"}],"neow_cost":"NONE","seed_source_timestamp":145233731113900,"circlet_count":0,"master_deck":["AscendersBane","Strike_B+1","Strike_B","Strike_B+1","Strike_B","Defend_B","Defend_B","Defend_B","Defend_B","Zap","Dualcast","Darkness+1","Doom and Gloom+1","Fusion"],"relics":["Cracked Core","NeowsBlessing","Sling","Vajra","Nunchaku"],"potions_floor_usage":[8],"damage_taken":[{"damage":0,"enemies":"Jaw Worm","floor":1,"turns":1},{"damage":0,"enemies":"Lagavulin","floor":6,"turns":1},{"damage":0,"enemies":"Small Slimes","floor":8,"turns":1},{"damage":38,"enemies":"Gremlin Nob","floor":11,"turns":3}],"seed_played":"2657539014053373862","potions_obtained":[{"floor":6,"key":"PotionOfCapacity"},{"floor":8,"key":"Fruit Juice"}],"is_trial":false,"path_per_floor":["M","?","?","$","?","E","R","M","T","$","E"],"character_chosen":"DEFECT","items_purchased":["Sling"],"campfire_rested":0,"item_purchase_floors":[4],"current_hp_per_floor":[64,53,32,32,32,32,32,37,37,37,0],"gold":129,"neow_bonus":"THREE_ENEMY_KILL","is_prod":false,"is_daily":false,"chose_seed":false,"campfire_upgraded":1,"win_rate":0,"timestamp":1645277604,"path_taken":["M","?","?","$","?","E","R","?","T","?","E"],"build_version":"2020-12-22","purchased_purges":0,"victory":false,"max_hp_per_floor":[71,71,71,71,71,71,71,76,76,76,76],"card_choices":[{"not_picked":["Stack","Force Field"],"picked":"Darkness","floor":1},{"not_picked":["Lockon","Conserve Battery"],"picked":"Doom and Gloom","floor":6},{"not_picked":["Go for the Eyes","Cold Snap"],"picked":"Fusion","floor":8}],"player_experience":1782349,"relics_obtained":[{"floor":6,"key":"Vajra"},{"floor":9,"key":"Nunchaku"}],"event_choices":[{"damage_healed":0,"gold_gain":75,"player_choice":"Gather Gold","damage_taken":11,"max_hp_gain":0,"max_hp_loss":0,"event_name":"World of Goop","floor":2,"gold_loss":0},{"damage_healed":0,"gold_gain":0,"player_choice":"Entered Light","damage_taken":21,"max_hp_gain":0,"max_hp_loss":0,"event_name":"Shining Light","floor":3,"gold_loss":0,"cards_upgraded":["Strike_B","Strike_B"]},{"damage_healed":0,"gold_gain":0,"player_choice":"Upgraded","damage_taken":0,"max_hp_gain":0,"max_hp_loss":0,"event_name":"Upgrade Shrine","floor":5,"gold_loss":0,"cards_upgraded":["Darkness"]}],"is_beta":false,"boss_relics":[],"items_purged_floors":[],"is_endless":false,"potions_floor_spawned":[6,8],"killed_by":"Gremlin Nob","ascension_level":20}