{"gold_per_floor":[365,48,48,48,66,106,106,137,137,35,35,53,53],"floor_reached":13,"playtime":295,"items_purged":[],"score":182,"play_id":"f45b445c-4024-4aa3-a5aa-1184cc3374a0","local_time":"20220219144411","is_ascension_mode":true,"campfire_choices":[{"floor":7,"key":"REST"},{"data":"Chaos","floor":11,"key":"SMITH"}],"neow_cost":"TEN_PERCENT_HP_LOSS","seed_source_timestamp":145686790431700,"circlet_count":0,"master_deck":["AscendersBane","Strike_B","Strike_B","Strike_B","Strike_B","Defend_B","Defend_B","Defend_B","Defend_B","Zap","Dualcast","Chaos+1","Injury","Gash","Gash","Self Repair","Finesse"],"relics":["Cracked Core","Du-Vu Doll","Golden Idol","Darkstone Periapt","Pen Nib","Ornamental Fan"],"potions_floor_usage":[6,8,8],"damage_taken":[{"damage":7,"enemies":"Cultist","floor":1,"turns":4},{"damage":4,"enemies":"Jaw Worm","floor":5,"turns":4},{"damage":35,"enemies":"3 Sentries","floor":6,"turns":10},{"damage":20,"enemies":"Lagavulin","floor":8,"turns":5},{"damage":10,"enemies":"Small Slimes","floor":12,"turns":3},{"damage":43,"enemies":"Gremlin Nob","floor":13,"turns":4}],"seed_played":"1544244529394771091","potions_obtained":[{"floor":4,"key":"Fire Potion"},{"floor":4,"key":"ColorlessPotion"},{"floor":6,"key":"Regen Potion"}],"is_trial":false,"path_per_floor":["M","$","?","?","M","E","R","E","T","$","R","M","E"],"character_chosen":"DEFECT","items_purchased":["Du-Vu Doll","Finesse"],"campfire_rested":1,"item_purchase_floors":[2,10],"current_hp_per_floor":[57,57,57,57,53,18,37,31,31,31,31,28,0],"gold":53,"neow_bonus":"TWO_FIFTY_GOLD","is_prod":false,"is_daily":false,"chose_seed":false,"campfire_upgraded":1,"win_rate":0,"timestamp":1645278251,"path_taken":["M","$","?","?","M","E","R","E","T","$","R","?","E"],"build_version":"2020-12-22","purchased_purges":0,"victory":false,"max_hp_per_floor":[64,64,64,64,64,64,64,64,64,64,64,64,64],"card_choices":[{"not_picked":["Leap","Conserve Battery"],"picked":"Chaos","floor":1},{"not_picked":["Sweeping Beam","Core Surge"],"picked":"Gash","floor":5},{"not_picked":["Rebound","Streamline"],"picked":"Gash","floor":6},{"not_picked":["Steam","Compile Driver"],"picked":"Self Repair","floor":8},{"not_picked":["Blizzard","Glacier","Conserve Battery"],"picked":"SKIP","floor":12}],"player_experience":1782783,"relics_obtained":[{"floor":6,"key":"Darkstone Periapt"},{"floor":8,"key":"Pen Nib"},{"floor":9,"key":"Ornamental Fan"}],"event_choices":[{"damage_healed":0,"gold_gain":0,"player_choice":"Take Wound","damage_taken":0,"relics_obtained":["Golden Idol"],"max_hp_gain":0,"max_hp_loss":0,"event_name":"Golden Idol","floor":3,"gold_loss":0,"cards_obtained":["Injury"]},{"damage_healed":0,"gold_gain":0,"player_choice":"Got Potions","damage_taken":0,"max_hp_gain":0,"max_hp_loss":0,"event_name":"Lab","floor":4,"gold_loss":0}],"is_beta":false,"boss_relics":[],"items_purged_floors":[],"is_endless":false,"potions_floor_spawned":[5,6],"killed_by":"Gremlin Nob","ascension_level":20}