{"gold_per_floor":[109,69,69,69,86,119,119,130,130,205,239,266,266,266,266,339,339,358,358,358,258],"floor_reached":21,"playtime":368,"items_purged":[],"score":416,"play_id":"0d9d5ecf-b749-4b7b-bee0-05d1b9c3d1ef","local_time":"20220306123617","is_ascension_mode":true,"campfire_choices":[{"data":"Darkness","floor":7,"key":"SMITH"},{"floor":13,"key":"REST"},{"data":"Zap","floor":15,"key":"SMITH"}],"neow_cost":"NONE","seed_source_timestamp":30101953135500,"circlet_count":0,"master_deck":["AscendersBane","Strike_B+1","Strike_B","Strike_B","Strike_B","Defend_B","Defend_B","Defend_B","Defend_B","Zap+1","Dualcast","Capacitor","Capacitor","Darkness+1","Static Discharge+1","Compile Driver+1","Coolheaded","Fission","Doom and Gloom"],"relics":["Cracked Core","NeowsBlessing","Meat on the Bone","Frozen Egg 2","Singing Bowl","Whetstone","Black Star","Juzu Bracelet"],"potions_floor_usage":[11,11,18],"damage_taken":[{"damage":0,"enemies":"Small Slimes","floor":1,"turns":1},{"damage":0,"enemies":"2 Louse","floor":5,"turns":1},{"damage":0,"enemies":"3 Sentries","floor":6,"turns":1},{"damage":7,"enemies":"Cultist","floor":8,"turns":3},{"damage":20,"enemies":"Lagavulin","floor":11,"turns":7},{"damage":37,"enemies":"Slime Boss","floor":16,"turns":7},{"damage":28,"enemies":"Spheric Guardian","floor":18,"turns":4},{"damage":57,"enemies":"2 Thieves","floor":21,"turns":3}],"seed_played":"6363781510597989905","potions_obtained":[{"floor":4,"key":"CultistPotion"},{"floor":4,"key":"SteroidPotion"},{"floor":6,"key":"DistilledChaos"},{"floor":16,"key":"Fire Potion"}],"is_trial":false,"path_per_floor":["M","$","?","?","M","E","R","M","T","?","E","T","R","?","R","B",null,"M","?","?","M"],"character_chosen":"DEFECT","items_purchased":["Capacitor"],"campfire_rested":1,"item_purchase_floors":[2],"current_hp_per_floor":[64,64,46,46,46,46,46,39,39,28,20,20,41,41,41,16,57,41,41,41,0],"gold":258,"neow_bonus":"THREE_ENEMY_KILL","is_prod":false,"is_daily":false,"chose_seed":false,"campfire_upgraded":2,"win_rate":0,"timestamp":1646566577,"path_taken":["M","$","?","?","M","E","R","?","T","?","E","?","R","?","R","BOSS","M","?","?","M"],"build_version":"2022-02-27","purchased_purges":0,"victory":false,"max_hp_per_floor":[71,71,71,71,71,71,71,71,71,71,71,71,71,71,71,71,71,71,71,71,71],"card_choices":[{"not_picked":["Beam Cell","Steam"],"picked":"Capacitor","floor":1},{"not_picked":["Auto Shields","Capacitor"],"picked":"Darkness","floor":5},{"not_picked":["Double Energy","Streamline"],"picked":"Static Discharge+1","floor":6},{"not_picked":["Streamline","BootSequence"],"picked":"Compile Driver","floor":8},{"not_picked":["Beam Cell","Aggregate"],"picked":"Coolheaded","floor":11},{"not_picked":["Seek","All For One"],"picked":"Fission","floor":16},{"not_picked":["Coolheaded","Tempest"],"picked":"Doom and Gloom","floor":18}],"player_experience":1805479,"relics_obtained":[{"floor":6,"key":"Frozen Egg 2"},{"floor":9,"key":"Singing Bowl"},{"floor":11,"key":"Whetstone"}],"event_choices":[{"damage_healed":0,"gold_gain":0,"player_choice":"Success","damage_taken":18,"relics_obtained":["Meat on the Bone"],"max_hp_gain":0,"max_hp_loss":0,"event_name":"Scrap Ooze","floor":3,"gold_loss":0},{"damage_healed":0,"gold_gain":0,"player_choice":"Got Potions","damage_taken":0,"max_hp_gain":0,"max_hp_loss":0,"event_name":"Lab","floor":4,"gold_loss":0},{"damage_healed":0,"gold_gain":75,"player_choice":"Gather Gold","damage_taken":11,"max_hp_gain":0,"max_hp_loss":0,"event_name":"World of Goop","floor":10,"gold_loss":0},{"damage_healed":0,"gold_gain":0,"player_choice":"Ignored","damage_taken":0,"max_hp_gain":0,"max_hp_loss":0,"event_name":"Liars Game","floor":14,"gold_loss":0},{"damage_healed":0,"gold_gain":0,"player_choice":"Opened","damage_taken":0,"relics_obtained":["Juzu Bracelet"],"max_hp_gain":0,"max_hp_loss":0,"event_name":"The Mausoleum","floor":19,"gold_loss":0,"cards_obtained":["Writhe"]},{"cards_removed":["Writhe"],"damage_healed":0,"gold_gain":0,"player_choice":"Removed Curses","damage_taken":0,"max_hp_gain":0,"max_hp_loss":0,"event_name":"Fountain of Cleansing","floor":20,"gold_loss":0}],"is_beta":false,"boss_relics":[{"not_picked":["Ectoplasm","Astrolabe"],"picked":"Black Star"}],"items_purged_floors":[],"is_endless":false,"potions_floor_spawned":[6,8,16],"killed_by":"2 Thieves","ascension_level":20}