{"gold_per_floor":[113,113,113,130,130,130,55,90,90,120,120,134,134,159,159,236,236,251,251,12,12,24,52,52,65,117,117,26,26],"floor_reached":29,"playtime":673,"items_purged":["Defend_B"],"score":544,"play_id":"96b28ca0-3d02-49d7-8045-753b358e9821","local_time":"20220304161445","is_ascension_mode":true,"campfire_choices":[{"data":"Streamline","floor":6,"key":"SMITH"},{"data":"Conserve Battery","floor":11,"key":"SMITH"},{"data":"Dualcast","floor":13,"key":"SMITH"},{"data":"All For One","floor":15,"key":"SMITH"},{"floor":24,"key":"REST"}],"neow_cost":"NONE","seed_source_timestamp":618078010107100,"circlet_count":0,"master_deck":["AscendersBane","Strike_B","Strike_B+1","Defend_B","Defend_B","Zap+1","Dualcast+1","Conserve Battery+1","Streamline+1","All For One+1","Steam","Machine Learning","Rainbow","Skim","Shame","Streamline+1","Flash of Steel+1"],"relics":["Cracked Core","NeowsBlessing","StrikeDummy","Molten Egg 2","Art of War","Odd Mushroom","Cursed Key","Anchor","Bottled Flame","Toy Ornithopter"],"potions_floor_usage":[14,18,23],"damage_taken":[{"damage":0,"enemies":"2 Louse","floor":1,"turns":1},{"damage":0,"enemies":"Jaw Worm","floor":4,"turns":1},{"damage":0,"enemies":"Gremlin Nob","floor":8,"turns":1},{"damage":20,"enemies":"Lagavulin","floor":10,"turns":5},{"damage":3,"enemies":"Small Slimes","floor":12,"turns":3},{"damage":1,"enemies":"The Mushroom Lair","floor":14,"turns":3},{"damage":34,"enemies":"The Guardian","floor":16,"turns":10},{"damage":13,"enemies":"Chosen","floor":18,"turns":4},{"damage":0,"enemies":"Spheric Guardian","floor":22,"turns":3},{"damage":27,"enemies":"Slavers","floor":23,"turns":6},{"damage":22,"enemies":"Cultist and Chosen","floor":25,"turns":7},{"damage":6,"enemies":"Shelled Parasite and Fungi","floor":29,"turns":1}],"seed_played":"-8352694605396099498","potions_obtained":[{"floor":4,"key":"LiquidBronze"},{"floor":8,"key":"Fire Potion"},{"floor":16,"key":"Swift Potion"}],"is_trial":false,"path_per_floor":["M","?","?","M","$","R","?","E","T","E","R","M","R","?","R","B",null,"M","?","$","?","M","E","R","M","T","?","$","M"],"character_chosen":"DEFECT","items_purchased":["Anchor","Flash of Steel+1"],"campfire_rested":1,"item_purchase_floors":[20,28],"current_hp_per_floor":[64,43,66,66,66,66,66,66,66,46,46,43,43,42,42,8,55,42,30,30,30,30,3,24,2,2,2,2,0],"gold":26,"neow_bonus":"THREE_ENEMY_KILL","is_prod":false,"is_daily":false,"chose_seed":false,"campfire_upgraded":4,"win_rate":0,"timestamp":1646406885,"path_taken":["M","?","?","M","?","R","?","E","T","E","R","M","R","?","R","BOSS","M","?","?","?","M","E","R","M","T","?","$","?"],"build_version":"2022-02-27","purchased_purges":1,"victory":false,"max_hp_per_floor":[71,71,71,71,71,71,71,71,71,71,71,71,71,71,71,71,71,71,71,71,71,71,71,71,71,71,71,71,71],"card_choices":[{"not_picked":["Stack","Go for the Eyes"],"picked":"Conserve Battery","floor":1},{"not_picked":["Hologram","Rebound"],"picked":"Streamline","floor":4},{"not_picked":["Rebound","Beam Cell"],"picked":"All For One","floor":8},{"not_picked":["Aggregate","Melter+1","Chill"],"picked":"SKIP","floor":10},{"not_picked":["Ball Lightning+1","BootSequence","Loop"],"picked":"SKIP","floor":12},{"not_picked":["Storm","Reprogram"],"picked":"Steam","floor":14},{"not_picked":["Buffer","Fission"],"picked":"Machine Learning","floor":16},{"not_picked":["Conserve Battery","Turbo","Streamline+1"],"picked":"SKIP","floor":18},{"not_picked":["Sunder+1","Loop+1","Barrage+1"],"picked":"SKIP","floor":22},{"not_picked":["Cold Snap+1","Force Field","Electrodynamics"],"picked":"SKIP","floor":23},{"not_picked":["Hologram","Static Discharge+1","Reprogram"],"picked":"SKIP","floor":25}],"player_experience":1800101,"relics_obtained":[{"floor":8,"key":"StrikeDummy"},{"floor":9,"key":"Molten Egg 2"},{"floor":10,"key":"Art of War"},{"floor":14,"key":"Odd Mushroom"},{"floor":23,"key":"Bottled Flame"},{"floor":26,"key":"Toy Ornithopter"}],"event_choices":[{"damage_healed":0,"gold_gain":0,"player_choice":"Entered Light","damage_taken":21,"max_hp_gain":0,"max_hp_loss":0,"event_name":"Shining Light","floor":2,"gold_loss":0,"cards_upgraded":["Zap","Strike_B"]},{"damage_healed":23,"gold_gain":0,"player_choice":"Banana","damage_taken":0,"max_hp_gain":0,"max_hp_loss":0,"event_name":"Big Fish","floor":3,"gold_loss":0},{"cards_removed":["Strike_B"],"damage_healed":0,"gold_gain":0,"player_choice":"Card Removal","damage_taken":0,"max_hp_gain":0,"max_hp_loss":0,"event_name":"The Cleric","floor":7,"gold_loss":75},{"damage_healed":0,"gold_gain":0,"player_choice":"Fought Mushrooms","damage_taken":0,"max_hp_gain":0,"max_hp_loss":0,"event_name":"Mushrooms","floor":14,"gold_loss":0},{"damage_healed":0,"gold_gain":0,"player_choice":"POTION ","damage_taken":12,"max_hp_gain":0,"max_hp_loss":0,"event_name":"Knowing Skull","floor":19,"potions_obtained":["Weak Potion"],"gold_loss":0,"cards_obtained":[]},{"damage_healed":0,"gold_gain":0,"cards_transformed":["Strike_B","Defend_B"],"player_choice":"Became Test Subject","damage_taken":0,"max_hp_gain":0,"max_hp_loss":0,"event_name":"Drug Dealer","floor":21,"gold_loss":0,"cards_obtained":["Rainbow","Skim"]},{"damage_healed":0,"gold_gain":0,"player_choice":"Copied","damage_taken":0,"max_hp_gain":0,"max_hp_loss":0,"event_name":"Duplicator","floor":27,"gold_loss":0,"cards_obtained":["Streamline"]}],"is_beta":false,"boss_relics":[{"not_picked":["Busted Crown","Coffee Dripper"],"picked":"Cursed Key"}],"items_purged_floors":[20],"is_endless":false,"potions_floor_spawned":[4,8,16],"killed_by":"Shelled Parasite and Fungi","ascension_level":20}