{"gold_per_floor":[113,188,188,211,283,318,318,357,383,10,10],"floor_reached":11,"playtime":173,"items_purged":["Strike_B"],"score":208,"play_id":"3d730b5e-97e6-44ca-8c33-8f6690800287","local_time":"20220306122957","is_ascension_mode":true,"campfire_choices":[{"data":"Fusion","floor":7,"key":"SMITH"}],"neow_cost":"NONE","seed_source_timestamp":29916989724300,"circlet_count":0,"master_deck":["AscendersBane","Strike_B","Strike_B","Strike_B","Defend_B","Defend_B","Defend_B","Defend_B","Zap","Dualcast","Melter","Fusion+1","Creative AI"],"relics":["Cracked Core","NeowsBlessing","CeramicFish","Smiling Mask","Orichalcum","Centennial Puzzle","Dead Branch"],"potions_floor_usage":[8],"damage_taken":[{"damage":0,"enemies":"Small Slimes","floor":1,"turns":1},{"damage":0,"enemies":"2 Louse","floor":4,"turns":1},{"damage":0,"enemies":"Gremlin Nob","floor":6,"turns":1},{"damage":55,"enemies":"3 Sentries","floor":8,"turns":9},{"damage":2,"enemies":"Gremlin Nob","floor":11,"turns":2}],"seed_played":"-7134409917403299274","potions_obtained":[{"floor":1,"key":"Regen Potion"},{"floor":4,"key":"SteroidPotion"},{"floor":8,"key":"SpeedPotion"}],"is_trial":false,"path_per_floor":["M","?","?","M","?","E","R","E","T","$","E"],"character_chosen":"DEFECT","items_purchased":["Dead Branch"],"campfire_rested":0,"item_purchase_floors":[10],"current_hp_per_floor":[64,53,42,42,42,42,42,2,2,2,0],"gold":10,"neow_bonus":"THREE_ENEMY_KILL","is_prod":false,"is_daily":false,"chose_seed":false,"campfire_upgraded":1,"win_rate":0,"timestamp":1646566197,"path_taken":["M","?","?","M","?","E","R","E","T","$","E"],"build_version":"2022-02-27","purchased_purges":1,"victory":false,"max_hp_per_floor":[71,71,71,71,71,71,71,71,71,71,71],"card_choices":[{"not_picked":["Streamline","Loop"],"picked":"Melter","floor":1},{"not_picked":["Rip and Tear","Redo"],"picked":"Fusion","floor":4},{"not_picked":["Rebound","BootSequence","Amplify"],"picked":"SKIP","floor":6},{"not_picked":["Lockon","Storm"],"picked":"Creative AI","floor":8}],"player_experience":1805306,"relics_obtained":[{"floor":6,"key":"Smiling Mask"},{"floor":8,"key":"Orichalcum"},{"floor":9,"key":"Centennial Puzzle"}],"event_choices":[{"damage_healed":0,"gold_gain":75,"player_choice":"Gather Gold","damage_taken":11,"max_hp_gain":0,"max_hp_loss":0,"event_name":"World of Goop","floor":2,"gold_loss":0},{"damage_healed":0,"gold_gain":0,"player_choice":"Success","damage_taken":11,"relics_obtained":["CeramicFish"],"max_hp_gain":0,"max_hp_loss":0,"event_name":"Scrap Ooze","floor":3,"gold_loss":0},{"damage_healed":0,"gold_gain":72,"player_choice":"Gained Gold","damage_taken":0,"max_hp_gain":0,"max_hp_loss":0,"event_name":"Golden Wing","floor":5,"gold_loss":0}],"is_beta":false,"boss_relics":[],"items_purged_floors":[10],"is_endless":false,"potions_floor_spawned":[1,4,8],"killed_by":"Gremlin Nob","ascension_level":20}