{"gold_per_floor":[113,130,130,29,49,49,84,84,84,95,107,141,141,175,175,175],"floor_reached":16,"playtime":559,"items_purged":[],"score":240,"play_id":"ef1e796c-2fd5-4749-b4b3-6efdf79b5f0d","local_time":"20220304162819","is_ascension_mode":true,"campfire_choices":[{"data":"Zap","floor":6,"key":"SMITH"},{"floor":13,"key":"REST"},{"data":"Capacitor","floor":15,"key":"SMITH"}],"neow_cost":"NONE","seed_source_timestamp":619006346389600,"circlet_count":0,"master_deck":["AscendersBane","Strike_B+1","Strike_B","Strike_B","Strike_B","Defend_B","Defend_B+1","Defend_B","Defend_B","Zap+1","Dualcast","Ball Lightning","Glacier","Bandage Up+1","Capacitor+1","Multi-Cast","Self Repair"],"relics":["Cracked Core","NeowsBlessing","Kunai","Gremlin Horn","Juzu Bracelet","DataDisk"],"potions_floor_usage":[10,12,14],"damage_taken":[{"damage":0,"enemies":"Cultist","floor":1,"turns":1},{"damage":0,"enemies":"Jaw Worm","floor":2,"turns":1},{"damage":0,"enemies":"Small Slimes","floor":5,"turns":1},{"damage":23,"enemies":"Lagavulin","floor":7,"turns":9},{"damage":11,"enemies":"Gremlin Gang","floor":10,"turns":4},{"damage":7,"enemies":"Lots of Slimes","floor":11,"turns":3},{"damage":3,"enemies":"3 Sentries","floor":12,"turns":9},{"damage":4,"enemies":"Lagavulin","floor":14,"turns":9},{"damage":52,"enemies":"Slime Boss","floor":16,"turns":10}],"seed_played":"-6775411771903461303","potions_obtained":[{"floor":1,"key":"EssenceOfSteel"},{"floor":7,"key":"BlessingOfTheForge"},{"floor":12,"key":"Weak Potion"}],"is_trial":false,"path_per_floor":["M","M","?","$","M","R","E","?","T","M","M","E","R","E","R","B"],"character_chosen":"DEFECT","items_purchased":["Bandage Up"],"campfire_rested":1,"item_purchase_floors":[4],"current_hp_per_floor":[64,64,43,43,43,43,24,24,24,19,18,21,42,44,44,0],"gold":175,"neow_bonus":"THREE_ENEMY_KILL","is_prod":false,"is_daily":false,"chose_seed":false,"campfire_upgraded":2,"win_rate":0,"timestamp":1646407699,"path_taken":["M","M","?","$","M","R","E","?","T","?","M","E","R","E","R","BOSS"],"build_version":"2022-02-27","purchased_purges":0,"victory":false,"max_hp_per_floor":[71,71,71,71,71,71,71,71,71,71,71,71,71,71,71,71],"card_choices":[{"not_picked":["Fusion","Double Energy"],"picked":"Ball Lightning","floor":1},{"not_picked":["Ball Lightning","Redo"],"picked":"Glacier","floor":2},{"not_picked":["Sunder","Sweeping Beam","Leap"],"picked":"SKIP","floor":5},{"not_picked":["White Noise","Sweeping Beam","Barrage"],"picked":"SKIP","floor":7},{"not_picked":["Redo","Force Field","Rebound"],"picked":"SKIP","floor":10},{"not_picked":["Conserve Battery","Lockon"],"picked":"Capacitor","floor":11},{"not_picked":["Scrape","Beam Cell"],"picked":"Multi-Cast","floor":12},{"not_picked":["Turbo","Scrape"],"picked":"Self Repair","floor":14}],"player_experience":1800992,"relics_obtained":[{"floor":7,"key":"Kunai"},{"floor":9,"key":"Gremlin Horn"},{"floor":12,"key":"Juzu Bracelet"},{"floor":14,"key":"DataDisk"}],"event_choices":[{"damage_healed":0,"gold_gain":0,"player_choice":"Entered Light","damage_taken":21,"max_hp_gain":0,"max_hp_loss":0,"event_name":"Shining Light","floor":3,"gold_loss":0,"cards_upgraded":["Defend_B","Strike_B"]},{"damage_healed":0,"gold_gain":0,"player_choice":"Grow","damage_taken":0,"max_hp_gain":0,"max_hp_loss":0,"event_name":"Living Wall","floor":8,"gold_loss":0,"cards_upgraded":["Bandage Up"]}],"is_beta":false,"boss_relics":[],"items_purged_floors":[],"is_endless":false,"potions_floor_spawned":[1,7,12],"killed_by":"Slime Boss","ascension_level":20}