{"gold_per_floor":[112,72,72,222,237,269,269,296,322,348,358,370,74,84,84,160,160,130,180,43,43,54,54],"floor_reached":23,"playtime":665,"items_purged":["Doubt","Strike_B"],"score":468,"play_id":"6139403f-a669-4490-81f4-23adef42fbe7","local_time":"20220706125340","is_ascension_mode":true,"campfire_choices":[{"data":"Fusion","floor":7,"key":"SMITH"},{"floor":15,"key":"REST"}],"neow_cost":"NONE","seed_source_timestamp":848722309517400,"circlet_count":0,"master_deck":["AscendersBane","Strike_B+1","Strike_B+1","Defend_B","Defend_B","Defend_B","Defend_B","Zap","Dualcast","Leap","Fusion+1","Glacier","Electrodynamics","Coolheaded","Static Discharge","Creative AI","Doom and Gloom"],"relics":["Cracked Core","NeowsBlessing","Toy Ornithopter","Oddly Smooth Stone","Ancient Tea Set","Orichalcum","Akabeko","Tiny Chest","Black Star","Whetstone"],"potions_floor_usage":[8,10,12,16,16,18],"damage_taken":[{"damage":0,"enemies":"2 Louse","floor":1,"turns":1},{"damage":0,"enemies":"Jaw Worm","floor":5,"turns":1},{"damage":0,"enemies":"Lagavulin","floor":6,"turns":2},{"damage":14,"enemies":"3 Sentries","floor":8,"turns":6},{"damage":26,"enemies":"Gremlin Nob","floor":10,"turns":5},{"damage":1,"enemies":"Cultist","floor":11,"turns":4},{"damage":18,"enemies":"Exordium Wildlife","floor":12,"turns":6},{"damage":0,"enemies":"Large Slime","floor":14,"turns":5},{"damage":25,"enemies":"Slime Boss","floor":16,"turns":11},{"damage":18,"enemies":"2 Thieves","floor":18,"turns":4},{"damage":13,"enemies":"Shell Parasite","floor":22,"turns":5},{"damage":39,"enemies":"Gremlin Leader","floor":23,"turns":5}],"seed_played":"-5779659198829620372","potions_obtained":[{"floor":6,"key":"DistilledChaos"},{"floor":8,"key":"Fire Potion"},{"floor":11,"key":"Regen Potion"},{"floor":14,"key":"DistilledChaos"},{"floor":16,"key":"EssenceOfSteel"}],"is_trial":false,"path_per_floor":["M","$","?","?","M","E","R","E","T","E","M","M","$","M","R","B",null,"M","T","$","?","M","E"],"character_chosen":"DEFECT","items_purchased":["Fusion","Tiny Chest","PowerPotion","Doom and Gloom"],"campfire_rested":1,"item_purchase_floors":[2,13,13,20],"current_hp_per_floor":[64,64,59,59,59,59,59,50,50,29,28,30,30,30,51,36,62,49,49,49,49,36,0],"gold":54,"neow_bonus":"THREE_ENEMY_KILL","is_prod":false,"is_daily":false,"chose_seed":false,"campfire_upgraded":1,"win_rate":0,"timestamp":1657104820,"path_taken":["M","$","?","?","M","E","R","E","T","E","M","M","?","?","R","BOSS","M","?","$","?","M","E"],"build_version":"2022-03-07","purchased_purges":2,"victory":false,"max_hp_per_floor":[71,71,71,71,71,71,71,71,71,71,71,71,71,71,71,71,71,71,71,71,71,71,71],"card_choices":[{"not_picked":["Scrape","Go for the Eyes"],"picked":"Leap","floor":1},{"not_picked":["Compile Driver","Leap"],"picked":"Glacier","floor":5},{"not_picked":["Compile Driver","Lockon"],"picked":"Electrodynamics","floor":6},{"not_picked":["Auto Shields","Steam"],"picked":"Coolheaded","floor":8},{"not_picked":["White Noise","Sweeping Beam","Ball Lightning"],"picked":"SKIP","floor":10},{"not_picked":["Consume","Redo"],"picked":"Static Discharge","floor":11},{"not_picked":["Barrage","Compile Driver","Reinforced Body"],"picked":"SKIP","floor":12},{"not_picked":["Genetic Algorithm","Beam Cell","Rebound"],"picked":"SKIP","floor":14},{"not_picked":["Hyperbeam","Fission"],"picked":"Creative AI","floor":16},{"not_picked":["Gash","Doom and Gloom+1","Reinforced Body"],"picked":"SKIP","floor":18},{"not_picked":["Go for the Eyes","Streamline","Undo"],"picked":"SKIP","floor":22}],"player_experience":1880364,"relics_obtained":[{"floor":6,"key":"Oddly Smooth Stone"},{"floor":8,"key":"Ancient Tea Set"},{"floor":9,"key":"Orichalcum"},{"floor":10,"key":"Akabeko"},{"floor":19,"key":"Whetstone"}],"event_choices":[{"damage_healed":0,"gold_gain":0,"player_choice":"Success","damage_taken":5,"relics_obtained":["Toy Ornithopter"],"max_hp_gain":0,"max_hp_loss":0,"event_name":"Scrap Ooze","floor":3,"gold_loss":0},{"damage_healed":0,"gold_gain":150,"player_choice":"AGREE","damage_taken":0,"max_hp_gain":0,"max_hp_loss":0,"event_name":"Liars Game","floor":4,"gold_loss":0,"cards_obtained":["Doubt"]},{"cards_removed":["Strike_B"],"damage_healed":0,"gold_gain":0,"player_choice":"Elegance","damage_taken":0,"max_hp_gain":0,"max_hp_loss":0,"event_name":"Back to Basics","floor":21,"gold_loss":0}],"is_beta":false,"boss_relics":[{"not_picked":["Runic Pyramid","Philosopher\u0027s Stone"],"picked":"Black Star"}],"items_purged_floors":[13,20],"is_endless":false,"potions_floor_spawned":[6,8,11,14,16],"killed_by":"Gremlin Leader","ascension_level":20}