{"gold_per_floor":[109,259,259,21,35,61,61,94,94,112,112,17,17,17,17,17],"floor_reached":16,"playtime":310,"items_purged":["Strike_B"],"score":262,"play_id":"31646fc5-046a-4ddb-b211-e38e0f370ed1","local_time":"20220706125902","is_ascension_mode":true,"campfire_choices":[{"data":"Hologram","floor":7,"key":"SMITH"},{"floor":11,"key":"REST"},{"data":"Zap","floor":15,"key":"SMITH"}],"neow_cost":"NONE","seed_source_timestamp":849399640284200,"circlet_count":0,"master_deck":["AscendersBane","Strike_B","Strike_B","Strike_B","Defend_B","Defend_B","Defend_B","Defend_B","Zap+1","Dualcast","Gash","Hologram+1","Chaos","Beam Cell","Impatience"],"relics":["Cracked Core","NeowsBlessing","Chemical X","Pantograph","Anchor","Cables","Boot"],"potions_floor_usage":[16,16],"damage_taken":[{"damage":0,"enemies":"2 Louse","floor":1,"turns":2},{"damage":0,"enemies":"Jaw Worm","floor":5,"turns":1},{"damage":0,"enemies":"3 Sentries","floor":6,"turns":1},{"damage":29,"enemies":"Lagavulin","floor":8,"turns":7},{"damage":1,"enemies":"Small Slimes","floor":10,"turns":3},{"damage":60,"enemies":"Hexaghost","floor":16,"turns":9}],"seed_played":"6333189199527923609","potions_obtained":[{"floor":1,"key":"Energy Potion"},{"floor":8,"key":"SneckoOil"}],"is_trial":false,"path_per_floor":["M","?","?","$","M","E","R","E","T","M","R","$","?","$","R","B"],"character_chosen":"DEFECT","items_purchased":["Chemical X","Impatience"],"campfire_rested":1,"item_purchase_floors":[4,12],"current_hp_per_floor":[64,64,57,57,57,57,57,28,28,27,48,48,30,30,30,0],"gold":17,"neow_bonus":"THREE_ENEMY_KILL","is_prod":false,"is_daily":false,"chose_seed":false,"campfire_upgraded":2,"win_rate":0,"timestamp":1657105142,"path_taken":["M","?","?","$","M","E","R","E","T","M","R","?","?","$","R","BOSS"],"build_version":"2022-03-07","purchased_purges":1,"victory":false,"max_hp_per_floor":[71,71,71,71,71,71,71,71,71,71,71,71,71,71,71,71],"card_choices":[{"not_picked":["BootSequence","Rebound"],"picked":"Gash","floor":1},{"not_picked":["Streamline","Conserve Battery"],"picked":"Hologram","floor":5},{"not_picked":["Steam","Recycle","Consume"],"picked":"SKIP","floor":6},{"not_picked":["Compile Driver","Glacier"],"picked":"Chaos","floor":8},{"not_picked":["Turbo","Conserve Battery"],"picked":"Beam Cell","floor":10}],"player_experience":1881029,"relics_obtained":[{"floor":6,"key":"Pantograph"},{"floor":8,"key":"Anchor"},{"floor":9,"key":"Cables"}],"event_choices":[{"damage_healed":0,"gold_gain":150,"player_choice":"AGREE","damage_taken":0,"max_hp_gain":0,"max_hp_loss":0,"event_name":"Liars Game","floor":2,"gold_loss":0,"cards_obtained":["Doubt"]},{"cards_removed":["Doubt"],"damage_healed":0,"gold_gain":0,"player_choice":"Card Removal","damage_taken":7,"max_hp_gain":0,"max_hp_loss":0,"event_name":"Golden Wing","floor":3,"gold_loss":0},{"damage_healed":0,"gold_gain":0,"player_choice":"Success","damage_taken":18,"relics_obtained":["Boot"],"max_hp_gain":0,"max_hp_loss":0,"event_name":"Scrap Ooze","floor":13,"gold_loss":0}],"is_beta":false,"boss_relics":[],"items_purged_floors":[4],"is_endless":false,"potions_floor_spawned":[1,8],"killed_by":"Hexaghost","ascension_level":20}