{"gold_per_floor":[368,380,392,392,467,499,56,56,56,15,44,44],"floor_reached":12,"playtime":320,"items_purged":[],"score":172,"play_id":"bf13c0e0-cf23-4182-88ae-8f5defe9e74e","local_time":"20220908223146","is_ascension_mode":true,"campfire_choices":[{"floor":8,"key":"REST"}],"neow_cost":"CURSE","seed_source_timestamp":306924429617600,"circlet_count":0,"master_deck":["AscendersBane","Strike_B","Strike_B","Strike_B","Strike_B","Defend_B","Defend_B","Defend_B","Defend_B","Zap","Dualcast","Sweeping Beam","Streamline","Scrape","Seek","Auto Shields","Conserve Battery"],"relics":["Cracked Core","Kunai","Eternal Feather","Darkstone Periapt","StrikeDummy"],"potions_floor_usage":[6,12],"damage_taken":[{"damage":2,"enemies":"Cultist","floor":1,"turns":4},{"damage":8,"enemies":"Small Slimes","floor":2,"turns":3},{"damage":3,"enemies":"2 Louse","floor":3,"turns":3},{"damage":26,"enemies":"Lagavulin","floor":6,"turns":5},{"damage":34,"enemies":"3 Sentries","floor":11,"turns":7},{"damage":2,"enemies":"Exordium Wildlife","floor":12,"turns":3}],"seed_played":"4674407295488111087","potions_obtained":[{"floor":3,"key":"BlessingOfTheForge"},{"floor":6,"key":"SpeedPotion"}],"is_trial":false,"path_per_floor":["M","M","M","?","?","E","$","R","T","$","E","M"],"character_chosen":"DEFECT","items_purchased":["Eternal Feather","Seek","Auto Shields"],"campfire_rested":1,"item_purchase_floors":[7,7,10],"current_hp_per_floor":[62,54,51,44,33,7,7,37,37,37,3,1],"gold":44,"neow_bonus":"TWO_FIFTY_GOLD","is_prod":false,"is_daily":false,"chose_seed":false,"campfire_upgraded":0,"win_rate":0,"timestamp":1662669106,"path_taken":["M","?","M","?","?","E","?","R","T","$","E","M"],"build_version":"2022-03-07","purchased_purges":0,"victory":false,"max_hp_per_floor":[71,71,71,71,71,71,71,71,71,71,71,71],"card_choices":[{"not_picked":["Stack","Compile Driver"],"picked":"Sweeping Beam","floor":1},{"not_picked":["Stack","Steam","Go for the Eyes"],"picked":"SKIP","floor":2},{"not_picked":["Hello World","Chill"],"picked":"Streamline","floor":3},{"not_picked":["Heatsinks","Static Discharge"],"picked":"Scrape","floor":6},{"not_picked":["Compile Driver","Hyperbeam"],"picked":"Conserve Battery","floor":11}],"player_experience":1904232,"relics_obtained":[{"floor":6,"key":"Kunai"},{"floor":9,"key":"Darkstone Periapt"},{"floor":11,"key":"StrikeDummy"}],"event_choices":[{"cards_removed":["Decay"],"damage_healed":0,"gold_gain":0,"player_choice":"Card Removal","damage_taken":7,"max_hp_gain":0,"max_hp_loss":0,"event_name":"Golden Wing","floor":4,"gold_loss":0},{"damage_healed":0,"gold_gain":75,"player_choice":"Gather Gold","damage_taken":11,"max_hp_gain":0,"max_hp_loss":0,"event_name":"World of Goop","floor":5,"gold_loss":0}],"is_beta":false,"boss_relics":[],"items_purged_floors":[],"is_endless":false,"potions_floor_spawned":[3,6],"killed_by":"Exordium Wildlife","ascension_level":20}