{"gold_per_floor":[117,67,82,102,58,58,85,85,85,110,110,129,204,224,224,302,302,314,327,327,343,258,258,258],"floor_reached":24,"playtime":764,"items_purged":[],"score":412,"play_id":"819b26cb-5014-4f3d-8566-a4b744949713","local_time":"20221117192353","is_ascension_mode":true,"campfire_choices":[{"data":"Zap","floor":6,"key":"SMITH"},{"data":"Biased Cognition","floor":8,"key":"SMITH"},{"floor":11,"key":"REST"},{"data":"Self Repair","floor":15,"key":"SMITH"},{"floor":23,"key":"REST"}],"neow_cost":"NONE","seed_source_timestamp":381781430092600,"circlet_count":0,"master_deck":["AscendersBane","Strike_B","Defend_B","Defend_B","Defend_B","Defend_B","Zap+1","Dualcast","Streamline","Redo","Leap","Self Repair+1","Biased Cognition+1","Capacitor","Ball Lightning","Echo Form","Rip and Tear+1","Fission+1","Genetic Algorithm+1","Self Repair+1"],"relics":["Cracked Core","NeowsBlessing","Cables","Strawberry","Lantern","Ancient Tea Set","Astrolabe","Centennial Puzzle"],"potions_floor_usage":[16,16,24],"damage_taken":[{"damage":0,"enemies":"Small Slimes","floor":1,"turns":1},{"damage":0,"enemies":"Cultist","floor":3,"turns":1},{"damage":0,"enemies":"2 Louse","floor":4,"turns":1},{"damage":26,"enemies":"3 Sentries","floor":7,"turns":7},{"damage":32,"enemies":"Gremlin Nob","floor":10,"turns":4},{"damage":0,"enemies":"Large Slime","floor":12,"turns":3},{"damage":2,"enemies":"Looter","floor":14,"turns":2},{"damage":16,"enemies":"The Guardian","floor":16,"turns":7},{"damage":15,"enemies":"Chosen","floor":18,"turns":5},{"damage":13,"enemies":"3 Byrds","floor":19,"turns":3},{"damage":52,"enemies":"3 Cultists","floor":21,"turns":5},{"damage":61,"enemies":"Gremlin Leader","floor":24,"turns":5}],"seed_played":"-497481727858772861","potions_obtained":[{"floor":3,"key":"DuplicationPotion"},{"floor":4,"key":"FocusPotion"},{"floor":21,"key":"Block Potion"}],"is_trial":false,"path_per_floor":["M","?","M","M","$","R","E","R","T","E","R","M","?","M","R","B",null,"M","M","?","M","?","R","E"],"character_chosen":"DEFECT","items_purchased":["Self Repair"],"campfire_rested":2,"item_purchase_floors":[5],"current_hp_per_floor":[64,64,64,64,64,64,52,52,52,27,50,50,39,44,44,38,68,63,60,60,28,28,51,0],"gold":258,"neow_bonus":"THREE_ENEMY_KILL","is_prod":false,"is_daily":false,"chose_seed":false,"campfire_upgraded":3,"win_rate":0,"timestamp":1668709433,"path_taken":["M","?","M","?","$","R","E","R","T","E","R","M","?","M","R","BOSS","M","M","?","M","?","R","E"],"build_version":"2022-10-04","purchased_purges":0,"victory":false,"max_hp_per_floor":[71,71,71,71,71,71,78,78,78,78,78,78,78,78,78,78,78,78,78,78,78,78,78,78],"card_choices":[{"not_picked":["Leap","Recycle"],"picked":"Streamline","floor":1},{"not_picked":["Leap","Streamline"],"picked":"Redo","floor":3},{"not_picked":["Streamline","Gash"],"picked":"Leap","floor":4},{"not_picked":["Barrage","Sunder"],"picked":"Biased Cognition","floor":7},{"not_picked":["Rebound","White Noise","Gash"],"picked":"SKIP","floor":10},{"not_picked":["Steam","Streamline"],"picked":"Capacitor","floor":12},{"not_picked":["Steam","Streamline"],"picked":"Ball Lightning","floor":14},{"not_picked":["Fission","Machine Learning"],"picked":"Echo Form","floor":16},{"not_picked":["Steam","Chill","Reprogram"],"picked":"SKIP","floor":18},{"not_picked":["Hologram","Stack"],"picked":"Self Repair+1","floor":19},{"not_picked":["Stack","Lockon+1","Beam Cell"],"picked":"SKIP","floor":21}],"player_experience":1944737,"relics_obtained":[{"floor":7,"key":"Strawberry"},{"floor":9,"key":"Lantern"},{"floor":10,"key":"Ancient Tea Set"}],"event_choices":[{"damage_healed":0,"gold_gain":0,"player_choice":"Paid Gold","damage_taken":0,"relics_obtained":["Cables"],"max_hp_gain":0,"max_hp_loss":0,"event_name":"WeMeetAgain","floor":2,"gold_loss":50},{"damage_healed":0,"gold_gain":75,"player_choice":"Gather Gold","damage_taken":11,"max_hp_gain":0,"max_hp_loss":0,"event_name":"World of Goop","floor":13,"gold_loss":0},{"damage_healed":0,"gold_gain":0,"player_choice":"Ignored","damage_taken":0,"max_hp_gain":0,"max_hp_loss":0,"event_name":"Ghosts","floor":20,"gold_loss":0},{"damage_healed":0,"gold_gain":0,"player_choice":"Obtained Relic","damage_taken":0,"relics_obtained":["Centennial Puzzle"],"max_hp_gain":0,"max_hp_loss":0,"event_name":"Addict","floor":22,"gold_loss":85}],"is_beta":false,"boss_relics":[{"not_picked":["Empty Cage","Tiny House"],"picked":"Astrolabe"}],"items_purged_floors":[],"is_endless":false,"potions_floor_spawned":[3,4,21],"killed_by":"Gremlin Leader","ascension_level":20}