{"gold_per_floor":[110,26,44,44,57,57,85,96,120,148,179,341,353,21,21,92,92,110,87,87],"floor_reached":20,"playtime":818,"items_purged":[],"score":368,"play_id":"68ce8e57-4671-41a4-86f1-f0c959a1c5c7","local_time":"20221120192844","is_ascension_mode":true,"campfire_choices":[{"data":"Zap","floor":6,"key":"SMITH"},{"data":"Defragment","floor":13,"key":"SMITH"},{"floor":15,"key":"REST"}],"neow_cost":"NONE","seed_source_timestamp":33357062867599,"circlet_count":0,"master_deck":["AscendersBane","Strike_B","Strike_B","Strike_B","Defend_B","Defend_B","Defend_B","Defend_B","Zap+1","Dualcast","Cold Snap","Self Repair","Reinforced Body","Doom and Gloom","Blizzard","Defragment+1","Amplify","Doubt","Rainbow","Compile Driver+1"],"relics":["Cracked Core","NeowsBlessing","Anchor","PreservedInsect","MawBank","FossilizedHelix","Sozu"],"potions_floor_usage":[7],"damage_taken":[{"damage":0,"enemies":"Cultist","floor":1,"turns":1},{"damage":0,"enemies":"Small Slimes","floor":3,"turns":1},{"damage":0,"enemies":"Jaw Worm","floor":5,"turns":1},{"damage":14,"enemies":"3 Sentries","floor":7,"turns":9},{"damage":0,"enemies":"Looter","floor":8,"turns":4},{"damage":21,"enemies":"Lagavulin","floor":10,"turns":6},{"damage":22,"enemies":"Exordium Thugs","floor":11,"turns":4},{"damage":26,"enemies":"The Guardian","floor":16,"turns":14},{"damage":10,"enemies":"Spheric Guardian","floor":18,"turns":7},{"damage":11,"enemies":"2 Thieves","floor":19,"turns":4},{"damage":53,"enemies":"Cultist and Chosen","floor":20,"turns":7}],"seed_played":"5692172612971644316","potions_obtained":[{"floor":3,"key":"Fire Potion"},{"floor":5,"key":"FearPotion"},{"floor":7,"key":"ColorlessPotion"},{"floor":11,"key":"Strength Potion"}],"is_trial":false,"path_per_floor":["M","$","M","?","M","R","E","M","T","E","M","?","R","$","R","B",null,"M","M","M"],"character_chosen":"DEFECT","items_purchased":["Self Repair","FossilizedHelix"],"campfire_rested":1,"item_purchase_floors":[2,14],"current_hp_per_floor":[64,64,64,64,64,64,57,64,64,50,35,35,35,35,56,37,63,53,49,0],"gold":87,"neow_bonus":"THREE_ENEMY_KILL","is_prod":false,"is_daily":false,"chose_seed":false,"campfire_upgraded":2,"win_rate":0,"timestamp":1668968924,"path_taken":["M","$","?","?","?","R","E","M","T","E","M","?","R","$","R","BOSS","M","M","M"],"build_version":"2022-10-04","purchased_purges":0,"victory":false,"max_hp_per_floor":[71,71,71,71,71,71,71,71,71,71,71,71,71,71,71,71,71,71,71,71],"card_choices":[{"not_picked":["Fusion","Turbo"],"picked":"Cold Snap","floor":1},{"not_picked":["Barrage","White Noise"],"picked":"Reinforced Body","floor":3},{"not_picked":["Steam","Compile Driver"],"picked":"Doom and Gloom","floor":5},{"not_picked":["Redo","Ball Lightning"],"picked":"Blizzard","floor":7},{"not_picked":["Sunder","Conserve Battery"],"picked":"Defragment","floor":8},{"not_picked":["Hyperbeam","Sweeping Beam"],"picked":"Amplify","floor":10},{"not_picked":["Gash","Ball Lightning","Go for the Eyes"],"picked":"SKIP","floor":11},{"not_picked":["Reboot","Fission"],"picked":"Rainbow","floor":16},{"not_picked":["Genetic Algorithm","Double Energy+1"],"picked":"Compile Driver+1","floor":18},{"not_picked":["Turbo","Stack","Compile Driver+1"],"picked":"SKIP","floor":19}],"player_experience":1957467,"relics_obtained":[{"floor":7,"key":"Anchor"},{"floor":9,"key":"PreservedInsect"},{"floor":10,"key":"MawBank"}],"event_choices":[{"cards_removed":["Strike_B"],"damage_healed":0,"gold_gain":0,"player_choice":"Purged","damage_taken":0,"max_hp_gain":0,"max_hp_loss":0,"event_name":"Purifier","floor":4,"gold_loss":0},{"damage_healed":0,"gold_gain":150,"player_choice":"AGREE","damage_taken":0,"max_hp_gain":0,"max_hp_loss":0,"event_name":"Liars Game","floor":12,"gold_loss":0,"cards_obtained":["Doubt"]}],"is_beta":false,"boss_relics":[{"not_picked":["Runic Dome","Velvet Choker"],"picked":"Sozu"}],"items_purged_floors":[],"is_endless":false,"potions_floor_spawned":[3,5,7,11,18,19],"killed_by":"Cultist and Chosen","ascension_level":20}