{"gold_per_floor":[117,267,267,63,79,79,79,111,111,111,144,219,229,6,6,81,81,99,79,79,4,14,14,14],"floor_reached":24,"playtime":2921,"items_purged":["Strike_B"],"score":454,"play_id":"14df0ec7-e5ed-488d-a210-3150f691592a","local_time":"20221116214038","is_ascension_mode":true,"campfire_choices":[{"data":"Capacitor","floor":6.0,"key":"SMITH"},{"data":"Zap","floor":10,"key":"SMITH"},{"floor":15,"key":"REST"},{"floor":23,"key":"REST"}],"neow_cost":"NONE","seed_source_timestamp":301417517598700,"circlet_count":0,"master_deck":["AscendersBane","Strike_B","Strike_B","Strike_B","Defend_B","Defend_B","Defend_B","Defend_B","Zap+1","Dualcast","Auto Shields","Capacitor","Capacitor+1","Blizzard","Leap","Gash","Cold Snap","Gash","Rainbow","Gash","Self Repair"],"special_seed":0,"relics":["Cracked Core","NeowsBlessing","DollysMirror","Lizard Tail","Pear","Omamori","OrangePellets","Calling Bell","Boot","Shuriken","Ginger"],"potions_floor_usage":[11,20,22],"damage_taken":[{"damage":0.0,"enemies":"2 Louse","floor":1.0,"turns":1.0},{"damage":0.0,"enemies":"Small Slimes","floor":5.0,"turns":1.0},{"damage":0.0,"enemies":"3 Sentries","floor":8.0,"turns":2.0},{"damage":16,"enemies":"Lagavulin","floor":11,"turns":10},{"damage":0,"enemies":"Cultist","floor":13,"turns":4},{"damage":59,"enemies":"The Guardian","floor":16,"turns":14},{"damage":30,"enemies":"3 Byrds","floor":18,"turns":5},{"damage":0,"enemies":"2 Thieves","floor":20,"turns":1},{"damage":35,"enemies":"Centurion and Healer","floor":22,"turns":11},{"damage":45,"enemies":"Gremlin Leader","floor":24,"turns":4}],"seed_played":"1306699355584101380","potions_obtained":[{"floor":1.0,"key":"EssenceOfSteel"},{"floor":8,"key":"SmokeBomb"},{"floor":11,"key":"PotionOfCapacity"},{"floor":16,"key":"Regen Potion"}],"is_trial":false,"path_per_floor":["M","?","?","$","M","R","?","E","T","R","E","?","M","$","R","B",null,"M","?","M","$","M","R","E"],"character_chosen":"DEFECT","items_purchased":["Capacitor","DollysMirror","OrangePellets","Gash"],"campfire_rested":2,"item_purchase_floors":[4,4,14,14],"current_hp_per_floor":[64,64,64,64,64,64,38,38,48,48,32,21,21,21,45,33,69,39,39,39,39,19,43,0],"gold":14,"neow_bonus":"THREE_ENEMY_KILL","is_prod":false,"is_daily":false,"chose_seed":false,"campfire_upgraded":2,"win_rate":0,"timestamp":1668631238,"path_taken":["M","?","?","$","?","R","?","E","T","R","E","?","M","$","R","BOSS","M","?","?","$","M","R","E"],"build_version":"2022-10-04","purchased_purges":1,"victory":false,"max_hp_per_floor":[71,71,71,71,71,71,71,71,81,81,81,81,81,81,81,81,81,81,81,81,81,81,81,81],"card_choices":[{"not_picked":["Recycle","Compile Driver"],"picked":"Auto Shields","floor":1.0},{"not_picked":["Stack","Lockon"],"picked":"Blizzard","floor":5.0},{"not_picked":["FTL","Stack"],"picked":"Leap","floor":8},{"not_picked":["Compile Driver","Rebound"],"picked":"Gash","floor":11},{"not_picked":["Skim","Barrage"],"picked":"Cold Snap","floor":13},{"not_picked":["Biased Cognition","Reboot"],"picked":"Rainbow","floor":16},{"not_picked":["Stack","Rebound"],"picked":"Gash","floor":18},{"not_picked":["Leap","Redo+1"],"picked":"Self Repair","floor":22}],"player_experience":1940241,"relics_obtained":[{"floor":9,"key":"Pear"},{"floor":11,"key":"Omamori"},{"floor":17,"key":"Boot"},{"floor":17,"key":"Shuriken"},{"floor":17,"key":"Ginger"}],"event_choices":[{"damage_healed":0.0,"max_hp_gain":0.0,"max_hp_loss":0.0,"gold_gain":150.0,"event_name":"Liars Game","player_choice":"AGREE","floor":2.0,"gold_loss":0.0,"damage_taken":0.0,"cards_obtained":["Doubt"]},{"cards_removed":["Doubt"],"damage_healed":0.0,"max_hp_gain":0.0,"max_hp_loss":0.0,"gold_gain":0.0,"event_name":"Fountain of Cleansing","player_choice":"Removed Curses","floor":3.0,"gold_loss":0.0,"damage_taken":0.0},{"damage_healed":0.0,"max_hp_gain":0.0,"max_hp_loss":0.0,"gold_gain":0.0,"event_name":"Scrap Ooze","player_choice":"Success","floor":7.0,"gold_loss":0.0,"damage_taken":26.0,"relics_obtained":["Lizard Tail"]},{"damage_healed":0,"gold_gain":75,"player_choice":"Gather Gold","damage_taken":11,"max_hp_gain":0,"max_hp_loss":0,"event_name":"World of Goop","floor":12,"gold_loss":0},{"damage_healed":0,"gold_gain":0,"player_choice":"Bought 1 Potion","damage_taken":0,"max_hp_gain":0,"max_hp_loss":0,"event_name":"The Woman in Blue","floor":19,"gold_loss":0}],"is_beta":false,"boss_relics":[{"not_picked":["Sozu","Fusion Hammer"],"picked":"Calling Bell"}],"items_purged_floors":[21],"is_endless":false,"potions_floor_spawned":[1,8,11,16],"killed_by":"Gremlin Leader","ascension_level":20}