{"gold_per_floor":[116,116,41,41,60,60,60,85,138,173,9,27,40,40],"floor_reached":14,"playtime":240,"items_purged":["Regret"],"score":246,"play_id":"15b768e0-38ef-4aba-97ed-4515e2b2a7e9","local_time":"20221116214448","is_ascension_mode":true,"campfire_choices":[{"data":"Fusion","floor":6,"key":"SMITH"}],"neow_cost":"NONE","seed_source_timestamp":304359705273900,"circlet_count":0,"master_deck":["AscendersBane","Strike_B","Strike_B","Strike_B","Defend_B","Defend_B","Defend_B","Zap+1","Dualcast","Coolheaded","Skim","Fusion+1","Ball Lightning","Stack+1","Capacitor","Glacier+1"],"relics":["Cracked Core","NeowsBlessing","Toxic Egg 2","The Courier","Bag of Marbles","Ornamental Fan","Membership Card","Strawberry"],"potions_floor_usage":[14,14],"damage_taken":[{"damage":0,"enemies":"Small Slimes","floor":1,"turns":1},{"damage":0,"enemies":"Jaw Worm","floor":5,"turns":1},{"damage":0,"enemies":"3 Sentries","floor":8,"turns":1},{"damage":46,"enemies":"Gremlin Nob","floor":10,"turns":4},{"damage":0,"enemies":"2 Louse","floor":12,"turns":1},{"damage":13,"enemies":"Red Slaver","floor":13,"turns":5},{"damage":16,"enemies":"3 Sentries","floor":14,"turns":4}],"seed_played":"8043033062739998318","potions_obtained":[{"floor":8,"key":"LiquidBronze"},{"floor":13,"key":"ColorlessPotion"}],"is_trial":false,"path_per_floor":["M","?","?","?","M","R","?","E","T","E","$","M","M","?"],"character_chosen":"DEFECT","items_purchased":["Membership Card"],"campfire_rested":0,"item_purchase_floors":[11],"current_hp_per_floor":[64,64,64,64,64,64,64,64,64,18,18,18,5,0],"gold":40,"neow_bonus":"THREE_ENEMY_KILL","is_prod":false,"is_daily":false,"chose_seed":false,"campfire_upgraded":1,"win_rate":0,"timestamp":1668631488,"path_taken":["M","?","?","?","?","R","?","E","T","E","$","M","M","?"],"build_version":"2022-10-04","purchased_purges":1,"victory":false,"max_hp_per_floor":[71,71,71,71,71,71,71,71,71,71,71,71,71,78],"card_choices":[{"not_picked":["Steam","Force Field"],"picked":"Coolheaded","floor":1},{"not_picked":["Force Field","White Noise"],"picked":"Fusion","floor":5},{"not_picked":["Barrage","Streamline"],"picked":"Ball Lightning","floor":8},{"not_picked":["Redo+1","Turbo+1"],"picked":"Stack+1","floor":10},{"not_picked":["Ball Lightning","Compile Driver"],"picked":"Capacitor","floor":12},{"not_picked":["Machine Learning","Compile Driver"],"picked":"Glacier+1","floor":13}],"player_experience":1943162,"relics_obtained":[{"floor":8,"key":"The Courier"},{"floor":9,"key":"Bag of Marbles"},{"floor":10,"key":"Ornamental Fan"}],"event_choices":[{"damage_healed":0,"gold_gain":0,"cards_transformed":["Strike_B"],"player_choice":"Change","damage_taken":0,"max_hp_gain":0,"max_hp_loss":0,"event_name":"Living Wall","floor":2,"gold_loss":0,"cards_obtained":["Skim"]},{"cards_removed":["Defend_B"],"damage_healed":0,"gold_gain":0,"player_choice":"Card Removal","damage_taken":0,"max_hp_gain":0,"max_hp_loss":0,"event_name":"The Cleric","floor":3,"gold_loss":75},{"damage_healed":0,"gold_gain":0,"player_choice":"Upgraded","damage_taken":0,"max_hp_gain":0,"max_hp_loss":0,"event_name":"Upgrade Shrine","floor":4,"gold_loss":0,"cards_upgraded":["Zap"]},{"damage_healed":0,"gold_gain":0,"player_choice":"Box","damage_taken":0,"relics_obtained":["Toxic Egg 2"],"max_hp_gain":0,"max_hp_loss":0,"event_name":"Big Fish","floor":7,"gold_loss":0,"cards_obtained":["Regret"]},{"damage_healed":0,"gold_gain":0,"player_choice":"Searched \u00272\u0027 times","damage_taken":0,"relics_obtained":["Strawberry"],"max_hp_gain":0,"max_hp_loss":0,"event_name":"Dead Adventurer","floor":14,"gold_loss":0}],"is_beta":false,"boss_relics":[],"items_purged_floors":[11],"is_endless":false,"potions_floor_spawned":[8,13],"killed_by":"3 Sentries","ascension_level":20}