{"gold_per_floor":[119,119,44,62,62,62,75,75,75,75,107,107,134,134,134,205,205,223,242,242,158,170,170,204,204],"floor_reached":25,"playtime":550,"items_purged":[],"score":454,"play_id":"54bf9aa3-7a97-4b91-9208-7cb17c7e3ba9","local_time":"20221117185715","is_ascension_mode":true,"campfire_choices":[{"data":"Doom and Gloom","floor":6,"key":"SMITH"},{"data":"Thunder Strike","floor":8,"key":"SMITH"},{"data":"Ball Lightning","floor":10,"key":"SMITH"},{"floor":12,"key":"REST"},{"floor":15,"key":"REST"},{"floor":23,"key":"REST"}],"neow_cost":"NONE","seed_source_timestamp":380397215068700,"circlet_count":0,"master_deck":["AscendersBane","Strike_B","Strike_B","Strike_B","Strike_B","Defend_B","Defend_B","Defend_B","Defend_B","Zap+1","Dualcast","Ball Lightning+1","Doom and Gloom+1","Thunder Strike+1","Electrodynamics","Defragment","Capacitor"],"relics":["Cracked Core","NeowsBlessing","Letter Opener","Strawberry","Blood Vial","GremlinMask","Snecko Eye","Singing Bowl","Darkstone Periapt"],"potions_floor_usage":[13,25,25],"damage_taken":[{"damage":0,"enemies":"Cultist","floor":1,"turns":1},{"damage":0,"enemies":"Jaw Worm","floor":4,"turns":1},{"damage":0,"enemies":"2 Louse","floor":7,"turns":1},{"damage":25,"enemies":"Lagavulin","floor":11,"turns":5},{"damage":25,"enemies":"3 Sentries","floor":13,"turns":7},{"damage":35,"enemies":"The Guardian","floor":16,"turns":10},{"damage":6,"enemies":"Spheric Guardian","floor":18,"turns":3},{"damage":18,"enemies":"Chosen","floor":19,"turns":5},{"damage":18,"enemies":"3 Cultists","floor":22,"turns":4},{"damage":50,"enemies":"Slavers","floor":24,"turns":3},{"damage":31,"enemies":"Shelled Parasite and Fungi","floor":25,"turns":1}],"seed_played":"2447276166857046480","potions_obtained":[{"floor":7,"key":"EssenceOfSteel"},{"floor":18,"key":"Regen Potion"},{"floor":24,"key":"FocusPotion"}],"is_trial":false,"path_per_floor":["M","?","$","M","?","R","M","R","T","R","E","R","E","?","R","B",null,"M","M","T","$","M","R","E","M"],"character_chosen":"DEFECT","items_purchased":["Doom and Gloom","Capacitor"],"campfire_rested":3,"item_purchase_floors":[3,21],"current_hp_per_floor":[64,64,64,64,64,64,64,64,64,64,46,69,44,44,67,34,67,63,47,47,47,33,57,11,0],"gold":204,"neow_bonus":"THREE_ENEMY_KILL","is_prod":false,"is_daily":false,"chose_seed":false,"campfire_upgraded":3,"win_rate":0,"timestamp":1668707835,"path_taken":["M","?","$","?","?","R","M","R","T","R","E","R","E","?","R","BOSS","M","M","?","$","?","R","E","M"],"build_version":"2022-10-04","purchased_purges":0,"victory":false,"max_hp_per_floor":[71,71,71,71,71,71,71,71,71,71,78,78,78,78,78,78,78,78,78,78,78,80,80,82,82],"card_choices":[{"not_picked":["Stack","Leap"],"picked":"Ball Lightning","floor":1},{"not_picked":["Beam Cell","Barrage","Rebound"],"picked":"SKIP","floor":4},{"not_picked":["Doom and Gloom","Stack"],"picked":"Thunder Strike","floor":7},{"not_picked":["Streamline","Reinforced Body","Redo"],"picked":"SKIP","floor":11},{"not_picked":["Compile Driver","Stack","Blizzard"],"picked":"SKIP","floor":13},{"not_picked":["Reboot","Echo Form"],"picked":"Electrodynamics","floor":16},{"not_picked":["Ball Lightning","Turbo","Streamline"],"picked":"SKIP","floor":18},{"not_picked":["Sweeping Beam","Rainbow"],"picked":"Defragment","floor":19},{"not_picked":["Beam Cell","Conserve Battery","Go for the Eyes"],"picked":"Singing Bowl","floor":22},{"not_picked":["Beam Cell+1","Sunder","Static Discharge"],"picked":"Singing Bowl","floor":24}],"player_experience":1943402,"relics_obtained":[{"floor":9,"key":"Letter Opener"},{"floor":11,"key":"Strawberry"},{"floor":13,"key":"Blood Vial"},{"floor":20,"key":"Singing Bowl"},{"floor":24,"key":"Darkstone Periapt"}],"event_choices":[{"damage_healed":0,"gold_gain":0,"player_choice":"Upgraded","damage_taken":0,"max_hp_gain":0,"max_hp_loss":0,"event_name":"Upgrade Shrine","floor":2,"gold_loss":0,"cards_upgraded":["Zap"]},{"damage_healed":0,"gold_gain":0,"player_choice":"Leave","damage_taken":0,"max_hp_gain":0,"max_hp_loss":0,"event_name":"The Cleric","floor":5,"gold_loss":0},{"damage_healed":0,"gold_gain":0,"player_choice":"Trade","damage_taken":0,"relics_obtained":["GremlinMask"],"max_hp_gain":0,"max_hp_loss":0,"event_name":"FaceTrader","floor":14,"gold_loss":0}],"is_beta":false,"boss_relics":[{"not_picked":["Ectoplasm","Runic Pyramid"],"picked":"Snecko Eye"}],"items_purged_floors":[],"is_endless":false,"potions_floor_spawned":[7,18,24],"killed_by":"Shelled Parasite and Fungi","ascension_level":20}