{"gold_per_floor":[115,115,135,135,135,135,164,164,189,189,189,189],"floor_reached":12,"playtime":270,"items_purged":[],"score":148,"play_id":"d6795a5e-e43a-4606-8667-6617c19d7493","local_time":"20221117190159","is_ascension_mode":true,"campfire_choices":[{"floor":6,"key":"REST"},{"floor":8,"key":"REST"},{"data":"Zap","floor":10,"key":"SMITH"}],"neow_cost":"TEN_PERCENT_HP_LOSS","seed_source_timestamp":380961579786600,"circlet_count":0,"master_deck":["AscendersBane","Strike_B","Strike_B","Strike_B","Strike_B","Defend_B","Defend_B","Defend_B","Zap+1","Dualcast+1","Conserve Battery","Chill+1","Storm","Coolheaded"],"relics":["Cracked Core","Prayer Wheel","Tiny Chest","Pantograph","Art of War","StrikeDummy"],"potions_floor_usage":[7,12],"damage_taken":[{"damage":9,"enemies":"2 Louse","floor":1,"turns":2},{"damage":0,"enemies":"Small Slimes","floor":3,"turns":3},{"damage":21,"enemies":"Lagavulin","floor":7,"turns":11},{"damage":25,"enemies":"Gremlin Nob","floor":12,"turns":3}],"seed_played":"-3556406371173439049","potions_obtained":[{"floor":3,"key":"FocusPotion"},{"floor":7,"key":"Block Potion"}],"is_trial":false,"path_per_floor":["M","?","M","?","?","R","E","R","T","R","T","E"],"character_chosen":"DEFECT","items_purchased":[],"campfire_rested":2,"item_purchase_floors":[],"current_hp_per_floor":[55,48,48,22,3,22,1,20,20,20,20,0],"gold":189,"neow_bonus":"ONE_RARE_RELIC","is_prod":false,"is_daily":false,"chose_seed":false,"campfire_upgraded":1,"win_rate":0,"timestamp":1668708119,"path_taken":["M","?","M","?","?","R","E","R","T","R","?","E"],"build_version":"2022-10-04","purchased_purges":0,"victory":false,"max_hp_per_floor":[64,64,64,64,64,64,64,64,64,64,64,64],"card_choices":[{"not_picked":["Rebound","Steam"],"picked":"Conserve Battery","floor":1},{"not_picked":["Leap","Auto Shields"],"picked":"Chill","floor":1},{"not_picked":["Rebound","BootSequence"],"picked":"Storm","floor":3},{"not_picked":["Tempest","Skim"],"picked":"Coolheaded","floor":3},{"not_picked":["Redo","Genetic Algorithm","Turbo"],"picked":"SKIP","floor":7}],"player_experience":1943952,"relics_obtained":[{"floor":7,"key":"Pantograph"},{"floor":9,"key":"Art of War"},{"floor":11,"key":"StrikeDummy"}],"event_choices":[{"cards_removed":["Defend_B"],"damage_healed":0,"gold_gain":0,"player_choice":"Card Removal","damage_taken":7,"max_hp_gain":0,"max_hp_loss":0,"event_name":"Golden Wing","floor":2,"gold_loss":0},{"damage_healed":0,"gold_gain":0,"player_choice":"Success","damage_taken":26,"relics_obtained":["Tiny Chest"],"max_hp_gain":0,"max_hp_loss":0,"event_name":"Scrap Ooze","floor":4,"gold_loss":0},{"damage_healed":0,"gold_gain":0,"player_choice":"Entered Light","damage_taken":19,"max_hp_gain":0,"max_hp_loss":0,"event_name":"Shining Light","floor":5,"gold_loss":0,"cards_upgraded":["Chill","Dualcast"]}],"is_beta":false,"boss_relics":[],"items_purged_floors":[],"is_endless":false,"potions_floor_spawned":[3,7],"killed_by":"Gremlin Nob","ascension_level":20}