{"gold_per_floor":[113,132,132,57,57,57,98,98,123,167,190,224,297,59,59,148,148,172,72,72,72,86,86,112,150,177,202,202],"floor_reached":28,"playtime":1120,"items_purged":["Regret"],"score":604,"play_id":"a73bda2c-981c-4743-b564-7915697ff08e","local_time":"20221117194615","is_ascension_mode":true,"campfire_choices":[{"data":"Tempest","floor":6,"key":"SMITH"},{"data":"Capacitor","floor":15,"key":"SMITH"},{"data":"Panacea","floor":23,"key":"SMITH"}],"neow_cost":"NONE","seed_source_timestamp":382766995952700,"circlet_count":0,"master_deck":["AscendersBane","Strike_B","Strike_B","Defend_B","Defend_B","Defend_B","Defend_B","Zap","Dualcast","Sweeping Beam","Tempest+1","Conserve Battery","Turbo","Cold Snap+1","Chill","Capacitor+1","Biased Cognition","Panacea+1","Melter+1","Rip and Tear+1"],"relics":["Cracked Core","NeowsBlessing","Lantern","Golden Idol","Nunchaku","Tiny Chest","HornCleat","Molten Egg 2","PreservedInsect","Lee\u0027s Waffle","Black Star","Art of War","Orichalcum","MealTicket","Oddly Smooth Stone"],"potions_floor_usage":[10,12,18],"damage_taken":[{"damage":0,"enemies":"2 Louse","floor":1,"turns":1},{"damage":0,"enemies":"Small Slimes","floor":2,"turns":1},{"damage":0,"enemies":"Lagavulin","floor":7,"turns":1},{"damage":0,"enemies":"Gremlin Nob","floor":10,"turns":2},{"damage":7,"enemies":"Jaw Worm","floor":11,"turns":2},{"damage":23,"enemies":"Lagavulin","floor":12,"turns":6},{"damage":23,"enemies":"Gremlin Nob","floor":13,"turns":4},{"damage":22,"enemies":"The Guardian","floor":16,"turns":13},{"damage":8,"enemies":"3 Byrds","floor":18,"turns":6},{"damage":0,"enemies":"Spheric Guardian","floor":22,"turns":3},{"damage":34,"enemies":"Book of Stabbing","floor":25,"turns":5},{"damage":21,"enemies":"Centurion and Healer","floor":27,"turns":8},{"damage":12,"enemies":"Snake Plant","floor":28,"turns":1}],"seed_played":"-1014944267498534896","potions_obtained":[{"floor":2,"key":"AttackPotion"},{"floor":10,"key":"PotionOfCapacity"},{"floor":11,"key":"Fire Potion"},{"floor":18,"key":"Explosive Potion"}],"is_trial":false,"path_per_floor":["M","M","?","$","?","R","E","?","T","E","M","E","?","$","R","B",null,"M","$","?","?","M","R","T","E","T","M","M"],"character_chosen":"DEFECT","items_purchased":["Lee\u0027s Waffle","Capacitor","Panacea"],"campfire_rested":0,"item_purchase_floors":[14,14,19],"current_hp_per_floor":[64,64,64,64,64,64,64,64,64,64,57,34,11,78,78,56,73,65,65,65,65,65,65,65,31,31,10,0],"gold":202,"neow_bonus":"THREE_ENEMY_KILL","is_prod":false,"is_daily":false,"chose_seed":false,"campfire_upgraded":3,"win_rate":0,"timestamp":1668710775,"path_taken":["M","M","?","$","?","R","E","?","T","E","M","E","?","$","R","BOSS","M","$","?","?","M","R","?","E","T","?","M"],"build_version":"2022-10-04","purchased_purges":1,"victory":false,"max_hp_per_floor":[71,71,71,71,71,71,71,71,71,71,71,71,71,78,78,78,78,78,78,78,78,78,78,78,78,78,78,78],"card_choices":[{"not_picked":["Hologram","Loop"],"picked":"Sweeping Beam","floor":1},{"not_picked":["BootSequence","Stack"],"picked":"Tempest","floor":2},{"not_picked":["Sunder","Coolheaded"],"picked":"Conserve Battery","floor":7},{"not_picked":["Heatsinks","Hologram","Fission"],"picked":"SKIP","floor":10},{"not_picked":["Darkness","Hologram"],"picked":"Turbo","floor":11},{"not_picked":["Hologram","Beam Cell+1"],"picked":"Cold Snap+1","floor":12},{"not_picked":["Ball Lightning+1","Cold Snap+1"],"picked":"Chill","floor":13},{"not_picked":["All For One+1","Creative AI"],"picked":"Biased Cognition","floor":16},{"not_picked":["Sweeping Beam+1","Storm","Conserve Battery"],"picked":"SKIP","floor":18},{"not_picked":["Recycle","Skim","Steam"],"picked":"SKIP","floor":22},{"not_picked":["Streamline+1","Steam","Gash+1"],"picked":"SKIP","floor":25},{"not_picked":["Ball Lightning+1","Tempest","Scrape+1"],"picked":"SKIP","floor":27}],"player_experience":1945661,"relics_obtained":[{"floor":7,"key":"Nunchaku"},{"floor":9,"key":"Tiny Chest"},{"floor":10,"key":"HornCleat"},{"floor":12,"key":"Molten Egg 2"},{"floor":13,"key":"PreservedInsect"},{"floor":24,"key":"Art of War"},{"floor":25,"key":"Orichalcum"},{"floor":25,"key":"MealTicket"},{"floor":26,"key":"Oddly Smooth Stone"}],"event_choices":[{"damage_healed":0,"gold_gain":0,"player_choice":"Box","damage_taken":0,"relics_obtained":["Lantern"],"max_hp_gain":0,"max_hp_loss":0,"event_name":"Big Fish","floor":3,"gold_loss":0,"cards_obtained":["Regret"]},{"damage_healed":0,"gold_gain":0,"player_choice":"Take Wound","damage_taken":0,"relics_obtained":["Golden Idol"],"max_hp_gain":0,"max_hp_loss":0,"event_name":"Golden Idol","floor":5,"gold_loss":0,"cards_obtained":["Injury"]},{"cards_removed":["Injury"],"damage_healed":0,"gold_gain":0,"player_choice":"Forget","damage_taken":0,"max_hp_gain":0,"max_hp_loss":0,"event_name":"Living Wall","floor":8,"gold_loss":0},{"damage_healed":0,"gold_gain":0,"player_choice":"Searched \u00271\u0027 times","damage_taken":0,"max_hp_gain":0,"max_hp_loss":0,"event_name":"Dead Adventurer","floor":13,"gold_loss":0},{"damage_healed":0,"gold_gain":0,"player_choice":"Ignored","damage_taken":0,"max_hp_gain":0,"max_hp_loss":0,"event_name":"Vampires","floor":20,"gold_loss":0},{"damage_healed":0,"gold_gain":0,"cards_transformed":["Strike_B","Strike_B"],"player_choice":"Became Test Subject","damage_taken":0,"max_hp_gain":0,"max_hp_loss":0,"event_name":"Drug Dealer","floor":21,"gold_loss":0,"cards_obtained":["Melter","Rip and Tear"]}],"is_beta":false,"boss_relics":[{"not_picked":["Tiny House","Runic Pyramid"],"picked":"Black Star"}],"items_purged_floors":[4],"is_endless":false,"potions_floor_spawned":[2,10,11,18],"killed_by":"Snake Plant","ascension_level":20}