{"gold_per_floor":[13,33,33,83,33,66,66,77,77,106,119,137,169,184,184,184],"floor_reached":16,"playtime":567,"items_purged":[],"score":294,"play_id":"05391b46-7e86-4795-a505-5bc1cfb44e41","local_time":"20221120114414","is_ascension_mode":true,"campfire_choices":[{"data":"Hologram","floor":7,"key":"SMITH"},{"data":"Reprogram","floor":15,"key":"SMITH"}],"neow_cost":"NO_GOLD","seed_source_timestamp":5737832991200,"circlet_count":0,"master_deck":["AscendersBane","Strike_B","Strike_B","Strike_B","Strike_B","Defend_B","Defend_B","Defend_B","Defend_B","Zap","Dualcast","Hyperbeam+1","Beam Cell","Reprogram+1","Gash","Hologram+1","Reinforced Body","Scrape+1"],"relics":["Cracked Core","Molten Egg 2","Lantern","Mercury Hourglass"],"potions_floor_usage":[6,10,13,14,16],"damage_taken":[{"damage":0,"enemies":"Cultist","floor":1,"turns":2},{"damage":2,"enemies":"Jaw Worm","floor":2,"turns":3},{"damage":0,"enemies":"3 Sentries","floor":6,"turns":1},{"damage":4,"enemies":"Small Slimes","floor":8,"turns":3},{"damage":10,"enemies":"Gremlin Nob","floor":10,"turns":3},{"damage":0,"enemies":"3 Louse","floor":11,"turns":1},{"damage":11,"enemies":"2 Fungi Beasts","floor":12,"turns":3},{"damage":8,"enemies":"3 Sentries","floor":13,"turns":4},{"damage":4,"enemies":"Exordium Thugs","floor":14,"turns":3},{"damage":23,"enemies":"Hexaghost","floor":16,"turns":9}],"seed_played":"5182110842428301690","potions_obtained":[{"floor":2,"key":"LiquidMemories"},{"floor":6,"key":"SneckoOil"},{"floor":10,"key":"SkillPotion"},{"floor":14,"key":"EntropicBrew"}],"is_trial":false,"path_per_floor":["M","M","?","?","$","E","R","M","T","E","M","M","E","M","R","B"],"character_chosen":"DEFECT","items_purchased":["Gash"],"campfire_rested":0,"item_purchase_floors":[5],"current_hp_per_floor":[64,62,62,55,55,55,55,51,51,41,41,30,22,18,18,0],"gold":184,"neow_bonus":"THREE_RARE_CARDS","is_prod":false,"is_daily":false,"chose_seed":false,"campfire_upgraded":2,"win_rate":0,"timestamp":1668941054,"path_taken":["M","?","?","?","$","E","R","M","T","E","M","?","E","M","R","BOSS"],"build_version":"2022-10-04","purchased_purges":0,"victory":false,"max_hp_per_floor":[71,71,71,71,71,71,71,71,71,71,71,71,71,71,71,71],"card_choices":[{"not_picked":["Multi-Cast","Amplify"],"picked":"Hyperbeam","floor":0},{"not_picked":["Redo","Glacier"],"picked":"Beam Cell","floor":1},{"not_picked":["Barrage","Double Energy"],"picked":"Reprogram","floor":2},{"not_picked":["Coolheaded","Fission"],"picked":"Hologram","floor":6},{"not_picked":["Ball Lightning+1","Cold Snap+1"],"picked":"Reinforced Body","floor":8},{"not_picked":["Go for the Eyes+1","Barrage+1"],"picked":"Scrape+1","floor":10},{"not_picked":["Reinforced Body","Redo","Coolheaded"],"picked":"SKIP","floor":11},{"not_picked":["Barrage+1","Steam","Rip and Tear+1"],"picked":"SKIP","floor":12},{"not_picked":["Darkness","Sunder+1","Barrage+1"],"picked":"SKIP","floor":13},{"not_picked":["Loop","Doom and Gloom+1","Turbo"],"picked":"SKIP","floor":14}],"player_experience":1955331,"relics_obtained":[{"floor":6,"key":"Molten Egg 2"},{"floor":10,"key":"Lantern"},{"floor":13,"key":"Mercury Hourglass"}],"event_choices":[{"damage_healed":0,"gold_gain":0,"player_choice":"Grow","damage_taken":0,"max_hp_gain":0,"max_hp_loss":0,"event_name":"Living Wall","floor":3,"gold_loss":0,"cards_upgraded":["Hyperbeam"]},{"damage_healed":0,"gold_gain":50,"player_choice":"Touch","damage_taken":7,"max_hp_gain":0,"max_hp_loss":0,"event_name":"FaceTrader","floor":4,"gold_loss":0}],"is_beta":false,"boss_relics":[],"items_purged_floors":[],"is_endless":false,"potions_floor_spawned":[2,6,10,14],"killed_by":"Hexaghost","ascension_level":20}