{"gold_per_floor":[14,64,77,88,100,100,119,146,146,174,174,174,174,204,204,281,281,281,17,17,36,45,74,74,94,94,94,12,51,51,84,84,157,184,196,99,99,110,135,161,161,161,206,206,232,232,259,259,259,259,259],"floor_reached":51,"playtime":1667,"items_purged":[],"score":1635,"play_id":"da454532-18af-438c-9b12-1791c4931a0a","local_time":"20230115202904","is_ascension_mode":true,"campfire_choices":[{"data":"Multi-Cast","floor":6,"key":"SMITH"},{"floor":12,"key":"REST"},{"floor":15,"key":"REST"},{"data":"Zap","floor":24,"key":"SMITH"},{"floor":27,"key":"REST"},{"floor":30,"key":"REST"},{"floor":32,"key":"REST"},{"floor":41,"key":"REST"},{"floor":44,"key":"RECALL"},{"floor":46,"key":"REST"},{"data":"Enlightenment","floor":49,"key":"SMITH"}],"neow_cost":"NO_GOLD","seed_source_timestamp":436069224997500,"circlet_count":0,"master_deck":["AscendersBane","Strike_B","Defend_B","Defend_B","Zap+1","Dualcast","Multi-Cast+1","Ball Lightning","Lockon","Glacier","Leap","Double Energy+1","Turbo","Meteor Strike","FTL+1","Biased Cognition","Deep Breath","Defragment+1","Hologram+1","Skim+1","Creative AI+1","Enlightenment+1"],"relics":["Cracked Core","Strawberry","StrikeDummy","Centennial Puzzle","Ice Cream","Pear","Busted Crown","Singing Bowl","CeramicFish","Mercury Hourglass","Pantograph","Ancient Tea Set","Sundial","Astrolabe","TungstenRod","PreservedInsect","Omamori","Gambling Chip"],"potions_floor_usage":[7,8,18,31,33],"damage_taken":[{"damage":7,"enemies":"Small Slimes","floor":1,"turns":4},{"damage":1,"enemies":"Cultist","floor":3,"turns":3},{"damage":6,"enemies":"2 Louse","floor":4,"turns":2},{"damage":11,"enemies":"Blue Slaver","floor":5,"turns":3},{"damage":5,"enemies":"Red Slaver","floor":7,"turns":2},{"damage":11,"enemies":"Gremlin Nob","floor":8,"turns":3},{"damage":10,"enemies":"Lagavulin","floor":10,"turns":8},{"damage":8,"enemies":"Gremlin Nob","floor":14,"turns":3},{"damage":0,"enemies":"Slime Boss","floor":16,"turns":3},{"damage":5,"enemies":"Shell Parasite","floor":18,"turns":3},{"damage":11,"enemies":"2 Thieves","floor":21,"turns":3},{"damage":14,"enemies":"Book of Stabbing","floor":23,"turns":2},{"damage":18,"enemies":"Centurion and Healer","floor":25,"turns":4},{"damage":38,"enemies":"Gremlin Leader","floor":29,"turns":7},{"damage":29,"enemies":"Slavers","floor":31,"turns":4},{"damage":48,"enemies":"Automaton","floor":33,"turns":8},{"damage":11,"enemies":"Orb Walker","floor":35,"turns":2},{"damage":0,"enemies":"3 Shapes","floor":38,"turns":2},{"damage":0,"enemies":"Mind Bloom Boss Battle","floor":39,"turns":5},{"damage":51,"enemies":"Nemesis","floor":40,"turns":9},{"damage":38,"enemies":"Reptomancer","floor":45,"turns":3},{"damage":7,"enemies":"Giant Head","floor":47,"turns":4},{"damage":29,"enemies":"Donu and Deca","floor":50,"turns":8},{"damage":97,"enemies":"Awakened One","floor":51,"turns":5}],"seed_played":"-5360255637448350235","potions_obtained":[{"floor":1,"key":"Weak Potion"},{"floor":7,"key":"FearPotion"},{"floor":16,"key":"SmokeBomb"},{"floor":23,"key":"Energy Potion"},{"floor":31,"key":"Ancient Potion"},{"floor":33,"key":"FocusPotion"},{"floor":37,"key":"Dexterity Potion"}],"is_trial":false,"path_per_floor":["M","?","M","M","M","R","M","E","T","E","?","R","?","E","R","B",null,"M","$","?","M","?","E","R","M","T","R","$","E","R","E","R","B",null,"M","$","?","M","?","E","R","?","T","R","E","R","E","?","R","B","B"],"character_chosen":"DEFECT","items_purchased":["Singing Bowl","Deep Breath","Enlightenment"],"campfire_rested":7,"item_purchase_floors":[19,28,36],"current_hp_per_floor":[57,57,56,50,39,39,34,30,30,20,15,38,38,40,66,66,83,78,78,78,67,67,55,55,39,39,66,66,28,55,28,56,35,81,72,72,72,74,101,52,83,83,83,83,47,77,72,72,72,68,0],"gold":259,"neow_bonus":"THREE_RARE_CARDS","is_prod":false,"is_daily":false,"chose_seed":false,"campfire_upgraded":3,"win_rate":0,"timestamp":1673810944,"path_taken":["M","?","M","M","?","R","M","E","T","E","?","R","?","E","R","BOSS","M","$","?","?","?","E","R","M","T","R","?","E","R","E","R","BOSS","M","$","?","?","?","E","R","?","T","R","E","R","E","?","R","BOSS","BOSS"],"build_version":"2022-12-18","purchased_purges":0,"victory":false,"max_hp_per_floor":[71,71,71,71,71,71,71,78,78,78,78,78,78,88,88,88,88,88,88,88,88,88,90,90,92,92,92,92,92,92,94,94,96,96,98,98,98,100,102,104,104,99,99,99,101,101,103,103,103,103,103],"card_choices":[{"not_picked":["Seek","All For One"],"picked":"Multi-Cast","floor":0},{"not_picked":["Heatsinks","Sweeping Beam"],"picked":"FTL","floor":1},{"not_picked":["Cold Snap","White Noise"],"picked":"Ball Lightning","floor":3},{"not_picked":["Coolheaded","Melter"],"picked":"Lockon","floor":4},{"not_picked":["Hologram","Redo"],"picked":"Glacier","floor":5},{"not_picked":["Reboot","Beam Cell"],"picked":"Leap","floor":7},{"not_picked":["Steam Power","Hello World","Chill"],"picked":"SKIP","floor":8},{"not_picked":["Fission","Hyperbeam"],"picked":"Double Energy","floor":10},{"not_picked":["Conserve Battery","Tempest"],"picked":"Turbo","floor":14},{"not_picked":["Fission","Echo Form"],"picked":"Meteor Strike","floor":16},{"not_picked":[],"picked":"FTL+1","floor":21},{"not_picked":["Barrage"],"picked":"Singing Bowl","floor":23},{"not_picked":["Lockon"],"picked":"Singing Bowl","floor":25},{"not_picked":[],"picked":"Defragment+1","floor":29},{"not_picked":["Fusion"],"picked":"Singing Bowl","floor":31},{"not_picked":["Biased Cognition"],"picked":"Singing Bowl","floor":33},{"not_picked":["Turbo"],"picked":"Singing Bowl","floor":35},{"not_picked":["Sweeping Beam+1"],"picked":"Singing Bowl","floor":38},{"not_picked":["Steam"],"picked":"Singing Bowl","floor":39},{"not_picked":["Leap"],"picked":"Singing Bowl","floor":40},{"not_picked":["Turbo"],"picked":"Singing Bowl","floor":45},{"not_picked":["Doom and Gloom"],"picked":"Singing Bowl","floor":47}],"player_experience":1994712,"relics_obtained":[{"floor":8,"key":"Strawberry"},{"floor":9,"key":"StrikeDummy"},{"floor":10,"key":"Centennial Puzzle"},{"floor":14,"key":"Pear"},{"floor":23,"key":"Mercury Hourglass"},{"floor":26,"key":"Pantograph"},{"floor":29,"key":"Ancient Tea Set"},{"floor":31,"key":"Sundial"},{"floor":39,"key":"TungstenRod"},{"floor":40,"key":"PreservedInsect"},{"floor":45,"key":"Omamori"},{"floor":47,"key":"Gambling Chip"}],"event_choices":[{"damage_healed":0,"gold_gain":50,"player_choice":"Pray","damage_taken":0,"max_hp_gain":0,"max_hp_loss":0,"event_name":"Golden Shrine","floor":2,"gold_loss":0},{"damage_healed":0,"gold_gain":0,"player_choice":"Success","damage_taken":5,"relics_obtained":["Ice Cream"],"max_hp_gain":0,"max_hp_loss":0,"event_name":"Scrap Ooze","floor":11,"gold_loss":0},{"damage_healed":0,"gold_gain":0,"player_choice":"Grow","damage_taken":0,"max_hp_gain":0,"max_hp_loss":0,"event_name":"Living Wall","floor":13,"gold_loss":0,"cards_upgraded":["Double Energy"]},{"cards_removed":["FTL"],"damage_healed":0,"gold_gain":0,"player_choice":"Gave Card","damage_taken":0,"relics_obtained":["CeramicFish"],"max_hp_gain":0,"max_hp_loss":0,"event_name":"WeMeetAgain","floor":20,"gold_loss":0},{"damage_healed":0,"gold_gain":0,"cards_transformed":["Defend_B"],"player_choice":"Transformed","damage_taken":0,"max_hp_gain":0,"max_hp_loss":0,"event_name":"Transmorgrifier","floor":22,"gold_loss":0,"cards_obtained":["Biased Cognition"]},{"damage_healed":0,"gold_gain":0,"player_choice":"Got Potions","damage_taken":0,"max_hp_gain":0,"max_hp_loss":0,"event_name":"Lab","floor":37,"gold_loss":0},{"damage_healed":0,"gold_gain":0,"player_choice":"Fight","damage_taken":0,"max_hp_gain":0,"max_hp_loss":0,"event_name":"MindBloom","floor":39,"gold_loss":0},{"damage_healed":0,"gold_gain":0,"player_choice":"Max HP","damage_taken":0,"max_hp_gain":0,"max_hp_loss":5,"event_name":"Winding Halls","floor":42,"gold_loss":0},{"cards_removed":["Strike_B"],"damage_healed":0,"gold_gain":0,"player_choice":"Removed Attack","damage_taken":0,"max_hp_gain":0,"max_hp_loss":0,"event_name":"Falling","floor":48,"gold_loss":0}],"is_beta":false,"boss_relics":[{"not_picked":["Runic Dome","SacredBark"],"picked":"Busted Crown"},{"not_picked":["Sozu","Empty Cage"],"picked":"Astrolabe"}],"items_purged_floors":[],"is_endless":false,"potions_floor_spawned":[1,7,16,18,23,31,33,39],"killed_by":"Awakened One","ascension_level":20}