{"gold_per_floor":[116,216,229,246,246,282,314,326,362,34,184,222,187,187,187,187],"floor_reached":16,"playtime":329,"items_purged":[],"score":216,"play_id":"255593ec-ef8a-435e-bae1-742c5f2773d6","local_time":"20230115122710","is_ascension_mode":true,"campfire_choices":[{"floor":8,"key":"REST"},{"data":"Mayhem","floor":15,"key":"SMITH"}],"neow_cost":"NONE","seed_source_timestamp":408494709613800,"circlet_count":0,"master_deck":["AscendersBane","Strike_B","Strike_B","Strike_B","Strike_B","Defend_B","Defend_B","Defend_B","Defend_B","Zap","Dualcast","Doom and Gloom","Redo","Injury","Reinforced Body","Redo","Mayhem+1"],"relics":["Cracked Core","NeowsBlessing","Golden Idol","MawBank","Juzu Bracelet","PrismaticShard","Lantern"],"potions_floor_usage":[6,7,12],"damage_taken":[{"damage":0,"enemies":"2 Louse","floor":1,"turns":1},{"damage":0,"enemies":"Cultist","floor":3,"turns":1},{"damage":0,"enemies":"Jaw Worm","floor":4,"turns":1},{"damage":44,"enemies":"Gremlin Nob","floor":6,"turns":4},{"damage":2,"enemies":"3 Louse","floor":7,"turns":3},{"damage":30,"enemies":"3 Sentries","floor":12,"turns":7},{"damage":26,"enemies":"The Guardian","floor":16,"turns":6}],"seed_played":"-1947041558408181190","potions_obtained":[{"floor":1,"key":"SpeedPotion"},{"floor":3,"key":"Swift Potion"},{"floor":7,"key":"AttackPotion"}],"is_trial":false,"path_per_floor":["M","?","M","M","?","E","M","R","T","$","?","E","?","?","R","B"],"character_chosen":"DEFECT","items_purchased":["PrismaticShard","Mayhem"],"campfire_rested":1,"item_purchase_floors":[10,10],"current_hp_per_floor":[64,64,64,64,64,20,18,39,39,39,39,9,26,26,26,0],"gold":187,"neow_bonus":"THREE_ENEMY_KILL","is_prod":false,"is_daily":false,"chose_seed":false,"campfire_upgraded":1,"win_rate":0,"timestamp":1673782030,"path_taken":["M","?","M","?","?","E","M","R","T","$","?","E","?","?","R","BOSS"],"build_version":"2022-12-18","purchased_purges":0,"victory":false,"max_hp_per_floor":[71,71,71,71,71,71,71,71,71,71,71,71,71,71,71,71],"card_choices":[{"not_picked":["Aggregate","Skim"],"picked":"Doom and Gloom","floor":1},{"not_picked":["Sweeping Beam","Tempest"],"picked":"Redo","floor":3},{"not_picked":["Steam","Gash","Streamline"],"picked":"SKIP","floor":4},{"not_picked":["Chaos","Leap"],"picked":"Reinforced Body","floor":6},{"not_picked":["Coolheaded","Gash"],"picked":"Redo","floor":7},{"not_picked":["Hyperbeam","ThirdEye","FollowUp"],"picked":"SKIP","floor":12}],"player_experience":1990550,"relics_obtained":[{"floor":6,"key":"MawBank"},{"floor":9,"key":"Juzu Bracelet"},{"floor":12,"key":"Lantern"}],"event_choices":[{"damage_healed":0,"gold_gain":100,"player_choice":"Gold","damage_taken":0,"max_hp_gain":0,"max_hp_loss":0,"event_name":"Wheel of Change","floor":2,"gold_loss":0},{"damage_healed":0,"gold_gain":0,"player_choice":"Take Wound","damage_taken":0,"relics_obtained":["Golden Idol"],"max_hp_gain":0,"max_hp_loss":0,"event_name":"Golden Idol","floor":5,"gold_loss":0,"cards_obtained":["Injury"]},{"damage_healed":0,"gold_gain":150,"player_choice":"AGREE","damage_taken":0,"max_hp_gain":0,"max_hp_loss":0,"event_name":"Liars Game","floor":11,"gold_loss":0,"cards_obtained":["Doubt"]},{"damage_healed":17,"gold_gain":0,"player_choice":"Healed","damage_taken":0,"max_hp_gain":0,"max_hp_loss":0,"event_name":"The Cleric","floor":13,"gold_loss":35},{"cards_removed":["Doubt"],"damage_healed":0,"gold_gain":0,"player_choice":"Purged","damage_taken":0,"max_hp_gain":0,"max_hp_loss":0,"event_name":"Purifier","floor":14,"gold_loss":0}],"is_beta":false,"boss_relics":[],"items_purged_floors":[],"is_endless":false,"potions_floor_spawned":[1,3,7],"killed_by":"The Guardian","ascension_level":20}