{"gold_per_floor":[113,83,8,18,30,30,41,41,41,73,73,99,99,119],"floor_reached":14,"playtime":419,"items_purged":["Pain"],"score":200,"play_id":"197f900d-9b69-42d4-a80f-00597d7c7449","local_time":"20230115205837","is_ascension_mode":true,"campfire_choices":[{"data":"Redo","floor":6,"key":"SMITH"},{"data":"Rainbow","floor":8,"key":"SMITH"}],"neow_cost":"CURSE","seed_source_timestamp":439091778318200,"circlet_count":0,"master_deck":["AscendersBane","Strike_B","Strike_B","Strike_B","Strike_B","Defend_B","Defend_B","Defend_B","Defend_B","Zap","Dualcast","Ball Lightning","Leap","Redo+1","Rainbow+1"],"relics":["Cracked Core","Lizard Tail","Pantograph","Shovel","Art of War"],"potions_floor_usage":[1,10,12],"damage_taken":[{"damage":13,"enemies":"Jaw Worm","floor":1,"turns":5},{"damage":0,"enemies":"Cultist","floor":4,"turns":3},{"damage":0,"enemies":"2 Louse","floor":5,"turns":2},{"damage":0,"enemies":"Large Slime","floor":7,"turns":3},{"damage":21,"enemies":"Lagavulin","floor":10,"turns":6},{"damage":30,"enemies":"3 Sentries","floor":12,"turns":9},{"damage":31,"enemies":"Exordium Thugs","floor":14,"turns":4}],"seed_played":"-6245585267748010840","potions_obtained":[{"floor":1,"key":"Fruit Juice"},{"floor":2,"key":"EssenceOfDarkness"},{"floor":2,"key":"SteroidPotion"},{"floor":7,"key":"Regen Potion"}],"is_trial":false,"path_per_floor":["M","?","$","M","M","R","M","R","T","E","$","E","?","M"],"character_chosen":"DEFECT","items_purchased":[],"campfire_rested":0,"item_purchase_floors":[],"current_hp_per_floor":[56,56,56,56,56,56,56,56,56,35,35,20,20,38],"gold":119,"neow_bonus":"ONE_RARE_RELIC","is_prod":false,"is_daily":false,"chose_seed":false,"campfire_upgraded":2,"win_rate":0,"timestamp":1673812717,"path_taken":["M","?","$","M","?","R","M","R","T","E","$","E","?","M"],"build_version":"2022-12-18","purchased_purges":1,"victory":false,"max_hp_per_floor":[76,76,76,76,76,76,76,76,76,76,76,76,76,76],"card_choices":[{"not_picked":["Turbo","Compile Driver"],"picked":"Ball Lightning","floor":1},{"not_picked":["Steam","Rip and Tear"],"picked":"Leap","floor":4},{"not_picked":["Cold Snap","Rebound"],"picked":"Redo","floor":5},{"not_picked":["Stack","Fusion"],"picked":"Rainbow","floor":7},{"not_picked":["Beam Cell","Chaos","Steam"],"picked":"SKIP","floor":10},{"not_picked":["Sweeping Beam","Undo","Glacier"],"picked":"SKIP","floor":12}],"player_experience":1996534,"relics_obtained":[{"floor":9,"key":"Pantograph"},{"floor":10,"key":"Shovel"},{"floor":12,"key":"Art of War"}],"event_choices":[{"damage_healed":0,"gold_gain":0,"player_choice":"Bought 2 Potions","damage_taken":0,"max_hp_gain":0,"max_hp_loss":0,"event_name":"The Woman in Blue","floor":2,"gold_loss":0},{"damage_healed":0,"gold_gain":0,"player_choice":"Searched \u00271\u0027 times","damage_taken":0,"max_hp_gain":0,"max_hp_loss":0,"event_name":"Dead Adventurer","floor":13,"gold_loss":0}],"is_beta":false,"boss_relics":[],"items_purged_floors":[3],"is_endless":false,"potions_floor_spawned":[1,5,7],"killed_by":"Exordium Thugs","ascension_level":20}