{"gold_per_floor":[112,112,112,187,2,35,53,87,142,155,4,4,4,19,19,114,114,129,143,418,418],"floor_reached":21,"playtime":664,"items_purged":["Strike_B"],"score":424,"play_id":"00d216ae-e881-46a8-a5c6-af54729707de","local_time":"20230125193951","is_ascension_mode":true,"campfire_choices":[{"floor":15.0,"key":"REST"}],"neow_cost":"NONE","seed_source_timestamp":0,"circlet_count":0,"master_deck":["AscendersBane","Strike_B+1","Strike_B","Strike_B+1","Defend_B","Defend_B","Defend_B","Defend_B","Zap","Dualcast","Coolheaded","Glacier","Flash of Steel","FTL","Sweeping Beam","Defragment","Hologram","Capacitor","Amplify","Leap+1","Coolheaded","Regret"],"special_seed":0,"relics":["Cracked Core","NeowsBlessing","Golden Idol","Lantern","Gremlin Horn","PreservedInsect","Runic Dome"],"potions_floor_usage":[],"damage_taken":[{"damage":0.0,"enemies":"Small Slimes","floor":1.0,"turns":1.0},{"damage":0.0,"enemies":"Gremlin Nob","floor":6.0,"turns":1.0},{"damage":0.0,"enemies":"2 Louse","floor":7.0,"turns":1.0},{"damage":7.0,"enemies":"Lagavulin","floor":8.0,"turns":9.0},{"damage":0.0,"enemies":"Cultist","floor":10.0,"turns":3.0},{"damage":7.0,"enemies":"Red Slaver","floor":14.0,"turns":4.0},{"damage":14.0,"enemies":"The Guardian","floor":16.0,"turns":11.0},{"damage":6,"enemies":"Chosen","floor":18,"turns":5},{"damage":3,"enemies":"Shell Parasite","floor":19,"turns":11},{"damage":57,"enemies":"Shelled Parasite and Fungi","floor":21,"turns":3}],"seed_played":"-6497126089019461210","potions_obtained":[{"floor":6.0,"key":"EssenceOfSteel"},{"floor":7.0,"key":"LiquidMemories"},{"floor":8.0,"key":"Strength Potion"},{"floor":19,"key":"Strength Potion"}],"is_trial":false,"path_per_floor":["M","?","?","?","$","E","M","E","T","M","$","?","$","M","R","B",null,"M","M","?","M"],"character_chosen":"DEFECT","items_purchased":["Glacier","Flash of Steel","Capacitor"],"campfire_rested":1,"item_purchase_floors":[5,5,11],"current_hp_per_floor":[64,43,19,8,8,8,8,1,1,1,1,24,24,17,38,24,59,53,50,50,0],"gold":418,"neow_bonus":"THREE_ENEMY_KILL","is_prod":false,"is_daily":false,"chose_seed":false,"campfire_upgraded":0,"win_rate":0,"timestamp":1674671991,"path_taken":["M","?","?","?","$","E","M","E","T","M","$","?","?","?","R","BOSS","M","M","?","?"],"build_version":"2022-12-18","purchased_purges":1,"victory":false,"max_hp_per_floor":[71,71,71,71,71,71,71,71,71,71,71,71,71,71,71,71,71,71,71,71,71],"card_choices":[{"not_picked":["Steam Power","Beam Cell"],"picked":"Coolheaded","floor":1.0},{"not_picked":["Go for the Eyes","Scrape"],"picked":"FTL","floor":6.0},{"not_picked":["Turbo","Sunder"],"picked":"Sweeping Beam","floor":7.0},{"not_picked":["Melter","Conserve Battery"],"picked":"Defragment","floor":8.0},{"not_picked":["Stack","Fusion"],"picked":"Hologram","floor":10.0},{"not_picked":["Turbo","Hello World","Multi-Cast"],"picked":"SKIP","floor":14.0},{"not_picked":["Buffer","Fission"],"picked":"Amplify","floor":16.0},{"not_picked":["Skim","Aggregate"],"picked":"Leap+1","floor":18},{"not_picked":["Skim","Storm"],"picked":"Coolheaded","floor":19}],"player_experience":2060150,"relics_obtained":[{"floor":6.0,"key":"Lantern"},{"floor":8.0,"key":"Gremlin Horn"},{"floor":9.0,"key":"PreservedInsect"}],"event_choices":[{"damage_healed":0.0,"max_hp_gain":0.0,"max_hp_loss":0.0,"gold_gain":0.0,"event_name":"Shining Light","player_choice":"Entered Light","floor":2.0,"gold_loss":0.0,"damage_taken":21.0,"cards_upgraded":["Strike_B","Strike_B"]},{"damage_healed":0.0,"max_hp_gain":0.0,"max_hp_loss":0.0,"gold_gain":0.0,"event_name":"Golden Idol","player_choice":"Take Damage","floor":3.0,"gold_loss":0.0,"damage_taken":24.0,"relics_obtained":["Golden Idol"]},{"damage_healed":0.0,"max_hp_gain":0.0,"max_hp_loss":0.0,"gold_gain":75.0,"event_name":"World of Goop","player_choice":"Gather Gold","floor":4.0,"gold_loss":0.0,"damage_taken":11.0},{"damage_healed":23.0,"max_hp_gain":0.0,"max_hp_loss":0.0,"gold_gain":0.0,"event_name":"Big Fish","player_choice":"Banana","floor":12.0,"gold_loss":0.0,"damage_taken":0.0},{"damage_healed":0,"gold_gain":275,"player_choice":"Desecrate","damage_taken":0,"max_hp_gain":0,"max_hp_loss":0,"event_name":"Golden Shrine","floor":20,"gold_loss":0,"cards_obtained":["Regret"]}],"is_beta":false,"boss_relics":[{"not_picked":["SlaversCollar","Coffee Dripper"],"picked":"Runic Dome"}],"items_purged_floors":[11],"is_endless":false,"potions_floor_spawned":[6,7,8,14,19],"killed_by":"Shelled Parasite and Fungi","ascension_level":20}