{"gold_per_floor":[116,5,21,171,446,446,472,472,472,488,10,10],"floor_reached":12,"playtime":176,"items_purged":["Strike_B","Regret"],"score":202,"play_id":"7746091e-17c8-46bb-a7f5-4047eb9879c8","local_time":"20230123183813","is_ascension_mode":true,"campfire_choices":[{"data":"Reprogram","floor":6,"key":"SMITH"},{"data":"Barrage","floor":8,"key":"SMITH"}],"neow_cost":"NONE","seed_source_timestamp":603111408632600,"circlet_count":0,"master_deck":["AscendersBane","Strike_B","Strike_B","Strike_B","Defend_B","Defend_B","Defend_B","Defend_B","Zap","Dualcast","Barrage+1","Reprogram+1","BootSequence","Doubt","Leap","Steam","Sweeping Beam"],"relics":["Cracked Core","NeowsBlessing","Letter Opener","Toy Ornithopter","Pen Nib","Medical Kit"],"potions_floor_usage":[12],"damage_taken":[{"damage":0,"enemies":"Jaw Worm","floor":1,"turns":1},{"damage":0,"enemies":"Small Slimes","floor":3,"turns":1},{"damage":0,"enemies":"Lagavulin","floor":7,"turns":2},{"damage":10,"enemies":"Cultist","floor":10,"turns":6},{"damage":65,"enemies":"Gremlin Nob","floor":12,"turns":4}],"seed_played":"8476999547411370690","potions_obtained":[{"floor":1,"key":"AttackPotion"},{"floor":7,"key":"PowerPotion"}],"is_trial":false,"path_per_floor":["M","$","M","?","?","R","E","R","T","M","$","E"],"character_chosen":"DEFECT","items_purchased":["Reprogram","Pen Nib","Medical Kit","Sweeping Beam"],"campfire_rested":0,"item_purchase_floors":[2,11,11,11],"current_hp_per_floor":[64,64,64,64,64,64,64,64,64,54,54,0],"gold":10,"neow_bonus":"THREE_ENEMY_KILL","is_prod":false,"is_daily":false,"chose_seed":false,"campfire_upgraded":2,"win_rate":0,"timestamp":1674495493,"path_taken":["M","$","M","?","?","R","E","R","T","?","$","E"],"build_version":"2022-12-18","purchased_purges":2,"victory":false,"max_hp_per_floor":[71,71,71,71,71,71,71,71,71,71,71,71],"card_choices":[{"not_picked":["Loop","Beam Cell"],"picked":"Barrage","floor":1},{"not_picked":["Turbo","Double Energy"],"picked":"BootSequence","floor":3},{"not_picked":["Chaos","Force Field"],"picked":"Leap","floor":7},{"not_picked":["Stack","Storm"],"picked":"Steam","floor":10}],"player_experience":2049250,"relics_obtained":[{"floor":7,"key":"Letter Opener"},{"floor":9,"key":"Toy Ornithopter"}],"event_choices":[{"damage_healed":0,"gold_gain":150,"player_choice":"AGREE","damage_taken":0,"max_hp_gain":0,"max_hp_loss":0,"event_name":"Liars Game","floor":4,"gold_loss":0,"cards_obtained":["Doubt"]},{"damage_healed":0,"gold_gain":275,"player_choice":"Desecrate","damage_taken":0,"max_hp_gain":0,"max_hp_loss":0,"event_name":"Golden Shrine","floor":5,"gold_loss":0,"cards_obtained":["Regret"]}],"is_beta":false,"boss_relics":[],"items_purged_floors":[2,11],"is_endless":false,"potions_floor_spawned":[1,7],"killed_by":"Gremlin Nob","ascension_level":20}