{"gold_per_floor":[18,18,31,31,51,51,65,65,91,91,105,124,124,164,164,263,263,288,73,73,73,73,73],"floor_reached":23,"playtime":544,"items_purged":[],"score":378,"play_id":"76be9c74-b2bf-4cd5-a068-6eb322deea7a","local_time":"20230118111101","is_ascension_mode":true,"campfire_choices":[{"data":"Tempest","floor":6,"key":"SMITH"},{"floor":8,"key":"REST"},{"floor":13,"key":"REST"},{"data":"Creative AI","floor":15,"key":"SMITH"}],"neow_cost":"NO_GOLD","seed_source_timestamp":143905515768000,"circlet_count":0,"master_deck":["AscendersBane","Strike_B","Defend_B","Defend_B","Defend_B","Zap","Dualcast","Tempest+1","Lockon","Barrage","Creative AI+1","Capacitor","Loop","Thunder Strike","Coolheaded+1","Aggregate+1","Writhe"],"relics":["Cracked Core","Golden Idol","Toy Ornithopter","Ancient Tea Set","Empty Cage","Chemical X","Mummified Hand"],"potions_floor_usage":[14,16,16],"damage_taken":[{"damage":7,"enemies":"2 Louse","floor":1,"turns":3},{"damage":7,"enemies":"Small Slimes","floor":3,"turns":2},{"damage":7,"enemies":"Jaw Worm","floor":5,"turns":2},{"damage":29,"enemies":"Lots of Slimes","floor":7,"turns":3},{"damage":10,"enemies":"2 Fungi Beasts","floor":11,"turns":3},{"damage":10,"enemies":"3 Louse","floor":12,"turns":3},{"damage":50,"enemies":"3 Sentries","floor":14,"turns":6},{"damage":17,"enemies":"Hexaghost","floor":16,"turns":8},{"damage":29,"enemies":"Spheric Guardian","floor":18,"turns":5},{"damage":42,"enemies":"Book of Stabbing","floor":23,"turns":3}],"seed_played":"-1471187607789527173","potions_obtained":[{"floor":3,"key":"PowerPotion"},{"floor":11,"key":"PotionOfCapacity"},{"floor":14,"key":"EssenceOfSteel"}],"is_trial":false,"path_per_floor":["M","?","M","?","M","R","M","R","T","?","M","M","R","E","R","B",null,"M","$","?","?","?","E"],"character_chosen":"DEFECT","items_purchased":["Chemical X","Aggregate"],"campfire_rested":2,"item_purchase_floors":[19,19],"current_hp_per_floor":[71,71,64,69,62,62,33,57,57,50,40,30,54,9,9,2,62,33,33,33,33,33,0],"gold":73,"neow_bonus":"TWENTY_PERCENT_HP_BONUS","is_prod":false,"is_daily":false,"chose_seed":false,"campfire_upgraded":2,"win_rate":0,"timestamp":1674036661,"path_taken":["M","?","M","?","M","R","M","R","T","?","?","M","R","E","R","BOSS","M","?","?","?","?","E"],"build_version":"2022-12-18","purchased_purges":0,"victory":false,"max_hp_per_floor":[85,77,77,82,82,82,82,82,82,82,82,82,82,82,82,82,82,82,82,82,82,82,82],"card_choices":[{"not_picked":["Beam Cell","Steam"],"picked":"Tempest","floor":1},{"not_picked":["BootSequence","Hello World"],"picked":"Lockon","floor":3},{"not_picked":["Storm","Beam Cell"],"picked":"Barrage","floor":5},{"not_picked":["Rebound","Streamline","Rip and Tear"],"picked":"SKIP","floor":7},{"not_picked":["Turbo","Darkness"],"picked":"Creative AI","floor":11},{"not_picked":["Beam Cell","Fusion"],"picked":"Capacitor","floor":12},{"not_picked":["Scrape","Barrage"],"picked":"Loop","floor":14},{"not_picked":["Creative AI","Meteor Strike"],"picked":"Thunder Strike","floor":16},{"not_picked":["Steam Power","Force Field"],"picked":"Coolheaded+1","floor":18}],"player_experience":2011087,"relics_obtained":[{"floor":9,"key":"Toy Ornithopter"},{"floor":14,"key":"Ancient Tea Set"}],"event_choices":[{"damage_healed":0,"gold_gain":0,"player_choice":"Lose Max HP","damage_taken":0,"relics_obtained":["Golden Idol"],"max_hp_gain":0,"max_hp_loss":8,"event_name":"Golden Idol","floor":2,"gold_loss":0},{"damage_healed":0,"gold_gain":0,"player_choice":"Donut","damage_taken":0,"max_hp_gain":5,"max_hp_loss":0,"event_name":"Big Fish","floor":4,"gold_loss":0},{"cards_removed":["Strike_B"],"damage_healed":0,"gold_gain":0,"player_choice":"Card Removal","damage_taken":7,"max_hp_gain":0,"max_hp_loss":0,"event_name":"Golden Wing","floor":10,"gold_loss":0},{"cards_removed":["Defend_B"],"damage_healed":0,"gold_gain":0,"player_choice":"Elegance","damage_taken":0,"max_hp_gain":0,"max_hp_loss":0,"event_name":"Back to Basics","floor":20,"gold_loss":0},{"damage_healed":0,"gold_gain":0,"player_choice":"Opened","damage_taken":0,"relics_obtained":["Mummified Hand"],"max_hp_gain":0,"max_hp_loss":0,"event_name":"The Mausoleum","floor":21,"gold_loss":0,"cards_obtained":["Writhe"]},{"damage_healed":0,"gold_gain":0,"player_choice":"Upgraded","damage_taken":0,"max_hp_gain":0,"max_hp_loss":0,"event_name":"Upgrade Shrine","floor":22,"gold_loss":0,"cards_upgraded":["Aggregate"]}],"is_beta":false,"boss_relics":[{"not_picked":["Runic Pyramid","Tiny House"],"picked":"Empty Cage"}],"items_purged_floors":[],"is_endless":false,"potions_floor_spawned":[3,11,12,14],"killed_by":"Book of Stabbing","ascension_level":20}