{"gold_per_floor":[109,259,275,275,291,324,324,344,344,344,356,23,52,72,72,149,149,149,149,149,149,149,149,149,149,149,149,149,149,149,149,149,149],"floor_reached":33,"playtime":1127,"items_purged":[],"score":553,"play_id":"0f0b201c-3b3f-4e4b-88fa-d799510ec0dd","local_time":"20230118113500","is_ascension_mode":true,"campfire_choices":[{"floor":7,"key":"REST"},{"floor":10,"key":"REST"},{"floor":15,"key":"REST"},{"floor":23,"key":"REST"},{"data":"Hyperbeam","floor":25,"key":"SMITH"},{"data":"Reinforced Body","floor":28,"key":"SMITH"},{"floor":32,"key":"REST"}],"neow_cost":"NONE","seed_source_timestamp":144762529856000,"circlet_count":0,"master_deck":["AscendersBane","Strike_B+1","Strike_B+1","Defend_B+1","Defend_B+1","Defend_B+1","Defend_B+1","Zap","Dualcast","Gash","Leap","Hologram","Echo Form","Beam Cell","Reinforced Body+1","BootSequence","Rebound","Machine Learning","Writhe","Hyperbeam+1","All For One","Steam+1","Steam Power","Redo+1"],"relics":["Cracked Core","NeowsBlessing","Spirit Poop","Art of War","HornCleat","ClockworkSouvenir","Potion Belt","Torii","Ectoplasm","The Courier","Bag of Marbles"],"potions_floor_usage":[13,16,18,24,33,33],"damage_taken":[{"damage":0,"enemies":"Small Slimes","floor":1,"turns":1},{"damage":0,"enemies":"Cultist","floor":3,"turns":1},{"damage":0,"enemies":"2 Louse","floor":5,"turns":1},{"damage":54,"enemies":"Lagavulin","floor":6,"turns":9},{"damage":6,"enemies":"Looter","floor":8,"turns":3},{"damage":2,"enemies":"Large Slime","floor":11,"turns":5},{"damage":19,"enemies":"Gremlin Nob","floor":13,"turns":4},{"damage":7,"enemies":"Lots of Slimes","floor":14,"turns":5},{"damage":35,"enemies":"Slime Boss","floor":16,"turns":13},{"damage":1,"enemies":"Spheric Guardian","floor":18,"turns":5},{"damage":15,"enemies":"Shell Parasite","floor":21,"turns":5},{"damage":1,"enemies":"Snecko","floor":22,"turns":5},{"damage":18,"enemies":"Book of Stabbing","floor":24,"turns":6},{"damage":8,"enemies":"Sentry and Sphere","floor":29,"turns":7},{"damage":0,"enemies":"Chosen and Byrds","floor":31,"turns":3},{"damage":60,"enemies":"Collector","floor":33,"turns":8}],"seed_played":"-8629845634833558382","potions_obtained":[{"floor":6,"key":"Explosive Potion"},{"floor":11,"key":"SteroidPotion"},{"floor":14,"key":"Fire Potion"},{"floor":18,"key":"Fruit Juice"},{"floor":21,"key":"Weak Potion"},{"floor":22,"key":"FocusPotion"}],"is_trial":false,"path_per_floor":["M","?","M","?","M","E","R","M","T","R","M","$","E","M","R","B",null,"M","?","?","M","M","R","E","R","T","?","R","M","?","M","R","B"],"character_chosen":"DEFECT","items_purchased":["ClockworkSouvenir","Potion Belt"],"campfire_rested":5,"item_purchase_floors":[12,12],"current_hp_per_floor":[64,64,64,64,64,10,31,25,25,46,44,44,25,18,39,4,54,53,53,53,38,37,58,40,40,40,40,40,32,32,32,53,0],"gold":149,"neow_bonus":"THREE_ENEMY_KILL","is_prod":false,"is_daily":false,"chose_seed":false,"campfire_upgraded":2,"win_rate":0,"timestamp":1674038100,"path_taken":["M","?","M","?","?","E","R","?","T","R","M","$","E","?","R","BOSS","M","?","?","M","M","R","E","R","T","?","R","M","?","M","R","BOSS"],"build_version":"2022-12-18","purchased_purges":0,"victory":false,"max_hp_per_floor":[71,71,71,71,71,71,71,71,71,71,71,71,71,71,71,71,71,71,71,71,71,71,71,71,71,71,71,71,71,71,71,71,76],"card_choices":[{"not_picked":["Turbo","Leap"],"picked":"Gash","floor":1},{"not_picked":["Barrage","Conserve Battery"],"picked":"Leap","floor":3},{"not_picked":["Heatsinks","Redo"],"picked":"Hologram","floor":5},{"not_picked":["Loop","Hologram"],"picked":"Echo Form","floor":6},{"not_picked":["Rebound","Redo"],"picked":"Beam Cell","floor":8},{"not_picked":["Hello World","Stack"],"picked":"Reinforced Body","floor":11},{"not_picked":["Turbo","Undo"],"picked":"BootSequence","floor":13},{"not_picked":["Coolheaded","Compile Driver"],"picked":"Rebound","floor":14},{"not_picked":["Reboot","Multi-Cast"],"picked":"Machine Learning","floor":16},{"not_picked":["Leap","Conserve Battery","Darkness"],"picked":"SKIP","floor":18},{"not_picked":["Rebound","Hello World"],"picked":"Steam+1","floor":21},{"not_picked":["Consume","Glacier"],"picked":"Steam Power","floor":22},{"not_picked":["Barrage+1","Sweeping Beam"],"picked":"Redo+1","floor":24},{"not_picked":["Lockon","Leap","BootSequence"],"picked":"SKIP","floor":29},{"not_picked":["Auto Shields","Stack","Reinforced Body"],"picked":"SKIP","floor":31}],"player_experience":2011926,"relics_obtained":[{"floor":6,"key":"Art of War"},{"floor":9,"key":"HornCleat"},{"floor":13,"key":"Torii"},{"floor":24,"key":"Bag of Marbles"}],"event_choices":[{"damage_healed":0,"gold_gain":150,"player_choice":"AGREE","damage_taken":0,"max_hp_gain":0,"max_hp_loss":0,"event_name":"Liars Game","floor":2,"gold_loss":0,"cards_obtained":["Doubt"]},{"cards_removed":["Doubt"],"damage_healed":0,"gold_gain":0,"player_choice":"Offered Curse","damage_taken":0,"relics_obtained":["Spirit Poop"],"max_hp_gain":0,"max_hp_loss":0,"event_name":"Bonfire Elementals","floor":4,"gold_loss":0},{"damage_healed":0,"gold_gain":0,"player_choice":"Opened","damage_taken":0,"relics_obtained":["The Courier"],"max_hp_gain":0,"max_hp_loss":0,"event_name":"The Mausoleum","floor":19,"gold_loss":0,"cards_obtained":["Writhe"]},{"damage_healed":0,"gold_gain":0,"cards_transformed":["Strike_B","Strike_B"],"player_choice":"Became Test Subject","damage_taken":0,"max_hp_gain":0,"max_hp_loss":0,"event_name":"Drug Dealer","floor":20,"gold_loss":0,"cards_obtained":["Hyperbeam","All For One"]},{"damage_healed":0,"gold_gain":0,"player_choice":"Ignored","damage_taken":0,"max_hp_gain":0,"max_hp_loss":0,"event_name":"Vampires","floor":27,"gold_loss":0},{"damage_healed":0,"gold_gain":0,"player_choice":"Simplicity","damage_taken":0,"max_hp_gain":0,"max_hp_loss":0,"event_name":"Back to Basics","floor":30,"gold_loss":0,"cards_upgraded":["Strike_B","Strike_B","Defend_B","Defend_B","Defend_B","Defend_B"]}],"is_beta":false,"boss_relics":[{"not_picked":["Velvet Choker","Inserter"],"picked":"Ectoplasm"}],"items_purged_floors":[],"is_endless":false,"potions_floor_spawned":[6,11,14,18,21,22],"killed_by":"Collector","ascension_level":20}