{"gold_per_floor":[365,365,375,28,28,28,56,56,101,112,112,122,140,165,165,237,237,252,252,194,94,114,143,143,143,167,179,394,428,428,457,457,530,530,547,572,572,572,585,618,618,646,646,680,698,698,698,32,32,32,32,32,32,32,66,66],"floor_reached":56,"playtime":2510,"items_purged":["Strike_B","Strike_B","Defend_B"],"score":2444,"play_id":"971449db-5457-4349-acbb-3f49e9b847ac","local_time":"20230126195708","is_ascension_mode":true,"campfire_choices":[{"data":"Hologram","floor":6,"key":"SMITH"},{"floor":8,"key":"REST"},{"data":"Zap","floor":11,"key":"SMITH"},{"data":"Scrape","floor":15,"key":"SMITH"},{"floor":25,"key":"REST"},{"floor":30,"key":"REST"},{"data":"Seek","floor":32,"key":"SMITH"},{"data":"Seek","floor":41,"key":"SMITH"},{"floor":49,"key":"RECALL"},{"data":"Reboot","floor":53,"key":"SMITH"}],"neow_cost":"TEN_PERCENT_HP_LOSS","seed_source_timestamp":864715144393400,"circlet_count":0,"master_deck":["AscendersBane","Strike_B+1","Zap+1","Dualcast","Gash","Hologram+1","Skim","Cold Snap","Gash","FTL","Scrape+1","Seek+1","Go for the Eyes+1","Rebound","Seek+1","Gash","Reinforced Body","Reboot+1","Gash","BootSequence+1","FTL+1","Reboot","Gash","Madness","Gash","Seek"],"relics":["Cracked Core","HornCleat","Kunai","Potion Belt","Bag of Marbles","Runic Pyramid","Enchiridion","Vajra","Emotion Chip","Oddly Smooth Stone","Old Coin","Matryoshka","Du-Vu Doll","Empty Cage","FossilizedHelix","Meat on the Bone","PreservedInsect","Boot","Bronze Scales","Whetstone","Orichalcum","HandDrill","Bag of Preparation"],"potions_floor_usage":[12,23,23,33,56,56,56,56],"damage_taken":[{"damage":0,"enemies":"2 Louse","floor":1,"turns":3},{"damage":1,"enemies":"Small Slimes","floor":3,"turns":3},{"damage":70,"enemies":"Gremlin Nob","floor":7,"turns":6},{"damage":0,"enemies":"Cultist","floor":10,"turns":3},{"damage":9,"enemies":"Exordium Thugs","floor":12,"turns":4},{"damage":0,"enemies":"2 Fungi Beasts","floor":13,"turns":4},{"damage":6,"enemies":"3 Sentries","floor":14,"turns":7},{"damage":0,"enemies":"Hexaghost","floor":16,"turns":7},{"damage":0,"enemies":"Spheric Guardian","floor":18,"turns":3},{"damage":0,"enemies":"2 Thieves","floor":22,"turns":3},{"damage":0,"enemies":"Book of Stabbing","floor":23,"turns":5},{"damage":0,"enemies":"Cultist and Chosen","floor":27,"turns":5},{"damage":13,"enemies":"Slavers","floor":29,"turns":3},{"damage":3,"enemies":"Gremlin Leader","floor":31,"turns":4},{"damage":14,"enemies":"Automaton","floor":33,"turns":7},{"damage":8,"enemies":"3 Darklings","floor":35,"turns":3},{"damage":0,"enemies":"Mind Bloom Boss Battle","floor":36,"turns":4},{"damage":0,"enemies":"3 Shapes","floor":39,"turns":5},{"damage":0,"enemies":"Nemesis","floor":40,"turns":3},{"damage":0,"enemies":"Giant Head","floor":42,"turns":5},{"damage":0,"enemies":"Nemesis","floor":44,"turns":5},{"damage":0,"enemies":"Jaw Worm Horde","floor":45,"turns":3},{"damage":0,"enemies":"Time Eater","floor":50,"turns":7},{"damage":15,"enemies":"Awakened One","floor":51,"turns":6},{"damage":0,"enemies":"Shield and Spear","floor":55,"turns":3},{"damage":55,"enemies":"The Heart","floor":56,"turns":6}],"seed_played":"577864257721694570","potions_obtained":[{"floor":3,"key":"FairyPotion"},{"floor":10,"key":"Strength Potion"},{"floor":12,"key":"Block Potion"},{"floor":14,"key":"DuplicationPotion"},{"floor":16,"key":"EssenceOfSteel"},{"floor":22,"key":"Dexterity Potion"},{"floor":31,"key":"Swift Potion"},{"floor":33,"key":"BlessingOfTheForge"},{"floor":36,"key":"Strength Potion"}],"is_trial":false,"path_per_floor":["M","?","M","$","?","R","E","R","T","M","R","M","M","E","R","B",null,"M","?","?","$","M","E","?","R","T","M","?","E","R","E","R","B",null,"M","?","?","?","M","E","R","E","T","E","M","?","?","$","R","B","B",null,"R","$","E","B"],"character_chosen":"DEFECT","items_purchased":["HornCleat","Whetstone","Orichalcum","HandDrill","Gash"],"campfire_rested":3,"item_purchase_floors":[4,48,48,48,48],"current_hp_per_floor":[64,45,44,44,44,44,14,33,33,33,33,24,24,18,18,18,53,53,32,32,32,32,32,32,51,51,51,51,38,57,54,54,40,58,50,50,50,50,50,50,50,50,50,50,50,50,50,50,50,50,35,55,55,55,55,0],"gold":66,"neow_bonus":"TWO_FIFTY_GOLD","is_prod":false,"is_daily":false,"chose_seed":false,"campfire_upgraded":6,"win_rate":0,"timestamp":1674759428,"path_taken":["M","?","M","$","?","R","E","R","T","?","R","M","M","E","R","BOSS","M","?","?","$","?","E","?","R","T","M","?","E","R","E","R","BOSS","M","?","?","?","?","E","R","E","T","E","M","?","?","$","R","BOSS","BOSS","R","$","E","BOSS"],"build_version":"2022-12-18","purchased_purges":3,"victory":false,"max_hp_per_floor":[64,64,64,64,64,64,64,64,64,64,64,64,64,64,64,64,64,64,64,64,64,64,64,64,64,64,64,64,64,64,64,64,64,64,64,64,64,61,61,61,61,61,61,61,61,61,61,61,61,61,61,61,61,61,61,61],"card_choices":[{"not_picked":["Compile Driver","Reprogram"],"picked":"Gash","floor":1},{"not_picked":["Coolheaded","Rip and Tear"],"picked":"Hologram","floor":3},{"not_picked":["Beam Cell","Barrage"],"picked":"Skim","floor":7},{"not_picked":["Barrage","Steam"],"picked":"Cold Snap","floor":10},{"not_picked":["Consume","Heatsinks"],"picked":"Gash","floor":12},{"not_picked":["BootSequence","Stack"],"picked":"FTL","floor":13},{"not_picked":["Steam","Consume"],"picked":"Scrape","floor":14},{"not_picked":["Fission","Machine Learning"],"picked":"Seek","floor":16},{"not_picked":["Streamline","Rip and Tear+1"],"picked":"Go for the Eyes","floor":18},{"not_picked":["Beam Cell+1","Compile Driver"],"picked":"Rebound","floor":22},{"not_picked":["Force Field","Genetic Algorithm"],"picked":"Seek","floor":23},{"not_picked":["Hello World+1","Lockon","Coolheaded"],"picked":"SKIP","floor":27},{"not_picked":["Coolheaded","Ball Lightning","Recycle"],"picked":"SKIP","floor":29},{"not_picked":["Chill","Rebound+1"],"picked":"Reinforced Body","floor":31},{"not_picked":["Creative AI","Core Surge"],"picked":"Reboot","floor":33},{"not_picked":["Conserve Battery","Rebound"],"picked":"Gash","floor":35},{"not_picked":["Barrage","Heatsinks+1"],"picked":"BootSequence+1","floor":36},{"not_picked":["Cold Snap","Rebound","Go for the Eyes"],"picked":"SKIP","floor":39},{"not_picked":["Force Field","Sweeping Beam","Steam Power+1"],"picked":"SKIP","floor":40},{"not_picked":["Scrape","White Noise"],"picked":"FTL","floor":42},{"not_picked":["Barrage","Self Repair"],"picked":"Reboot","floor":44},{"not_picked":["Sweeping Beam","Rip and Tear"],"picked":"Gash","floor":45},{"not_picked":["Swift Strike","Panacea"],"picked":"Madness","floor":46},{"not_picked":["Glacier+1","Coolheaded"],"picked":"Seek","floor":55}],"player_experience":2066688,"relics_obtained":[{"floor":7,"key":"Kunai"},{"floor":9,"key":"Potion Belt"},{"floor":14,"key":"Bag of Marbles"},{"floor":19,"key":"Enchiridion"},{"floor":23,"key":"Emotion Chip"},{"floor":26,"key":"Oddly Smooth Stone"},{"floor":29,"key":"Matryoshka"},{"floor":31,"key":"Du-Vu Doll"},{"floor":36,"key":"FossilizedHelix"},{"floor":40,"key":"Meat on the Bone"},{"floor":42,"key":"PreservedInsect"},{"floor":43,"key":"Boot"},{"floor":44,"key":"Bronze Scales"},{"floor":55,"key":"Bag of Preparation"}],"event_choices":[{"damage_healed":0,"gold_gain":0,"player_choice":"Entered Light","damage_taken":19,"max_hp_gain":0,"max_hp_loss":0,"event_name":"Shining Light","floor":2,"gold_loss":0,"cards_upgraded":["Strike_B","Defend_B"]},{"cards_removed":["Strike_B"],"damage_healed":0,"gold_gain":0,"player_choice":"Offered Basic","damage_taken":0,"max_hp_gain":0,"max_hp_loss":0,"event_name":"Bonfire Elementals","floor":5,"gold_loss":0},{"damage_healed":0,"gold_gain":0,"player_choice":"Obtained Book","damage_taken":21,"max_hp_gain":0,"max_hp_loss":0,"event_name":"Cursed Tome","floor":19,"gold_loss":0},{"damage_healed":0,"gold_gain":0,"player_choice":"Paid Gold","damage_taken":0,"relics_obtained":["Vajra"],"max_hp_gain":0,"max_hp_loss":0,"event_name":"WeMeetAgain","floor":20,"gold_loss":58},{"damage_healed":0,"gold_gain":0,"player_choice":"Read","damage_taken":0,"max_hp_gain":0,"max_hp_loss":0,"event_name":"The Library","floor":24,"gold_loss":0,"cards_obtained":["Gash"]},{"damage_healed":0,"gold_gain":0,"player_choice":"Obtained Relic","damage_taken":0,"relics_obtained":["Old Coin"],"max_hp_gain":0,"max_hp_loss":0,"event_name":"Addict","floor":28,"gold_loss":85},{"damage_healed":0,"gold_gain":0,"player_choice":"Fight","damage_taken":0,"max_hp_gain":0,"max_hp_loss":0,"event_name":"MindBloom","floor":36,"gold_loss":0},{"cards_removed":["Defend_B"],"damage_healed":0,"gold_gain":0,"player_choice":"Removed Skill","damage_taken":0,"max_hp_gain":0,"max_hp_loss":0,"event_name":"Falling","floor":37,"gold_loss":0},{"damage_healed":0,"gold_gain":0,"player_choice":"Max HP","damage_taken":0,"max_hp_gain":0,"max_hp_loss":3,"event_name":"Winding Halls","floor":38,"gold_loss":0},{"damage_healed":0,"gold_gain":0,"player_choice":"Memory 1","damage_taken":0,"max_hp_gain":0,"max_hp_loss":0,"event_name":"SensoryStone","floor":46,"gold_loss":0},{"damage_healed":0,"gold_gain":0,"player_choice":"Got Potions","damage_taken":0,"max_hp_gain":0,"max_hp_loss":0,"event_name":"Lab","floor":47,"gold_loss":0}],"is_beta":false,"boss_relics":[{"not_picked":["Coffee Dripper","Runic Dome"],"picked":"Runic Pyramid"},{"not_picked":["Snecko Eye","Black Star"],"picked":"Empty Cage"}],"items_purged_floors":[4,21,48],"is_endless":false,"potions_floor_spawned":[3,10,12,14,16,22,31,33,36,40,45],"killed_by":"The Heart","ascension_level":20}