{"gold_per_floor":[113,113,38,188,202,229,229,33,33,33,74,74,107,26,26,124,124,140,155,198,198,198],"floor_reached":22,"playtime":488,"items_purged":["Doubt"],"score":446,"play_id":"e1053977-3d96-42d6-8783-5e1f4479f35d","local_time":"20230118110148","is_ascension_mode":true,"campfire_choices":[{"data":"Barrage","floor":7,"key":"SMITH"},{"floor":15,"key":"REST"}],"neow_cost":"NONE","seed_source_timestamp":143409582006400,"circlet_count":0,"master_deck":["AscendersBane","Strike_B+1","Strike_B+1","Strike_B+1","Defend_B+1","Defend_B+1","Defend_B+1","Zap","Dualcast","Barrage+1","Redo","Tempest+1","Compile Driver","Lockon","Biased Cognition","CurseOfTheBell","Auto Shields+1","Seek","Tempest"],"relics":["Cracked Core","NeowsBlessing","Prayer Wheel","Membership Card","StrikeDummy","Golden Idol","Pear","Centennial Puzzle","War Paint","Calling Bell","Bronze Scales","Symbiotic Virus","Dead Branch","Red Mask"],"potions_floor_usage":[11],"damage_taken":[{"damage":0,"enemies":"Jaw Worm","floor":1,"turns":1},{"damage":0,"enemies":"2 Louse","floor":5,"turns":1},{"damage":0,"enemies":"3 Sentries","floor":6,"turns":1},{"damage":30,"enemies":"Gremlin Nob","floor":11,"turns":4},{"damage":25,"enemies":"Lagavulin","floor":13,"turns":6},{"damage":32,"enemies":"Slime Boss","floor":16,"turns":7},{"damage":6,"enemies":"Spheric Guardian","floor":18,"turns":3},{"damage":18,"enemies":"3 Byrds","floor":19,"turns":3},{"damage":24,"enemies":"Masked Bandits","floor":20,"turns":3},{"damage":13,"enemies":"Snake Plant","floor":22,"turns":2}],"seed_played":"5203676156808264582","potions_obtained":[{"floor":1,"key":"ColorlessPotion"},{"floor":16,"key":"SteroidPotion"}],"is_trial":false,"path_per_floor":["M","?","?","?","M","E","R","$","T","?","E","?","E","$","R","B",null,"M","M","?","?","M"],"character_chosen":"DEFECT","items_purchased":["Membership Card","War Paint"],"campfire_rested":1,"item_purchase_floors":[8,14],"current_hp_per_floor":[64,57,57,57,57,57,57,57,57,57,37,37,12,12,34,2,56,50,32,8,8,0],"gold":198,"neow_bonus":"THREE_ENEMY_KILL","is_prod":false,"is_daily":false,"chose_seed":false,"campfire_upgraded":1,"win_rate":0,"timestamp":1674036108,"path_taken":["M","?","?","?","?","E","R","?","T","?","E","?","E","$","R","BOSS","M","M","?","?","M"],"build_version":"2022-12-18","purchased_purges":1,"victory":false,"max_hp_per_floor":[71,71,71,71,71,71,71,71,71,64,74,74,74,74,74,74,74,74,74,74,74,74],"card_choices":[{"not_picked":["Compile Driver","Scrape"],"picked":"Barrage","floor":1},{"not_picked":["Stack","Gash"],"picked":"Redo","floor":5},{"not_picked":["Conserve Battery","Loop"],"picked":"Tempest","floor":6},{"not_picked":["Consume","Scrape"],"picked":"Compile Driver","floor":11},{"not_picked":["Fission","Sunder"],"picked":"Lockon","floor":13},{"not_picked":["Core Surge","Seek"],"picked":"Biased Cognition","floor":16},{"not_picked":["Hello World","Redo"],"picked":"Auto Shields+1","floor":18},{"not_picked":["Scrape+1","Redo","Compile Driver"],"picked":"SKIP","floor":18},{"not_picked":["Leap","Blizzard"],"picked":"Seek","floor":19},{"not_picked":["Heatsinks","BootSequence","Conserve Battery"],"picked":"SKIP","floor":19},{"not_picked":["Lockon","Compile Driver"],"picked":"Tempest","floor":20}],"player_experience":2010599,"relics_obtained":[{"floor":6,"key":"Prayer Wheel"},{"floor":9,"key":"StrikeDummy"},{"floor":11,"key":"Pear"},{"floor":13,"key":"Centennial Puzzle"},{"floor":17,"key":"Bronze Scales"},{"floor":17,"key":"Symbiotic Virus"},{"floor":17,"key":"Dead Branch"},{"floor":20,"key":"Red Mask"}],"event_choices":[{"cards_removed":["Strike_B"],"damage_healed":0,"gold_gain":0,"player_choice":"Card Removal","damage_taken":7,"max_hp_gain":0,"max_hp_loss":0,"event_name":"Golden Wing","floor":2,"gold_loss":0},{"cards_removed":["Defend_B"],"damage_healed":0,"gold_gain":0,"player_choice":"Card Removal","damage_taken":0,"max_hp_gain":0,"max_hp_loss":0,"event_name":"The Cleric","floor":3,"gold_loss":75},{"damage_healed":0,"gold_gain":150,"player_choice":"AGREE","damage_taken":0,"max_hp_gain":0,"max_hp_loss":0,"event_name":"Liars Game","floor":4,"gold_loss":0,"cards_obtained":["Doubt"]},{"damage_healed":0,"gold_gain":0,"player_choice":"Lose Max HP","damage_taken":0,"relics_obtained":["Golden Idol"],"max_hp_gain":0,"max_hp_loss":7,"event_name":"Golden Idol","floor":10,"gold_loss":0},{"damage_healed":0,"gold_gain":0,"player_choice":"Ignored","damage_taken":0,"max_hp_gain":0,"max_hp_loss":0,"event_name":"Shining Light","floor":12,"gold_loss":0},{"damage_healed":0,"gold_gain":0,"player_choice":"Fought Bandits","damage_taken":0,"max_hp_gain":0,"max_hp_loss":0,"event_name":"Masked Bandits","floor":20,"gold_loss":0},{"damage_healed":0,"gold_gain":0,"player_choice":"Simplicity","damage_taken":0,"max_hp_gain":0,"max_hp_loss":0,"event_name":"Back to Basics","floor":21,"gold_loss":0,"cards_upgraded":["Strike_B","Strike_B","Strike_B","Defend_B","Defend_B"]}],"is_beta":false,"boss_relics":[{"not_picked":["Runic Pyramid","Fusion Hammer"],"picked":"Calling Bell"}],"items_purged_floors":[8],"is_endless":false,"potions_floor_spawned":[1,16],"killed_by":"Snake Plant","ascension_level":20}