{"gold_per_floor":[111,186,186,262,262,262,296,296,351,49,61,61,90,101,101,179,179,194,34,54,54,134,134,184,199,222,242,256,286,176,176],"floor_reached":31,"playtime":693,"items_purged":["Regret"],"score":572,"play_id":"8b96ff74-4adc-4abc-8ad9-95df77604997","local_time":"20230123202113","is_ascension_mode":true,"campfire_choices":[{"data":"Reprogram","floor":6,"key":"SMITH"},{"data":"Seek","floor":8,"key":"SMITH"},{"data":"Zap","floor":12,"key":"SMITH"},{"data":"Glacier","floor":15,"key":"SMITH"},{"data":"Defragment","floor":23,"key":"SMITH"}],"neow_cost":"NONE","seed_source_timestamp":608774506147000,"circlet_count":0,"master_deck":["AscendersBane","Strike_B","Strike_B","Strike_B","Defend_B","Defend_B","Defend_B+1","Defend_B","Zap+1","Dualcast","Reprogram+1","Seek+1","Go for the Eyes+1","Melter+1","Rip and Tear+1","Glacier+1","All For One+1","Barrage+1","Defragment+1","Reprogram","Seek","Conserve Battery"],"relics":["Cracked Core","NeowsBlessing","Blue Candle","Molten Egg 2","Anchor","Oddly Smooth Stone","Sling","Thread and Needle","Black Star","Orichalcum","Vajra","StrikeDummy","Bronze Scales","Tiny Chest","The Courier"],"potions_floor_usage":[13,16,27,29,31],"damage_taken":[{"damage":0,"enemies":"Jaw Worm","floor":1,"turns":1},{"damage":0,"enemies":"Gremlin Nob","floor":7,"turns":1},{"damage":0,"enemies":"2 Louse","floor":11,"turns":1},{"damage":9,"enemies":"Lagavulin","floor":13,"turns":5},{"damage":0,"enemies":"Small Slimes","floor":14,"turns":2},{"damage":2,"enemies":"Slime Boss","floor":16,"turns":9},{"damage":0,"enemies":"Shell Parasite","floor":18,"turns":5},{"damage":0,"enemies":"Spheric Guardian","floor":20,"turns":1},{"damage":22,"enemies":"Cultist and Chosen","floor":25,"turns":5},{"damage":13,"enemies":"Chosen and Byrds","floor":27,"turns":5},{"damage":4,"enemies":"Centurion and Healer","floor":28,"turns":5},{"damage":3,"enemies":"Book of Stabbing","floor":29,"turns":4},{"damage":27,"enemies":"Slavers","floor":31,"turns":2}],"seed_played":"-6880018744619610291","potions_obtained":[{"floor":1,"key":"Ancient Potion"},{"floor":11,"key":"Energy Potion"},{"floor":13,"key":"PowerPotion"},{"floor":20,"key":"EssenceOfSteel"},{"floor":27,"key":"FocusPotion"}],"is_trial":false,"path_per_floor":["M","?","?","T","?","R","E","R","T","$","M","R","E","M","R","B",null,"M","$","M","?","T","R","?","M","T","M","M","E","?","E"],"character_chosen":"DEFECT","items_purchased":["Sling","Go for the Eyes+1","Orichalcum"],"campfire_rested":0,"item_purchase_floors":[10,10,19],"current_hp_per_floor":[64,53,46,46,46,46,46,46,46,46,46,46,37,37,37,35,62,62,62,62,62,62,62,62,40,40,27,23,20,20,0],"gold":176,"neow_bonus":"THREE_ENEMY_KILL","is_prod":false,"is_daily":false,"chose_seed":false,"campfire_upgraded":5,"win_rate":0,"timestamp":1674501673,"path_taken":["M","?","?","?","?","R","E","R","T","$","?","R","E","M","R","BOSS","M","$","M","?","?","R","?","M","T","?","M","E","?","E"],"build_version":"2022-12-18","purchased_purges":1,"victory":false,"max_hp_per_floor":[71,71,71,71,71,71,71,71,71,71,71,71,71,71,71,71,71,71,71,71,71,71,71,71,71,71,71,71,71,71,71],"card_choices":[{"not_picked":["Storm","Beam Cell"],"picked":"Reprogram","floor":1},{"not_picked":["Redo","Leap"],"picked":"Seek","floor":7},{"not_picked":["Streamline+1","Genetic Algorithm"],"picked":"Melter+1","floor":11},{"not_picked":["Barrage+1","Streamline+1"],"picked":"Rip and Tear+1","floor":13},{"not_picked":["Redo","Turbo"],"picked":"Glacier","floor":14},{"not_picked":["Rainbow","Creative AI"],"picked":"All For One+1","floor":16},{"not_picked":["Rebound+1","Double Energy"],"picked":"Barrage+1","floor":18},{"not_picked":["Melter+1","Lockon+1"],"picked":"Defragment","floor":20},{"not_picked":["Sweeping Beam+1","Coolheaded"],"picked":"Reprogram","floor":25},{"not_picked":["Turbo","Coolheaded"],"picked":"Seek","floor":27},{"not_picked":["Glacier","Melter+1","Streamline+1"],"picked":"SKIP","floor":28},{"not_picked":["Blizzard+1","Hello World"],"picked":"Conserve Battery","floor":29}],"player_experience":2054851,"relics_obtained":[{"floor":4,"key":"Blue Candle"},{"floor":7,"key":"Anchor"},{"floor":9,"key":"Oddly Smooth Stone"},{"floor":13,"key":"Thread and Needle"},{"floor":22,"key":"StrikeDummy"},{"floor":26,"key":"Bronze Scales"},{"floor":29,"key":"Tiny Chest"},{"floor":29,"key":"The Courier"}],"event_choices":[{"damage_healed":0,"gold_gain":75,"player_choice":"Gather Gold","damage_taken":11,"max_hp_gain":0,"max_hp_loss":0,"event_name":"World of Goop","floor":2,"gold_loss":0},{"cards_removed":["Strike_B"],"damage_healed":0,"gold_gain":0,"player_choice":"Card Removal","damage_taken":7,"max_hp_gain":0,"max_hp_loss":0,"event_name":"Golden Wing","floor":3,"gold_loss":0},{"damage_healed":0,"gold_gain":0,"player_choice":"Box","damage_taken":0,"relics_obtained":["Molten Egg 2"],"max_hp_gain":0,"max_hp_loss":0,"event_name":"Big Fish","floor":5,"gold_loss":0,"cards_obtained":["Regret"]},{"damage_healed":0,"gold_gain":0,"player_choice":"Stole Relic","damage_taken":0,"relics_obtained":["Vajra"],"max_hp_gain":0,"max_hp_loss":0,"event_name":"Addict","floor":21,"gold_loss":0,"cards_obtained":["Shame"]},{"damage_healed":0,"gold_gain":50,"player_choice":"Pray","damage_taken":0,"max_hp_gain":0,"max_hp_loss":0,"event_name":"Golden Shrine","floor":24,"gold_loss":0},{"cards_removed":["Shame"],"damage_healed":0,"gold_gain":0,"player_choice":"Upgrade and Remove","damage_taken":0,"max_hp_gain":0,"max_hp_loss":0,"event_name":"Designer","floor":30,"gold_loss":110,"cards_upgraded":["Defend_B"]}],"is_beta":false,"boss_relics":[{"not_picked":["Runic Pyramid","Ectoplasm"],"picked":"Black Star"}],"items_purged_floors":[10],"is_endless":false,"potions_floor_spawned":[1,11,13,20,27],"killed_by":"Slavers","ascension_level":20}