{"gold_per_floor":[110,110,110,80,99,99,127,127,152,178,196,76,76],"floor_reached":13,"playtime":295,"items_purged":[],"score":182,"play_id":"106a53bd-3776-4013-800b-c153479f62fa","local_time":"20230118111603","is_ascension_mode":true,"campfire_choices":[{"data":"Zap","floor":6,"key":"SMITH"},{"floor":8,"key":"REST"}],"neow_cost":"TEN_PERCENT_HP_LOSS","seed_source_timestamp":144457617562000,"circlet_count":0,"master_deck":["AscendersBane","Strike_B","Strike_B","Strike_B","Defend_B","Defend_B","Defend_B","Zap+1","Dualcast","Electrodynamics","Coolheaded","Compile Driver","Skim","Undo","Lockon","Gash","Flash of Steel","Ball Lightning"],"relics":["Cracked Core","Bronze Scales","Kunai"],"potions_floor_usage":[10],"damage_taken":[{"damage":2,"enemies":"Jaw Worm","floor":1,"turns":3},{"damage":11,"enemies":"Small Slimes","floor":5,"turns":3},{"damage":39,"enemies":"Gremlin Nob","floor":7,"turns":4},{"damage":21,"enemies":"Lagavulin","floor":10,"turns":6},{"damage":0,"enemies":"Cultist","floor":11,"turns":3},{"damage":7,"enemies":"3 Louse","floor":13,"turns":1}],"seed_played":"-8124970087609920633","potions_obtained":[{"floor":7,"key":"LiquidMemories"},{"floor":10,"key":"Dexterity Potion"}],"is_trial":false,"path_per_floor":["M","?","?","$","M","R","E","R","T","E","M","$","M"],"character_chosen":"DEFECT","items_purchased":["Compile Driver","Flash of Steel","Ball Lightning"],"campfire_rested":1,"item_purchase_floors":[4,12,12],"current_hp_per_floor":[62,55,55,55,44,44,5,24,24,3,3,3,0],"gold":76,"neow_bonus":"THREE_RARE_CARDS","is_prod":false,"is_daily":false,"chose_seed":false,"campfire_upgraded":1,"win_rate":0,"timestamp":1674036963,"path_taken":["M","?","?","?","M","R","E","R","T","E","M","$","?"],"build_version":"2022-12-18","purchased_purges":0,"victory":false,"max_hp_per_floor":[64,64,64,64,64,64,64,64,64,64,64,64,64],"card_choices":[{"not_picked":["Biased Cognition","Multi-Cast"],"picked":"Electrodynamics","floor":0},{"not_picked":["Steam","Sweeping Beam"],"picked":"Coolheaded","floor":1},{"not_picked":["Aggregate","Stack"],"picked":"Skim","floor":5},{"not_picked":["Chaos","Turbo"],"picked":"Undo","floor":7},{"not_picked":["Auto Shields","Rebound"],"picked":"Lockon","floor":10},{"not_picked":["Steam Power","Multi-Cast"],"picked":"Gash","floor":11}],"player_experience":2011631,"relics_obtained":[{"floor":7,"key":"Bronze Scales"},{"floor":10,"key":"Kunai"}],"event_choices":[{"cards_removed":["Strike_B"],"damage_healed":0,"gold_gain":0,"player_choice":"Card Removal","damage_taken":7,"max_hp_gain":0,"max_hp_loss":0,"event_name":"Golden Wing","floor":2,"gold_loss":0},{"cards_removed":["Defend_B"],"damage_healed":0,"gold_gain":0,"player_choice":"Forget","damage_taken":0,"max_hp_gain":0,"max_hp_loss":0,"event_name":"Living Wall","floor":3,"gold_loss":0}],"is_beta":false,"boss_relics":[],"items_purged_floors":[],"is_endless":false,"potions_floor_spawned":[7,10],"killed_by":"3 Louse","ascension_level":20}