{"gold_per_floor":[367,379,379,379,23,23,48,60,126,155,197,219,231,253,265,354,366,394,331,343,369,392,404,416],"floor_reached":24,"playtime":806,"items_purged":[],"score":412,"play_id":"cba4aa5e-d0a4-416a-8ef6-deb83161520d","local_time":"20230123210028","is_ascension_mode":true,"campfire_choices":[{"floor":6,"key":"REST"},{"floor":8,"key":"REST"},{"floor":15,"key":"REST"},{"floor":23,"key":"REST"}],"neow_cost":"PERCENT_DAMAGE","seed_source_timestamp":611016540139900,"circlet_count":0,"master_deck":["AscendersBane","Strike_B","Strike_B","Defend_B","Defend_B","Defend_B","Defend_B","Zap","Dualcast","Rebound","BootSequence","Cold Snap","Defragment","Sweeping Beam+1","Compile Driver+1","Machine Learning","Barrage+1","Coolheaded","Hologram","Reboot","Aggregate","Fusion"],"relics":["Cracked Core","Vajra","Molten Egg 2","MawBank","Dream Catcher","Question Card","Nuclear Battery","Frozen Egg 2"],"potions_floor_usage":[11,16,24],"damage_taken":[{"damage":7,"enemies":"Small Slimes","floor":1,"turns":5},{"damage":7,"enemies":"Jaw Worm","floor":2,"turns":3},{"damage":20,"enemies":"3 Sentries","floor":7,"turns":10},{"damage":0,"enemies":"Cultist","floor":10,"turns":3},{"damage":20,"enemies":"Gremlin Nob","floor":11,"turns":4},{"damage":0,"enemies":"2 Fungi Beasts","floor":12,"turns":3},{"damage":0,"enemies":"Lots of Slimes","floor":14,"turns":2},{"damage":28,"enemies":"The Guardian","floor":16,"turns":11},{"damage":0,"enemies":"3 Byrds","floor":18,"turns":4},{"damage":17,"enemies":"Shell Parasite","floor":21,"turns":5},{"damage":10,"enemies":"Centurion and Healer","floor":22,"turns":3},{"damage":52,"enemies":"Book of Stabbing","floor":24,"turns":5}],"seed_played":"2991897793146557288","potions_obtained":[{"floor":7,"key":"PotionOfCapacity"},{"floor":10,"key":"ColorlessPotion"},{"floor":11,"key":"EssenceOfDarkness"},{"floor":14,"key":"FocusPotion"},{"floor":16,"key":"Strength Potion"}],"is_trial":false,"path_per_floor":["M","M","?","?","$","R","E","R","T","M","E","M","$","M","R","B",null,"M","?","T","M","M","R","E"],"character_chosen":"DEFECT","items_purchased":["Molten Egg 2","Defragment"],"campfire_rested":4,"item_purchase_floors":[5,5],"current_hp_per_floor":[39,32,6,6,6,27,7,28,28,28,8,8,8,8,29,1,54,54,54,54,37,27,48,0],"gold":416,"neow_bonus":"TWO_FIFTY_GOLD","is_prod":false,"is_daily":false,"chose_seed":false,"campfire_upgraded":0,"win_rate":0,"timestamp":1674504028,"path_taken":["M","M","?","?","$","R","E","R","T","M","E","M","$","M","R","BOSS","M","?","?","M","?","R","E"],"build_version":"2022-12-18","purchased_purges":0,"victory":false,"max_hp_per_floor":[71,71,71,71,71,71,71,71,71,71,71,71,71,71,71,71,71,71,71,71,71,71,71,71],"card_choices":[{"not_picked":["Chaos","Scrape"],"picked":"Rebound","floor":1},{"not_picked":["Rebound","Skim"],"picked":"BootSequence","floor":2},{"not_picked":["Streamline+1","Cold Snap+1"],"picked":"Sweeping Beam+1","floor":7},{"not_picked":["Chill","Genetic Algorithm"],"picked":"Compile Driver+1","floor":10},{"not_picked":["Hello World","Scrape+1"],"picked":"Machine Learning","floor":11},{"not_picked":["Compile Driver+1","Scrape+1","Gash+1"],"picked":"Barrage+1","floor":12},{"not_picked":["Gash+1","Chaos","Streamline+1"],"picked":"Coolheaded","floor":14},{"not_picked":["Cold Snap+1","Rip and Tear+1","Ball Lightning+1"],"picked":"Hologram","floor":15},{"not_picked":["Multi-Cast","Meteor Strike+1","Amplify"],"picked":"Reboot","floor":16},{"not_picked":["Go for the Eyes+1","Streamline+1","Redo","Compile Driver+1"],"picked":"SKIP","floor":18},{"not_picked":["Melter+1","Redo+1","Gash+1"],"picked":"Aggregate","floor":21},{"not_picked":["Force Field","Melter+1","Gash+1","Reprogram"],"picked":"SKIP","floor":22},{"not_picked":["Leap","Rip and Tear+1","Compile Driver+1"],"picked":"Fusion","floor":23}],"player_experience":2055544,"relics_obtained":[{"floor":7,"key":"MawBank"},{"floor":9,"key":"Dream Catcher"},{"floor":11,"key":"Question Card"},{"floor":20,"key":"Frozen Egg 2"}],"event_choices":[{"damage_healed":0,"gold_gain":0,"player_choice":"Success","damage_taken":26,"relics_obtained":["Vajra"],"max_hp_gain":0,"max_hp_loss":0,"event_name":"Scrap Ooze","floor":3,"gold_loss":0},{"damage_healed":0,"gold_gain":0,"cards_transformed":["Strike_B"],"player_choice":"Change","damage_taken":0,"max_hp_gain":0,"max_hp_loss":0,"event_name":"Living Wall","floor":4,"gold_loss":0,"cards_obtained":["Cold Snap"]},{"cards_removed":["Strike_B"],"damage_healed":0,"gold_gain":0,"player_choice":"Gave Gold","damage_taken":0,"max_hp_gain":0,"max_hp_loss":0,"event_name":"Beggar","floor":19,"gold_loss":75}],"is_beta":false,"boss_relics":[{"not_picked":["Snecko Eye","Cursed Key"],"picked":"Nuclear Battery"}],"items_purged_floors":[],"is_endless":false,"potions_floor_spawned":[7,10,11,14,16,21],"killed_by":"Book of Stabbing","ascension_level":20}