{"gold_per_floor":[110,110,110,110,121,147,157,486,486,498,510,536,583,614,626,710,722,751,688,248,298,312,312],"floor_reached":23,"playtime":740,"items_purged":["Defend_B"],"score":468,"play_id":"3e9cf856-ec92-4d4c-abb0-8718c4b7f670","local_time":"20230120140028","is_ascension_mode":true,"campfire_choices":[{"floor":15,"key":"REST"}],"neow_cost":"NONE","seed_source_timestamp":11456489009200,"circlet_count":0,"master_deck":["AscendersBane","Defend_B","Defend_B","Defend_B","Zap","Dualcast","Gash","Streamline","Coolheaded","Reboot","Rebound","Gash","Sweeping Beam","Conserve Battery","Go for the Eyes","Seek","Gash","Well Laid Plans"],"relics":["Cracked Core","NeowsBlessing","Potion Belt","Sundial","Old Coin","MawBank","Smiling Mask","Empty Cage","PrismaticShard","Anchor"],"potions_floor_usage":[8,13,13,16,18,22,23],"damage_taken":[{"damage":0,"enemies":"Small Slimes","floor":1,"turns":1},{"damage":0,"enemies":"2 Louse","floor":5,"turns":1},{"damage":0,"enemies":"Lagavulin","floor":6,"turns":1},{"damage":2,"enemies":"Jaw Worm","floor":7,"turns":4},{"damage":25,"enemies":"3 Sentries","floor":8,"turns":7},{"damage":14,"enemies":"Exordium Wildlife","floor":12,"turns":4},{"damage":8,"enemies":"Gremlin Nob","floor":13,"turns":3},{"damage":6,"enemies":"Looter","floor":14,"turns":3},{"damage":22,"enemies":"Slime Boss","floor":16,"turns":9},{"damage":19,"enemies":"Shell Parasite","floor":18,"turns":9},{"damage":3,"enemies":"Chosen","floor":22,"turns":3},{"damage":35,"enemies":"Book of Stabbing","floor":23,"turns":4}],"seed_played":"7390159312108154342","potions_obtained":[{"floor":7,"key":"Strength Potion"},{"floor":11,"key":"Weak Potion"},{"floor":11,"key":"Ancient Potion"},{"floor":12,"key":"BlessingOfTheForge"},{"floor":13,"key":"Fire Potion"},{"floor":16,"key":"Energy Potion"},{"floor":18,"key":"AttackPotion"}],"is_trial":false,"path_per_floor":["M","?","?","?","M","E","M","E","T","?","?","M","E","M","R","B",null,"M","?","$","?","M","E"],"character_chosen":"DEFECT","items_purchased":["Gash","PrismaticShard","Anchor","Swift Potion"],"campfire_rested":1,"item_purchase_floors":[20,20,20,20],"current_hp_per_floor":[64,59,59,52,52,52,50,25,25,42,42,28,20,14,35,13,54,35,35,35,35,32,0],"gold":312,"neow_bonus":"THREE_ENEMY_KILL","is_prod":false,"is_daily":false,"chose_seed":false,"campfire_upgraded":0,"win_rate":0,"timestamp":1674219628,"path_taken":["M","?","?","?","?","E","M","E","T","?","?","?","E","M","R","BOSS","M","?","$","?","?","E"],"build_version":"2022-12-18","purchased_purges":1,"victory":false,"max_hp_per_floor":[71,71,71,71,71,71,71,71,71,71,71,71,71,71,71,71,68,68,68,68,68,68,68],"card_choices":[{"not_picked":["Stack","Blizzard"],"picked":"Gash","floor":1},{"not_picked":["Turbo","FTL"],"picked":"Coolheaded","floor":5},{"not_picked":["Scrape","Chaos"],"picked":"Reboot","floor":6},{"not_picked":["Turbo","Rebound","Blizzard"],"picked":"SKIP","floor":7},{"not_picked":["Turbo","Blizzard"],"picked":"Rebound","floor":7},{"not_picked":["Leap","Rebound"],"picked":"Gash","floor":8},{"not_picked":["Turbo","Redo"],"picked":"Sweeping Beam","floor":12},{"not_picked":["Storm","Rebound"],"picked":"Conserve Battery","floor":13},{"not_picked":["Amplify","Conserve Battery"],"picked":"Go for the Eyes","floor":14},{"not_picked":["Creative AI","Buffer"],"picked":"Seek","floor":16},{"not_picked":["Rebound","Conserve Battery","Turbo"],"picked":"SKIP","floor":18},{"not_picked":["ClearTheMind","Halt+1"],"picked":"Well Laid Plans","floor":22}],"player_experience":2023958,"relics_obtained":[{"floor":6,"key":"Sundial"},{"floor":8,"key":"Old Coin"},{"floor":9,"key":"MawBank"},{"floor":13,"key":"Smiling Mask"}],"event_choices":[{"damage_healed":0,"gold_gain":0,"player_choice":"Success","damage_taken":5,"relics_obtained":["Potion Belt"],"max_hp_gain":0,"max_hp_loss":0,"event_name":"Scrap Ooze","floor":2,"gold_loss":0},{"damage_healed":0,"gold_gain":0,"cards_transformed":["Strike_B"],"player_choice":"Change","damage_taken":0,"max_hp_gain":0,"max_hp_loss":0,"event_name":"Living Wall","floor":3,"gold_loss":0,"cards_obtained":["Streamline"]},{"cards_removed":["Strike_B"],"damage_healed":0,"gold_gain":0,"player_choice":"Card Removal","damage_taken":7,"max_hp_gain":0,"max_hp_loss":0,"event_name":"Golden Wing","floor":4,"gold_loss":0},{"damage_healed":17,"gold_gain":0,"player_choice":"Healed and dodged fight","damage_taken":0,"max_hp_gain":0,"max_hp_loss":0,"event_name":"Mushrooms","floor":10,"gold_loss":0,"cards_obtained":["Parasite"]},{"damage_healed":0,"gold_gain":0,"player_choice":"Got Potions","damage_taken":0,"max_hp_gain":0,"max_hp_loss":0,"event_name":"Lab","floor":11,"gold_loss":0},{"cards_removed":["Strike_B"],"damage_healed":0,"gold_gain":0,"player_choice":"Gave Gold","damage_taken":0,"max_hp_gain":0,"max_hp_loss":0,"event_name":"Beggar","floor":19,"gold_loss":75},{"damage_healed":0,"gold_gain":50,"player_choice":"Stole From Cult","damage_taken":0,"max_hp_gain":0,"max_hp_loss":0,"event_name":"Nest","floor":21,"gold_loss":0}],"is_beta":false,"boss_relics":[{"not_picked":["SlaversCollar","FrozenCore"],"picked":"Empty Cage"}],"items_purged_floors":[20],"is_endless":false,"potions_floor_spawned":[7,12,13,16,18],"killed_by":"Book of Stabbing","ascension_level":20}