{"gold_per_floor":[114,114,128,143,153,181,192,192],"floor_reached":8,"playtime":212,"items_purged":[],"score":120,"play_id":"1431a5f8-c9a8-4b51-a7d2-a05d620ac907","local_time":"20230123184153","is_ascension_mode":true,"campfire_choices":[],"neow_cost":"NONE","seed_source_timestamp":603295698744100,"circlet_count":0,"master_deck":["AscendersBane","Strike_B","Strike_B","Strike_B","Strike_B","Defend_B","Defend_B","Defend_B","Defend_B","Zap","Dualcast","Lockon","Tempest","Compile Driver","Ball Lightning","Double Energy","Cold Snap"],"relics":["Cracked Core","NeowsBlessing","Toy Ornithopter"],"potions_floor_usage":[7,7,7,8],"damage_taken":[{"damage":0,"enemies":"2 Louse","floor":1,"turns":1},{"damage":0,"enemies":"Cultist","floor":3,"turns":1},{"damage":0,"enemies":"Small Slimes","floor":4,"turns":1},{"damage":8,"enemies":"Blue Slaver","floor":5,"turns":2},{"damage":40,"enemies":"3 Sentries","floor":6,"turns":7},{"damage":22,"enemies":"Exordium Thugs","floor":7,"turns":4},{"damage":36,"enemies":"Gremlin Nob","floor":8,"turns":3}],"seed_played":"-8173267369966379882","potions_obtained":[{"floor":1,"key":"PotionOfCapacity"},{"floor":6,"key":"EntropicBrew"}],"is_trial":false,"path_per_floor":["M","?","M","M","M","E","M","E"],"character_chosen":"DEFECT","items_purchased":[],"campfire_rested":0,"item_purchase_floors":[],"current_hp_per_floor":[64,64,64,64,56,16,9,0],"gold":192,"neow_bonus":"THREE_ENEMY_KILL","is_prod":false,"is_daily":false,"chose_seed":false,"campfire_upgraded":0,"win_rate":0,"timestamp":1674495713,"path_taken":["M","?","?","M","?","E","M","E"],"build_version":"2022-12-18","purchased_purges":0,"victory":false,"max_hp_per_floor":[71,71,71,71,71,71,71,71],"card_choices":[{"not_picked":["Barrage","Recycle"],"picked":"Lockon","floor":1},{"not_picked":["Streamline","Barrage"],"picked":"Tempest","floor":3},{"not_picked":["Conserve Battery","Cold Snap"],"picked":"Compile Driver","floor":4},{"not_picked":["Rip and Tear","Redo"],"picked":"Ball Lightning","floor":5},{"not_picked":["Scrape","Gash"],"picked":"Double Energy","floor":6},{"not_picked":["Compile Driver","Stack"],"picked":"Cold Snap","floor":7}],"player_experience":2049426,"relics_obtained":[{"floor":6,"key":"Toy Ornithopter"}],"event_choices":[{"damage_healed":0,"gold_gain":0,"player_choice":"0 cards matched","damage_taken":0,"max_hp_gain":0,"max_hp_loss":0,"event_name":"Match and Keep!","floor":2,"gold_loss":0,"cards_obtained":[]}],"is_beta":false,"boss_relics":[],"items_purged_floors":[],"is_endless":false,"potions_floor_spawned":[1,6],"killed_by":"Gremlin Nob","ascension_level":20}