{"gold_per_floor":[112,31,31,49,49,89,89,103,127,160,180,180,201,225,225,321,321,335,353,371,83,107,107,107],"floor_reached":24,"playtime":1954,"items_purged":["Injury"],"score":470,"play_id":"5d6ca0ae-a93f-4950-bfde-2432dc7c38ae","local_time":"20230120143737","is_ascension_mode":true,"campfire_choices":[{"data":"Consume","floor":7.0,"key":"SMITH"},{"floor":12.0,"key":"DIG"},{"floor":15.0,"key":"DIG"},{"floor":23,"key":"REST"}],"neow_cost":"NONE","seed_source_timestamp":12458052408800,"circlet_count":0,"master_deck":["AscendersBane","Strike_B","Strike_B","Strike_B","Defend_B","Defend_B","Defend_B","Defend_B","Zap","Dualcast+1","Coolheaded+1","Capacitor","Consume+1","Barrage","Ball Lightning","White Noise","Capacitor","Echo Form","Conserve Battery+1","Stack"],"special_seed":0,"relics":["Cracked Core","NeowsBlessing","Golden Idol","Smiling Mask","Bronze Scales","Shovel","War Paint","Pear","Fusion Hammer","Bag of Preparation"],"potions_floor_usage":[20,22,22],"damage_taken":[{"damage":0.0,"enemies":"Jaw Worm","floor":1.0,"turns":1.0},{"damage":0.0,"enemies":"Small Slimes","floor":4.0,"turns":1.0},{"damage":0.0,"enemies":"Gremlin Nob","floor":6.0,"turns":1.0},{"damage":3.0,"enemies":"2 Louse","floor":8.0,"turns":3.0},{"damage":15.0,"enemies":"Lagavulin","floor":10.0,"turns":7.0},{"damage":21.0,"enemies":"Lots of Slimes","floor":11.0,"turns":3.0},{"damage":4.0,"enemies":"Blue Slaver","floor":13.0,"turns":4.0},{"damage":16.0,"enemies":"Exordium Thugs","floor":14.0,"turns":4.0},{"damage":8.0,"enemies":"Hexaghost","floor":16.0,"turns":8.0},{"damage":8.0,"enemies":"3 Byrds","floor":18.0,"turns":3.0},{"damage":21.0,"enemies":"Spheric Guardian","floor":19.0,"turns":5.0},{"damage":13,"enemies":"Chosen and Byrds","floor":20,"turns":5},{"damage":13,"enemies":"Shelled Parasite and Fungi","floor":22,"turns":5},{"damage":33,"enemies":"Gremlin Leader","floor":24,"turns":2}],"seed_played":"3665703196771572205","potions_obtained":[{"floor":8.0,"key":"ColorlessPotion"},{"floor":10.0,"key":"SkillPotion"},{"floor":11.0,"key":"ColorlessPotion"},{"floor":16.0,"key":"Block Potion"},{"floor":19.0,"key":"Block Potion"},{"floor":20,"key":"Weak Potion"}],"is_trial":false,"path_per_floor":["M","$","?","M","?","E","R","M","T","E","M","R","M","M","R","B",null,"M","M","M","$","M","R","E"],"character_chosen":"DEFECT","items_purchased":["Capacitor","Bag of Preparation","DistilledChaos"],"campfire_rested":1,"item_purchase_floors":[2,21,21],"current_hp_per_floor":[64,64,64,64,64,64,64,61,61,46,25,25,21,5,15,7,63,55,34,21,21,8,32,0],"gold":107,"neow_bonus":"THREE_ENEMY_KILL","is_prod":false,"is_daily":false,"chose_seed":false,"campfire_upgraded":1,"win_rate":0,"timestamp":1674221857,"path_taken":["M","$","?","M","?","E","R","M","T","E","M","R","M","M","R","BOSS","M","M","M","$","M","R","E"],"build_version":"2022-12-18","purchased_purges":1,"victory":false,"max_hp_per_floor":[71,71,71,71,71,71,71,71,71,71,71,71,71,71,81,81,81,81,81,81,81,81,81,81],"card_choices":[{"not_picked":["Redo","Steam Power"],"picked":"Coolheaded","floor":1.0},{"not_picked":["Undo","Cold Snap"],"picked":"Barrage","floor":4.0},{"not_picked":["Self Repair","Meteor Strike"],"picked":"Ball Lightning","floor":6.0},{"not_picked":["Hologram","Gash","Rebound"],"picked":"SKIP","floor":8.0},{"not_picked":["FTL","Cold Snap"],"picked":"White Noise","floor":10.0},{"not_picked":["Cold Snap","Beam Cell","Barrage"],"picked":"SKIP","floor":11.0},{"not_picked":["Streamline","Cold Snap"],"picked":"Capacitor","floor":13.0},{"not_picked":["Cold Snap","All For One","Streamline"],"picked":"SKIP","floor":14.0},{"not_picked":["Amplify","Meteor Strike"],"picked":"Echo Form","floor":16.0},{"not_picked":["Go for the Eyes","Beam Cell"],"picked":"Conserve Battery+1","floor":18.0},{"not_picked":["Ball Lightning","Blizzard","Lockon"],"picked":"SKIP","floor":19.0},{"not_picked":["White Noise","Rebound","Conserve Battery"],"picked":"SKIP","floor":20},{"not_picked":["Ball Lightning","Go for the Eyes"],"picked":"Stack","floor":22}],"player_experience":2024938,"relics_obtained":[{"floor":6.0,"key":"Smiling Mask"},{"floor":9.0,"key":"Bronze Scales"},{"floor":10.0,"key":"Shovel"},{"floor":12.0,"key":"War Paint"},{"floor":15.0,"key":"Pear"}],"event_choices":[{"damage_healed":0.0,"max_hp_gain":0.0,"max_hp_loss":0.0,"gold_gain":0.0,"cards_transformed":["Strike_B"],"event_name":"Living Wall","player_choice":"Change","floor":3.0,"gold_loss":0.0,"damage_taken":0.0,"cards_obtained":["Consume"]},{"damage_healed":0.0,"max_hp_gain":0.0,"max_hp_loss":0.0,"gold_gain":0.0,"event_name":"Golden Idol","player_choice":"Take Wound","floor":5.0,"gold_loss":0.0,"damage_taken":0.0,"relics_obtained":["Golden Idol"],"cards_obtained":["Injury"]}],"is_beta":false,"boss_relics":[{"not_picked":["Busted Crown","Ectoplasm"],"picked":"Fusion Hammer"}],"items_purged_floors":[21],"is_endless":false,"potions_floor_spawned":[8,10,11,16,19,20],"killed_by":"Gremlin Leader","ascension_level":20}