{"gold_per_floor":[116,126,137,151,76,76,76,76,76,1,1,30,30,68,68,151,151,174,224,250,89,89,89],"floor_reached":23,"playtime":650,"items_purged":["Defend_B"],"score":394,"play_id":"a328af2b-47f5-4ce1-8725-08c0ec4e1949","local_time":"20230209214208","is_ascension_mode":true,"campfire_choices":[{"data":"Barrage","floor":6,"key":"SMITH"},{"data":"Zap","floor":11,"key":"SMITH"},{"floor":15,"key":"REST"}],"neow_cost":"NONE","seed_source_timestamp":1169020341496200,"circlet_count":0,"master_deck":["AscendersBane","Defend_B","Defend_B","Defend_B","Zap+1","Dualcast","Barrage+1","Coolheaded","BootSequence","Redo","Cold Snap","Hologram","Creative AI","Doom and Gloom","Conserve Battery"],"relics":["Cracked Core","NeowsBlessing","Nunchaku","Symbiotic Virus","Pear","CeramicFish","Empty Cage","Tiny Chest","MutagenicStrength"],"potions_floor_usage":[4,12,20,23],"damage_taken":[{"damage":0,"enemies":"Cultist","floor":1,"turns":1},{"damage":0,"enemies":"Small Slimes","floor":2,"turns":1},{"damage":0,"enemies":"2 Louse","floor":3,"turns":1},{"damage":11,"enemies":"Blue Slaver","floor":4,"turns":4},{"damage":26,"enemies":"Lagavulin","floor":12,"turns":6},{"damage":2,"enemies":"3 Sentries","floor":14,"turns":8},{"damage":18,"enemies":"The Guardian","floor":16,"turns":10},{"damage":28,"enemies":"Shell Parasite","floor":18,"turns":5},{"damage":3,"enemies":"3 Byrds","floor":20,"turns":3},{"damage":42,"enemies":"Book of Stabbing","floor":23,"turns":5}],"seed_played":"-3195521611615920669","potions_obtained":[{"floor":1,"key":"AttackPotion"},{"floor":3,"key":"FearPotion"},{"floor":12,"key":"DuplicationPotion"},{"floor":18,"key":"Explosive Potion"}],"is_trial":false,"path_per_floor":["M","M","M","M","?","R","?","T","T","$","R","E","$","E","R","B",null,"M","?","M","$","?","E"],"character_chosen":"DEFECT","items_purchased":["Tiny Chest"],"campfire_rested":1,"item_purchase_floors":[21],"current_hp_per_floor":[64,64,64,53,53,53,46,46,46,46,46,30,30,28,52,34,69,41,41,38,38,38,0],"gold":89,"neow_bonus":"THREE_ENEMY_KILL","is_prod":false,"is_daily":false,"chose_seed":false,"campfire_upgraded":2,"win_rate":0,"timestamp":1675975328,"path_taken":["M","M","?","?","?","R","?","?","T","$","R","E","?","E","R","BOSS","M","?","M","$","?","E"],"build_version":"2022-12-18","purchased_purges":1,"victory":false,"max_hp_per_floor":[71,71,71,71,71,71,71,71,71,71,71,81,81,81,81,81,81,81,81,81,81,81,81],"card_choices":[{"not_picked":["Aggregate","Lockon"],"picked":"Barrage","floor":1},{"not_picked":["Beam Cell","Barrage"],"picked":"Coolheaded","floor":2},{"not_picked":["Steam","Storm"],"picked":"BootSequence","floor":3},{"not_picked":["Rebound","Conserve Battery"],"picked":"Redo","floor":4},{"not_picked":["Reprogram","Barrage"],"picked":"Cold Snap","floor":12},{"not_picked":["Rip and Tear","Storm"],"picked":"Hologram","floor":14},{"not_picked":["Seek","Rainbow"],"picked":"Creative AI","floor":16},{"not_picked":["Steam","Sweeping Beam"],"picked":"Doom and Gloom","floor":18},{"not_picked":["Chill","Doom and Gloom"],"picked":"Conserve Battery","floor":20}],"player_experience":2117317,"relics_obtained":[{"floor":8,"key":"Nunchaku"},{"floor":9,"key":"Symbiotic Virus"},{"floor":12,"key":"Pear"},{"floor":14,"key":"CeramicFish"}],"event_choices":[{"cards_removed":["Strike_B"],"damage_healed":0,"gold_gain":0,"player_choice":"Card Removal","damage_taken":0,"max_hp_gain":0,"max_hp_loss":0,"event_name":"The Cleric","floor":5,"gold_loss":75},{"cards_removed":["Strike_B"],"damage_healed":0,"gold_gain":0,"player_choice":"Card Removal","damage_taken":7,"max_hp_gain":0,"max_hp_loss":0,"event_name":"Golden Wing","floor":7,"gold_loss":0},{"damage_healed":0,"gold_gain":50,"player_choice":"Stole From Cult","damage_taken":0,"max_hp_gain":0,"max_hp_loss":0,"event_name":"Nest","floor":19,"gold_loss":0},{"damage_healed":0,"gold_gain":0,"player_choice":"Inject Mutagens","damage_taken":0,"relics_obtained":["MutagenicStrength"],"max_hp_gain":0,"max_hp_loss":0,"event_name":"Drug Dealer","floor":22,"gold_loss":0}],"is_beta":false,"boss_relics":[{"not_picked":["Coffee Dripper","Fusion Hammer"],"picked":"Empty Cage"}],"items_purged_floors":[10],"is_endless":false,"potions_floor_spawned":[1,3,12,18],"killed_by":"Book of Stabbing","ascension_level":20}