{"gold_per_floor":[112,124,49,49,69,69,81,114,114,114,146,157,157,57,57,134,134,150,160,160,160,35,35,35],"floor_reached":24,"playtime":791,"items_purged":["Pain","Strike_B","Pain"],"score":408,"play_id":"33215d2a-4119-4f8d-b9aa-346afa7c8aa2","local_time":"20230209220449","is_ascension_mode":true,"campfire_choices":[{"floor":6,"key":"REST"},{"floor":10,"key":"REST"},{"floor":15,"key":"REST"},{"data":"Apotheosis","floor":23,"key":"SMITH"}],"neow_cost":"CURSE","seed_source_timestamp":1170239843031500,"circlet_count":0,"master_deck":["AscendersBane","Strike_B","Defend_B","Defend_B","Defend_B","Defend_B","Zap","Dualcast","Apotheosis+1","Barrage","Defragment","Melter","Conserve Battery","Redo","Coolheaded","Ball Lightning","Thunder Strike","Biased Cognition","Decay"],"relics":["Cracked Core","Strawberry","Singing Bowl","Lizard Tail","SacredBark","WarpedTongs"],"potions_floor_usage":[8,16,18,19,24],"damage_taken":[{"damage":6,"enemies":"Cultist","floor":1,"turns":4},{"damage":16,"enemies":"Jaw Worm","floor":2,"turns":4},{"damage":22,"enemies":"Small Slimes","floor":5,"turns":3},{"damage":7,"enemies":"Looter","floor":7,"turns":3},{"damage":32,"enemies":"3 Sentries","floor":8,"turns":7},{"damage":8,"enemies":"Lagavulin","floor":11,"turns":6},{"damage":8,"enemies":"3 Louse","floor":12,"turns":3},{"damage":18,"enemies":"The Guardian","floor":16,"turns":9},{"damage":10,"enemies":"Shell Parasite","floor":18,"turns":5},{"damage":8,"enemies":"3 Byrds","floor":19,"turns":1},{"damage":95,"enemies":"Book of Stabbing","floor":24,"turns":9}],"seed_played":"6881849347907349474","potions_obtained":[{"floor":1,"key":"Weak Potion"},{"floor":7,"key":"GamblersBrew"},{"floor":11,"key":"Energy Potion"},{"floor":16,"key":"SkillPotion"},{"floor":18,"key":"LiquidBronze"},{"floor":19,"key":"SteroidPotion"}],"is_trial":false,"path_per_floor":["M","M","$","?","M","R","M","E","T","R","E","M","?","$","R","B",null,"M","M","?","?","$","R","E"],"character_chosen":"DEFECT","items_purchased":[],"campfire_rested":3,"item_purchase_floors":[],"current_hp_per_floor":[58,42,42,42,20,41,34,9,9,32,26,18,18,18,42,24,66,58,52,52,52,52,52,0],"gold":35,"neow_bonus":"RANDOM_COLORLESS_2","is_prod":false,"is_daily":false,"chose_seed":false,"campfire_upgraded":1,"win_rate":0,"timestamp":1675976689,"path_taken":["M","?","$","?","?","R","M","E","T","R","E","M","?","$","R","BOSS","M","M","?","?","$","R","E"],"build_version":"2022-12-18","purchased_purges":3,"victory":false,"max_hp_per_floor":[71,71,71,71,71,71,71,78,78,78,80,80,80,80,80,80,80,82,84,84,84,84,84,84],"card_choices":[{"not_picked":["The Bomb","Secret Weapon"],"picked":"Apotheosis","floor":0},{"not_picked":["Scrape","Cold Snap"],"picked":"Barrage","floor":1},{"not_picked":["Compile Driver","Go for the Eyes"],"picked":"Defragment","floor":2},{"not_picked":["Cold Snap","Lockon"],"picked":"Conserve Battery","floor":5},{"not_picked":["Rip and Tear","Hologram"],"picked":"Redo","floor":7},{"not_picked":["Blizzard","Consume"],"picked":"Coolheaded","floor":8},{"not_picked":["Streamline","Double Energy","FTL"],"picked":"Singing Bowl","floor":11},{"not_picked":["Heatsinks","Steam"],"picked":"Ball Lightning","floor":12},{"not_picked":["Buffer","Creative AI"],"picked":"Biased Cognition","floor":16},{"not_picked":["Hologram+1","Rebound","Recycle"],"picked":"Singing Bowl","floor":18},{"not_picked":["Double Energy","Undo","Consume+1"],"picked":"Singing Bowl","floor":19}],"player_experience":2118486,"relics_obtained":[{"floor":8,"key":"Strawberry"},{"floor":9,"key":"Singing Bowl"},{"floor":11,"key":"Lizard Tail"}],"event_choices":[{"damage_healed":0,"gold_gain":0,"cards_transformed":["Strike_B"],"player_choice":"Transformed","damage_taken":0,"max_hp_gain":0,"max_hp_loss":0,"event_name":"Transmorgrifier","floor":4,"gold_loss":0,"cards_obtained":["Melter"]},{"damage_healed":0,"gold_gain":0,"cards_transformed":["Strike_B"],"player_choice":"Change","damage_taken":0,"max_hp_gain":0,"max_hp_loss":0,"event_name":"Living Wall","floor":13,"gold_loss":0,"cards_obtained":["Thunder Strike"]},{"damage_healed":0,"gold_gain":0,"player_choice":"Smashed Altar","damage_taken":0,"max_hp_gain":0,"max_hp_loss":0,"event_name":"Forgotten Altar","floor":20,"gold_loss":0,"cards_obtained":["Decay"]},{"damage_healed":0,"gold_gain":0,"player_choice":"Rummage","damage_taken":0,"relics_obtained":["WarpedTongs"],"max_hp_gain":0,"max_hp_loss":0,"event_name":"Accursed Blacksmith","floor":21,"gold_loss":0,"cards_obtained":["Pain"]}],"is_beta":false,"boss_relics":[{"not_picked":["Coffee Dripper","Empty Cage"],"picked":"SacredBark"}],"items_purged_floors":[3,14,22],"is_endless":false,"potions_floor_spawned":[1,7,11,16,18,19],"killed_by":"Book of Stabbing","ascension_level":20}