{"gold_per_floor":[362,362,362,24,41,41,71,86,109,109,109,126,126,52,52,52],"floor_reached":16,"playtime":443,"items_purged":["Strike_B"],"score":196,"play_id":"fe37b7ba-df19-4aff-a0e9-1dab6760cbef","local_time":"20230206211015","is_ascension_mode":true,"campfire_choices":[{"data":"Zap","floor":6,"key":"SMITH"},{"floor":10,"key":"REST"},{"data":"Capacitor","floor":15,"key":"SMITH"}],"neow_cost":"CURSE","seed_source_timestamp":908109518224100,"circlet_count":0,"master_deck":["AscendersBane","Strike_B+1","Strike_B","Defend_B","Defend_B","Defend_B+1","Defend_B","Zap+1","Dualcast","Go for the Eyes","Capacitor+1","Stack","Gash","Ball Lightning","Cold Snap"],"relics":["Cracked Core","Akabeko","Chemical X","PreservedInsect","Smiling Mask"],"potions_floor_usage":[7,16],"damage_taken":[{"damage":7,"enemies":"Jaw Worm","floor":1,"turns":4},{"damage":2,"enemies":"2 Louse","floor":5,"turns":3},{"damage":35,"enemies":"3 Sentries","floor":7,"turns":8},{"damage":1,"enemies":"Cultist","floor":8,"turns":4},{"damage":15,"enemies":"Lots of Slimes","floor":12,"turns":5},{"damage":10,"enemies":"Hexaghost","floor":16,"turns":9}],"seed_played":"1873114619188659710","potions_obtained":[{"floor":5,"key":"DistilledChaos"},{"floor":8,"key":"Dexterity Potion"},{"floor":12,"key":"DuplicationPotion"}],"is_trial":false,"path_per_floor":["M","?","?","$","M","R","E","M","T","R","?","M","?","$","R","B"],"character_chosen":"DEFECT","items_purchased":["Akabeko","Chemical X","Cold Snap"],"campfire_rested":1,"item_purchase_floors":[4,4,14],"current_hp_per_floor":[57,62,39,39,37,37,2,1,1,23,23,8,8,8,8,0],"gold":52,"neow_bonus":"TWO_FIFTY_GOLD","is_prod":false,"is_daily":false,"chose_seed":false,"campfire_upgraded":2,"win_rate":0,"timestamp":1675714215,"path_taken":["M","?","?","?","M","R","E","?","T","R","?","M","?","$","R","BOSS"],"build_version":"2022-12-18","purchased_purges":1,"victory":false,"max_hp_per_floor":[71,76,76,76,76,76,76,76,76,76,76,76,76,76,76,76],"card_choices":[{"not_picked":["Tempest","Leap"],"picked":"Go for the Eyes","floor":1},{"not_picked":["Undo","Rip and Tear"],"picked":"Capacitor","floor":5},{"not_picked":["Steam","Fission"],"picked":"Stack","floor":7},{"not_picked":["Double Energy","Go for the Eyes"],"picked":"Gash","floor":8},{"not_picked":["Capacitor","Loop"],"picked":"Ball Lightning","floor":12}],"player_experience":2109482,"relics_obtained":[{"floor":7,"key":"PreservedInsect"},{"floor":9,"key":"Smiling Mask"}],"event_choices":[{"damage_healed":0,"gold_gain":0,"player_choice":"Donut","damage_taken":0,"max_hp_gain":5,"max_hp_loss":0,"event_name":"Big Fish","floor":2,"gold_loss":0},{"damage_healed":0,"gold_gain":0,"player_choice":"Entered Light","damage_taken":23,"max_hp_gain":0,"max_hp_loss":0,"event_name":"Shining Light","floor":3,"gold_loss":0,"cards_upgraded":["Strike_B","Defend_B"]},{"cards_removed":["Decay"],"damage_healed":0,"gold_gain":0,"player_choice":"Forget","damage_taken":0,"max_hp_gain":0,"max_hp_loss":0,"event_name":"Living Wall","floor":11,"gold_loss":0},{"cards_removed":["Strike_B"],"damage_healed":0,"gold_gain":0,"player_choice":"Purged","damage_taken":0,"max_hp_gain":0,"max_hp_loss":0,"event_name":"Purifier","floor":13,"gold_loss":0}],"is_beta":false,"boss_relics":[],"items_purged_floors":[14],"is_endless":false,"potions_floor_spawned":[5,8,12],"killed_by":"Hexaghost","ascension_level":20}