{"gold_per_floor":[109,109,34,34,46,46,64,92,92,92,102,28,45,78,78,78],"floor_reached":16,"playtime":398,"items_purged":["Regret"],"score":220,"play_id":"c3a29d68-f252-4b4f-849e-1f107088970e","local_time":"20230209215107","is_ascension_mode":true,"campfire_choices":[{"data":"Defragment","floor":6,"key":"SMITH"},{"data":"Genetic Algorithm","floor":10,"key":"SMITH"},{"data":"Fusion","floor":15,"key":"SMITH"}],"neow_cost":"NONE","seed_source_timestamp":1169811401555600,"circlet_count":0,"master_deck":["AscendersBane","Strike_B","Strike_B","Strike_B","Defend_B","Defend_B","Defend_B","Defend_B","Zap","Dualcast","Streamline","Defragment+1","Ball Lightning","Genetic Algorithm+1","Electrodynamics","Glacier","Fusion+1","Redo"],"relics":["Cracked Core","NeowsBlessing","InkBottle","Orichalcum","Ancient Tea Set"],"potions_floor_usage":[8,11,14,14,16],"damage_taken":[{"damage":0,"enemies":"Jaw Worm","floor":1,"turns":1},{"damage":0,"enemies":"Small Slimes","floor":5,"turns":1},{"damage":0,"enemies":"Cultist","floor":7,"turns":1},{"damage":15,"enemies":"Lagavulin","floor":8,"turns":4},{"damage":21,"enemies":"3 Louse","floor":11,"turns":3},{"damage":0,"enemies":"2 Fungi Beasts","floor":13,"turns":4},{"damage":7,"enemies":"3 Sentries","floor":14,"turns":3},{"damage":28,"enemies":"Hexaghost","floor":16,"turns":11}],"seed_played":"1554668940955983285","potions_obtained":[{"floor":5,"key":"EntropicBrew"},{"floor":7,"key":"FearPotion"},{"floor":8,"key":"LiquidMemories"}],"is_trial":false,"path_per_floor":["M","?","$","?","M","R","M","E","T","R","M","$","M","E","R","B"],"character_chosen":"DEFECT","items_purchased":["Glacier"],"campfire_rested":0,"item_purchase_floors":[12],"current_hp_per_floor":[64,64,64,64,64,64,64,49,49,49,28,28,28,21,21,0],"gold":78,"neow_bonus":"THREE_ENEMY_KILL","is_prod":false,"is_daily":false,"chose_seed":false,"campfire_upgraded":3,"win_rate":0,"timestamp":1675975867,"path_taken":["M","?","$","?","?","R","M","E","T","R","M","$","M","E","R","BOSS"],"build_version":"2022-12-18","purchased_purges":1,"victory":false,"max_hp_per_floor":[71,71,71,71,71,71,71,71,71,71,71,71,71,71,71,71],"card_choices":[{"not_picked":["Cold Snap","Double Energy"],"picked":"Streamline","floor":1},{"not_picked":["White Noise","Cold Snap"],"picked":"Defragment","floor":5},{"not_picked":["Beam Cell","Cold Snap"],"picked":"Ball Lightning","floor":7},{"not_picked":["Gash","Doom and Gloom"],"picked":"Genetic Algorithm","floor":8},{"not_picked":["Redo","Defragment"],"picked":"Electrodynamics","floor":11},{"not_picked":["Leap","Glacier"],"picked":"Fusion","floor":13},{"not_picked":["Steam Power","Streamline"],"picked":"Redo","floor":14}],"player_experience":2118088,"relics_obtained":[{"floor":8,"key":"Orichalcum"},{"floor":14,"key":"Ancient Tea Set"}],"event_choices":[{"damage_healed":0,"gold_gain":0,"player_choice":"Box","damage_taken":0,"relics_obtained":["InkBottle"],"max_hp_gain":0,"max_hp_loss":0,"event_name":"Big Fish","floor":2,"gold_loss":0,"cards_obtained":["Regret"]},{"cards_removed":["Strike_B"],"damage_healed":0,"gold_gain":0,"player_choice":"Purged","damage_taken":0,"max_hp_gain":0,"max_hp_loss":0,"event_name":"Purifier","floor":4,"gold_loss":0}],"is_beta":false,"boss_relics":[],"items_purged_floors":[3],"is_endless":false,"potions_floor_spawned":[5,7,8],"killed_by":"Hexaghost","ascension_level":20}