{"gold_per_floor":[119,132,132,13,13,163,192,157,157,27,86,103,134,189,189,189],"floor_reached":16,"playtime":850,"items_purged":["Strike_B","Doubt"],"score":220,"play_id":"845e864f-315b-40f8-95aa-b9f05265b0a0","local_time":"20230205003042","is_ascension_mode":true,"campfire_choices":[{"floor":15,"key":"REST"}],"neow_cost":"NONE","seed_source_timestamp":746924316563800,"circlet_count":0,"master_deck":["AscendersBane","Strike_B","Strike_B","Defend_B","Defend_B","Defend_B","Defend_B","Zap","Dualcast","Ball Lightning","BasicCrystalCard","Seek","Melter","Crystallizer","Barrage","Hologram","Reinforced Body","Coolheaded","Cold Snap","Consume","Redo"],"relics":["Cracked Core","Pen Nib","Ring of Panic","ReplayTheSpireMod:Ring of Collecting","Art of War","ReplayTheSpireMod:Ring of Challenge","Prayer Wheel","Pet Ghost"],"potions_floor_usage":[16],"damage_taken":[{"damage":11,"enemies":"Small Slimes","floor":1,"turns":3},{"damage":1,"enemies":"Cultist","floor":2,"turns":3},{"damage":25,"enemies":"Lagavulin","floor":7,"turns":5},{"damage":5,"enemies":"Jaw Worm","floor":11,"turns":3},{"damage":14,"enemies":"2 Fungi Beasts","floor":12,"turns":3},{"damage":11,"enemies":"Gremlin Nob","floor":13,"turns":4},{"damage":8,"enemies":"Blue Slaver","floor":14,"turns":3},{"damage":38,"enemies":"Fading Forest","floor":16,"turns":7}],"seed_played":"9193720953891520546","potions_obtained":[{"floor":2,"key":"SkillPotion"},{"floor":12,"key":"EssenceOfDarkness"},{"floor":13,"key":"Strength Potion"}],"is_trial":false,"path_per_floor":["M","M","?","$","?","?","E","?","T","$","M","M","E","M","R","B"],"character_chosen":"DEFECT","items_purchased":["Melter","Barrage"],"campfire_rested":1,"item_purchase_floors":[4,10],"current_hp_per_floor":[53,52,52,52,52,52,27,44,44,44,39,25,14,6,27,0],"gold":189,"neow_bonus":"RANDOM_COMMON_RELIC","is_prod":false,"is_daily":false,"chose_seed":false,"campfire_upgraded":0,"win_rate":0,"timestamp":1675553442,"path_taken":["M","M","?","?","?","?","E","?","T","$","M","M","E","?","R","BOSS"],"build_version":"2022-12-18","purchased_purges":2,"victory":false,"max_hp_per_floor":[71,71,71,71,71,71,71,71,71,71,71,71,71,71,71,71],"card_choices":[{"not_picked":["Rip and Tear","Coolheaded"],"picked":"Ball Lightning","floor":1},{"not_picked":["Tempest","Streamline"],"picked":"BasicCrystalCard","floor":2},{"not_picked":["Cold Snap","Hologram"],"picked":"Crystallizer","floor":7},{"not_picked":["Stack","Panic Button"],"picked":"Hologram","floor":11},{"not_picked":["Melter","Blizzard","BasicCrystalCard"],"picked":"SKIP","floor":11},{"not_picked":["Go for the Eyes","Doom and Gloom"],"picked":"Reinforced Body","floor":12},{"not_picked":["Sweeping Beam","Beam Cell"],"picked":"Coolheaded","floor":12},{"not_picked":["BasicCrystalCard","Heatsinks"],"picked":"Cold Snap","floor":13},{"not_picked":["BasicCrystalCard","Cold Snap"],"picked":"Consume","floor":14},{"not_picked":["Hologram","Streamline"],"picked":"Redo","floor":14}],"player_experience":2098620,"relics_obtained":[{"floor":5,"key":"Ring of Panic"},{"floor":5,"key":"ReplayTheSpireMod:Ring of Collecting"},{"floor":7,"key":"Art of War"},{"floor":9,"key":"ReplayTheSpireMod:Ring of Challenge"},{"floor":9,"key":"Prayer Wheel"},{"floor":13,"key":"Pet Ghost"}],"event_choices":[{"damage_healed":0,"gold_gain":0,"cards_transformed":["Strike_B"],"player_choice":"Transformed","damage_taken":0,"max_hp_gain":0,"max_hp_loss":0,"event_name":"Transmorgrifier","floor":3,"gold_loss":0,"cards_obtained":["Seek"]},{"damage_healed":0,"gold_gain":150,"player_choice":"AGREE","damage_taken":0,"max_hp_gain":0,"max_hp_loss":0,"event_name":"Liars Game","floor":6,"gold_loss":0,"cards_obtained":["Doubt"]},{"damage_healed":17,"gold_gain":0,"player_choice":"Healed","damage_taken":0,"max_hp_gain":0,"max_hp_loss":0,"event_name":"The Cleric","floor":8,"gold_loss":35}],"is_beta":false,"boss_relics":[],"items_purged_floors":[4,10],"is_endless":false,"potions_floor_spawned":[2,12,13],"killed_by":"Fading Forest","ascension_level":20}