{"gold_per_floor":[14,30,30,56,56,95,95,138,138,138,161,197,222,238,238,328,328,343,386,12,12,30,30,70,20,20,356,356,391,59,184,184,274,274,297,310,532,865,865,892,906,906,957,988,988,1008,1008,1025,1025,1025,1025,1025,1025,343,371,371],"floor_reached":56,"playtime":2859,"items_purged":["Injury"],"score":2008,"play_id":"ab266054-498e-4b4e-8e2d-844471cab07c","local_time":"20230210185154","is_ascension_mode":true,"campfire_choices":[{"floor":7,"key":"REST"},{"data":"Consume","floor":10,"key":"SMITH"},{"data":"Zap","floor":15,"key":"SMITH"},{"data":"Biased Cognition","floor":23,"key":"SMITH"},{"floor":28,"key":"REST"},{"data":"Biased Cognition","floor":32,"key":"SMITH"},{"floor":47,"key":"RECALL"},{"floor":49,"key":"DIG"},{"floor":53,"key":"DIG"}],"neow_cost":"NO_GOLD","seed_source_timestamp":1242998970060000,"circlet_count":0,"master_deck":["AscendersBane","Zap+1","Dualcast","Consume+1","Chill","Lockon+1","Sweeping Beam","Cold Snap","Redo","Glacier","Storm","Self Repair","Thunder Strike+1","Tempest","Coolheaded","Heatsinks","Electrodynamics","Multi-Cast","Defragment","Loop","Biased Cognition+1","Compile Driver+1","Biased Cognition+1","Capacitor","Core Surge","Mayhem","Barrage","Skim","Double Energy","Core Surge"],"relics":["Cracked Core","Smiling Mask","Meat on the Bone","Bronze Scales","Du-Vu Doll","Thread and Needle","MealTicket","Pandora\u0027s Box","Red Mask","Cables","FaceOfCleric","StrikeDummy","Bottled Lightning","Old Coin","Eternal Feather","HandDrill","Akabeko","Calipers","Ornamental Fan","Inserter","PreservedInsect","Whetstone","Shovel","StoneCalendar","Kunai","FossilizedHelix","Bag of Marbles","Orrery","Shuriken"],"potions_floor_usage":[16],"damage_taken":[{"damage":0,"enemies":"2 Louse","floor":1,"turns":2},{"damage":0,"enemies":"Jaw Worm","floor":2,"turns":4},{"damage":27,"enemies":"Lagavulin","floor":6,"turns":7},{"damage":12,"enemies":"3 Sentries","floor":8,"turns":11},{"damage":0,"enemies":"Cultist","floor":11,"turns":3},{"damage":2,"enemies":"Lagavulin","floor":12,"turns":6},{"damage":0,"enemies":"3 Louse","floor":13,"turns":2},{"damage":13,"enemies":"2 Fungi Beasts","floor":14,"turns":3},{"damage":26,"enemies":"Hexaghost","floor":16,"turns":12},{"damage":21,"enemies":"2 Thieves","floor":18,"turns":3},{"damage":11,"enemies":"Masked Bandits","floor":19,"turns":3},{"damage":0,"enemies":"Shell Parasite","floor":22,"turns":4},{"damage":25,"enemies":"Book of Stabbing","floor":24,"turns":3},{"damage":53,"enemies":"Gremlin Leader","floor":27,"turns":5},{"damage":6,"enemies":"Book of Stabbing","floor":29,"turns":5},{"damage":12,"enemies":"Colosseum Slavers","floor":31,"turns":4},{"damage":2,"enemies":"Colosseum Nobs","floor":31,"turns":5},{"damage":18,"enemies":"Automaton","floor":33,"turns":7},{"damage":3,"enemies":"3 Shapes","floor":35,"turns":4},{"damage":22,"enemies":"3 Darklings","floor":36,"turns":2},{"damage":83,"enemies":"Reptomancer","floor":40,"turns":4},{"damage":7,"enemies":"Transient","floor":41,"turns":6},{"damage":12,"enemies":"Nemesis","floor":44,"turns":5},{"damage":29,"enemies":"Jaw Worm Horde","floor":46,"turns":3},{"damage":5,"enemies":"3 Darklings","floor":48,"turns":5},{"damage":41,"enemies":"Donu and Deca","floor":50,"turns":7},{"damage":26,"enemies":"Time Eater","floor":51,"turns":12},{"damage":61,"enemies":"Shield and Spear","floor":55,"turns":9},{"damage":133,"enemies":"The Heart","floor":56,"turns":5}],"seed_played":"2409190052328994029","potions_obtained":[{"floor":1,"key":"LiquidBronze"},{"floor":8,"key":"LiquidMemories"},{"floor":19,"key":"FearPotion"},{"floor":24,"key":"FairyPotion"},{"floor":31,"key":"FairyPotion"},{"floor":40,"key":"FairyPotion"}],"is_trial":false,"path_per_floor":["M","M","?","T","T","E","R","E","T","R","M","E","M","M","R","B",null,"M","?","$","?","M","R","E","$","T","E","R","E","$","?","R","B",null,"M","M","?","?","?","E","M","?","T","E","T","M","R","M","R","B","B",null,"R","$","E","B"],"character_chosen":"DEFECT","items_purchased":["Cables","Biased Cognition","HandDrill","Akabeko","FossilizedHelix","Bag of Marbles","Orrery"],"campfire_rested":2,"item_purchase_floors":[20,20,30,30,54,54,54],"current_hp_per_floor":[64,64,64,64,64,37,58,46,46,46,46,44,44,43,43,36,62,41,42,57,57,65,65,48,63,63,23,45,47,62,57,69,59,73,78,57,57,57,57,24,37,37,37,38,38,22,37,45,60,32,26,69,83,83,42,0],"gold":371,"neow_bonus":"TRANSFORM_TWO_CARDS","is_prod":false,"is_daily":false,"chose_seed":false,"campfire_upgraded":4,"win_rate":0,"timestamp":1676051514,"path_taken":["M","M","?","?","?","E","R","E","T","R","?","E","M","M","R","BOSS","M","?","$","?","?","R","E","?","T","E","R","E","$","?","R","BOSS","M","M","?","?","?","E","M","?","T","E","?","?","R","M","R","BOSS","BOSS","R","$","E","BOSS"],"build_version":"2022-12-18","purchased_purges":1,"victory":false,"max_hp_per_floor":[71,71,71,71,71,71,71,71,71,71,71,71,71,71,71,71,71,71,71,71,71,72,72,73,73,73,74,74,75,75,77,77,78,78,79,80,80,80,76,77,78,78,78,79,79,80,80,81,81,82,83,83,83,83,84,84],"card_choices":[{"not_picked":["Undo","Stack"],"picked":"Lockon","floor":1},{"not_picked":["Auto Shields","Steam"],"picked":"Sweeping Beam","floor":2},{"not_picked":["Turbo","Sweeping Beam","Scrape"],"picked":"SKIP","floor":6},{"not_picked":["Chill","Rip and Tear"],"picked":"Cold Snap","floor":8},{"not_picked":["Coolheaded","Hologram"],"picked":"Redo","floor":11},{"not_picked":["Lockon","Ball Lightning"],"picked":"Glacier","floor":12},{"not_picked":["Conserve Battery","Darkness"],"picked":"Storm","floor":13},{"not_picked":["Go for the Eyes","Ball Lightning"],"picked":"Self Repair","floor":14},{"not_picked":["Buffer","Rainbow"],"picked":"Thunder Strike","floor":16},{"not_picked":["Hologram","Turbo"],"picked":"Loop","floor":18},{"not_picked":["Hologram","Cold Snap"],"picked":"Compile Driver+1","floor":22},{"not_picked":["Coolheaded","Go for the Eyes"],"picked":"Biased Cognition","floor":24},{"not_picked":["Buffer","Lockon"],"picked":"Capacitor","floor":27},{"not_picked":["Darkness","Lockon","FTL"],"picked":"SKIP","floor":29},{"not_picked":["All For One","Multi-Cast"],"picked":"Core Surge","floor":33},{"not_picked":["Turbo","Streamline+1","Ball Lightning"],"picked":"SKIP","floor":35},{"not_picked":["Loop","Redo","Cold Snap"],"picked":"SKIP","floor":36},{"not_picked":["Go for the Eyes","Steam","Electrodynamics"],"picked":"SKIP","floor":40},{"not_picked":["Storm","Stack","Go for the Eyes"],"picked":"SKIP","floor":41},{"not_picked":["Madness","Impatience"],"picked":"Mayhem","floor":42},{"not_picked":["White Noise","Hologram"],"picked":"Barrage","floor":44},{"not_picked":["Gash","Reprogram+1","Go for the Eyes+1"],"picked":"SKIP","floor":46},{"not_picked":["Beam Cell+1","Sweeping Beam+1","Chill+1"],"picked":"SKIP","floor":48},{"not_picked":["Leap+1","Sweeping Beam"],"picked":"Skim","floor":54},{"not_picked":["Loop+1","Capacitor"],"picked":"Double Energy","floor":54},{"not_picked":["Hologram+1","Turbo"],"picked":"Core Surge","floor":55}],"player_experience":2119887,"relics_obtained":[{"floor":4,"key":"Smiling Mask"},{"floor":5,"key":"Meat on the Bone"},{"floor":6,"key":"Bronze Scales"},{"floor":8,"key":"Du-Vu Doll"},{"floor":9,"key":"Thread and Needle"},{"floor":12,"key":"MealTicket"},{"floor":19,"key":"Red Mask"},{"floor":24,"key":"StrikeDummy"},{"floor":26,"key":"Bottled Lightning"},{"floor":27,"key":"Old Coin"},{"floor":29,"key":"Eternal Feather"},{"floor":31,"key":"Calipers"},{"floor":31,"key":"Ornamental Fan"},{"floor":40,"key":"PreservedInsect"},{"floor":44,"key":"Whetstone"},{"floor":45,"key":"Shovel"},{"floor":49,"key":"StoneCalendar"},{"floor":53,"key":"Kunai"},{"floor":55,"key":"Shuriken"}],"event_choices":[{"damage_healed":0,"gold_gain":0,"player_choice":"Take Wound","damage_taken":0,"relics_obtained":["Golden Idol"],"max_hp_gain":0,"max_hp_loss":0,"event_name":"Golden Idol","floor":3,"gold_loss":0,"cards_obtained":["Injury"]},{"damage_healed":0,"gold_gain":0,"player_choice":"Fought Bandits","damage_taken":0,"max_hp_gain":0,"max_hp_loss":0,"event_name":"Masked Bandits","floor":19,"gold_loss":0},{"damage_healed":0,"gold_gain":0,"player_choice":"Trade","damage_taken":0,"relics_obtained":["FaceOfCleric"],"max_hp_gain":0,"max_hp_loss":0,"event_name":"FaceTrader","floor":21,"gold_loss":0},{"damage_healed":0,"gold_gain":0,"player_choice":"Fight","damage_taken":0,"max_hp_gain":0,"max_hp_loss":0,"event_name":"Colosseum","floor":31,"gold_loss":0},{"damage_healed":0,"gold_gain":0,"player_choice":"Fought Nobs","damage_taken":0,"max_hp_gain":0,"max_hp_loss":0,"event_name":"Colosseum","floor":31,"gold_loss":0},{"damage_healed":0,"gold_gain":222,"player_choice":"Wore Mask","damage_taken":0,"max_hp_gain":0,"max_hp_loss":0,"event_name":"Tomb of Lord Red Mask","floor":37,"gold_loss":0},{"damage_healed":0,"gold_gain":333,"player_choice":"Gave Idol","damage_taken":0,"max_hp_gain":0,"max_hp_loss":0,"event_name":"The Moai Head","floor":38,"relics_lost":["Golden Idol"],"gold_loss":0},{"damage_healed":0,"gold_gain":0,"player_choice":"Max HP","damage_taken":0,"max_hp_gain":0,"max_hp_loss":4,"event_name":"Winding Halls","floor":39,"gold_loss":0},{"damage_healed":0,"gold_gain":0,"player_choice":"Memory 1","damage_taken":0,"max_hp_gain":0,"max_hp_loss":0,"event_name":"SensoryStone","floor":42,"gold_loss":0}],"is_beta":false,"boss_relics":[{"not_picked":["Black Star","Velvet Choker"],"picked":"Pandora\u0027s Box"},{"not_picked":["Sozu","Nuclear Battery"],"picked":"Inserter"}],"items_purged_floors":[25],"is_endless":false,"potions_floor_spawned":[1,8,12,19,22,24,31,35,40,41,46,48,55],"killed_by":"The Heart","ascension_level":20}