{"gold_per_floor":[12,12,12,32,52,52,78,78,78,119,119,139,139],"floor_reached":13,"playtime":353,"items_purged":[],"score":170,"play_id":"c45412e9-ab3b-4787-b598-ad4fae52764a","local_time":"20230211145020","is_ascension_mode":true,"campfire_choices":[{"data":"Transmutation","floor":6,"key":"SMITH"},{"data":"Defragment","floor":11,"key":"SMITH"}],"neow_cost":"NO_GOLD","seed_source_timestamp":1317412221386700,"circlet_count":0,"master_deck":["AscendersBane","Strike_B","Strike_B","Strike_B","Strike_B","Defend_B","Defend_B","Defend_B","Defend_B","Zap","Dualcast","Transmutation+1","Skim","Defragment","Defragment+1","Coolheaded"],"relics":["Cracked Core","Pear","Strawberry","Pantograph"],"potions_floor_usage":[7,10],"damage_taken":[{"damage":2,"enemies":"Jaw Worm","floor":1,"turns":4},{"damage":1,"enemies":"Cultist","floor":4,"turns":3},{"damage":0,"enemies":"2 Louse","floor":5,"turns":3},{"damage":20,"enemies":"3 Sentries","floor":7,"turns":6},{"damage":8,"enemies":"Red Slaver","floor":10,"turns":3},{"damage":16,"enemies":"3 Louse","floor":12,"turns":4},{"damage":39,"enemies":"Lots of Slimes","floor":13,"turns":2}],"seed_played":"9167269935960879683","potions_obtained":[{"floor":1,"key":"DistilledChaos"},{"floor":5,"key":"SpeedPotion"},{"floor":7,"key":"ColorlessPotion"}],"is_trial":false,"path_per_floor":["M","?","$","M","M","R","E","?","T","M","R","M","M"],"character_chosen":"DEFECT","items_purchased":[],"campfire_rested":0,"item_purchase_floors":[],"current_hp_per_floor":[62,72,72,71,71,71,58,58,58,50,50,34,0],"gold":139,"neow_bonus":"RANDOM_COLORLESS_2","is_prod":false,"is_daily":false,"chose_seed":false,"campfire_upgraded":2,"win_rate":0,"timestamp":1676123420,"path_taken":["M","?","?","M","?","R","E","?","T","M","R","M","M"],"build_version":"2022-12-18","purchased_purges":0,"victory":false,"max_hp_per_floor":[71,81,81,81,81,81,88,88,88,88,88,88,88],"card_choices":[{"not_picked":["Secret Weapon","Thinking Ahead"],"picked":"Transmutation","floor":0},{"not_picked":["Chaos","Sunder"],"picked":"Gash","floor":1},{"not_picked":["Rebound","Conserve Battery"],"picked":"Skim","floor":4},{"not_picked":["Sunder","Chaos"],"picked":"Defragment","floor":5},{"not_picked":["Loop","Glacier"],"picked":"Defragment","floor":7},{"not_picked":["Conserve Battery","Beam Cell"],"picked":"Coolheaded","floor":10},{"not_picked":["Hello World","Hologram","Steam"],"picked":"SKIP","floor":12}],"player_experience":2124058,"relics_obtained":[{"floor":7,"key":"Strawberry"},{"floor":9,"key":"Pantograph"}],"event_choices":[{"cards_removed":["Gash"],"damage_healed":0,"gold_gain":0,"player_choice":"Gave Card","damage_taken":0,"relics_obtained":["Pear"],"max_hp_gain":0,"max_hp_loss":0,"event_name":"WeMeetAgain","floor":2,"gold_loss":0},{"damage_healed":0,"gold_gain":0,"player_choice":"0 cards matched","damage_taken":0,"max_hp_gain":0,"max_hp_loss":0,"event_name":"Match and Keep!","floor":8,"gold_loss":0,"cards_obtained":[]}],"is_beta":false,"boss_relics":[],"items_purged_floors":[],"is_endless":false,"potions_floor_spawned":[1,5,7],"killed_by":"Lots of Slimes","ascension_level":20}