{"gold_per_floor":[118,118,14,25,39,49,83,95,95,95,112,12,12,12,12,12],"floor_reached":16,"playtime":359,"items_purged":["Injury","Strike_B"],"score":224,"play_id":"b5104390-69b3-4a3b-8a01-c4e6991bf6e6","local_time":"20230225183642","is_ascension_mode":true,"campfire_choices":[{"data":"Genetic Algorithm","floor":15,"key":"SMITH"}],"neow_cost":"CURSE","seed_source_timestamp":2540607564368000,"circlet_count":0,"master_deck":["AscendersBane","Strike_B+1","Strike_B+1","Defend_B","Defend_B","Defend_B","Defend_B","Zap","Dualcast","Genetic Algorithm+1","Cold Snap","Go for the Eyes","Aggregate","Static Discharge","Electrodynamics","Ball Lightning","Capacitor"],"relics":["Cracked Core","Lizard Tail","Anchor","Kunai","HornCleat"],"potions_floor_usage":[7,14],"damage_taken":[{"damage":3,"enemies":"2 Louse","floor":1,"turns":2},{"damage":0,"enemies":"Jaw Worm","floor":4,"turns":3},{"damage":0,"enemies":"Small Slimes","floor":5,"turns":3},{"damage":1,"enemies":"Looter","floor":6,"turns":3},{"damage":35,"enemies":"Lagavulin","floor":7,"turns":7},{"damage":7,"enemies":"Blue Slaver","floor":8,"turns":3},{"damage":0,"enemies":"3 Louse","floor":11,"turns":3},{"damage":0,"enemies":"Gremlin Nob","floor":14,"turns":3},{"damage":14,"enemies":"Hexaghost","floor":16,"turns":7}],"seed_played":"4280631115690107251","potions_obtained":[{"floor":6,"key":"DistilledChaos"},{"floor":7,"key":"GamblersBrew"},{"floor":8,"key":"SmokeBomb"}],"is_trial":false,"path_per_floor":["M","?","$","M","M","M","E","M","T","?","M","$","?","E","R","B"],"character_chosen":"DEFECT","items_purchased":["Cold Snap"],"campfire_rested":0,"item_purchase_floors":[3],"current_hp_per_floor":[61,43,43,43,43,42,7,35,35,14,14,14,7,7,7,0],"gold":12,"neow_bonus":"ONE_RARE_RELIC","is_prod":false,"is_daily":false,"chose_seed":false,"campfire_upgraded":1,"win_rate":0,"timestamp":1677346602,"path_taken":["M","?","$","M","M","M","E","M","T","?","?","$","?","E","R","BOSS"],"build_version":"2022-12-18","purchased_purges":2,"victory":false,"max_hp_per_floor":[71,71,71,71,71,71,71,71,71,71,71,71,71,71,71,71],"card_choices":[{"not_picked":["Cold Snap","Heatsinks"],"picked":"Genetic Algorithm","floor":1},{"not_picked":["Conserve Battery","Auto Shields"],"picked":"Go for the Eyes","floor":4},{"not_picked":["Go for the Eyes","Beam Cell"],"picked":"Aggregate","floor":5},{"not_picked":["Redo","Cold Snap"],"picked":"Static Discharge","floor":6},{"not_picked":["Double Energy","Coolheaded"],"picked":"Electrodynamics","floor":7},{"not_picked":["Go for the Eyes","Barrage"],"picked":"Ball Lightning","floor":8},{"not_picked":["Recycle","Streamline"],"picked":"Capacitor","floor":11}],"player_experience":2152111,"relics_obtained":[{"floor":7,"key":"Kunai"},{"floor":9,"key":"HornCleat"}],"event_choices":[{"damage_healed":0,"gold_gain":0,"player_choice":"Success","damage_taken":18,"relics_obtained":["Anchor"],"max_hp_gain":0,"max_hp_loss":0,"event_name":"Scrap Ooze","floor":2,"gold_loss":0},{"damage_healed":0,"gold_gain":0,"player_choice":"Entered Light","damage_taken":21,"max_hp_gain":0,"max_hp_loss":0,"event_name":"Shining Light","floor":10,"gold_loss":0,"cards_upgraded":["Strike_B","Strike_B"]},{"cards_removed":["Strike_B"],"damage_healed":0,"gold_gain":0,"player_choice":"Card Removal","damage_taken":7,"max_hp_gain":0,"max_hp_loss":0,"event_name":"Golden Wing","floor":13,"gold_loss":0}],"is_beta":false,"boss_relics":[],"items_purged_floors":[3,12],"is_endless":false,"potions_floor_spawned":[6,7,8,14],"killed_by":"Hexaghost","ascension_level":20}