{"gold_per_floor":[116,116,131,56,56,56,87,106,106,141,153,170,13,13,13,92,92,107,125,175,175,194,194,21,56,56,56,56,56,91,91],"floor_reached":31,"playtime":732,"items_purged":[],"score":612,"play_id":"142675b7-5f0c-4b60-84a7-27fe51ca4803","local_time":"20230225135549","is_ascension_mode":true,"campfire_choices":[{"data":"Static Discharge","floor":6,"key":"SMITH"},{"floor":15,"key":"REST"},{"floor":23,"key":"REST"},{"floor":27,"key":"REST"},{"data":"Seek","floor":29,"key":"SMITH"}],"neow_cost":"NONE","seed_source_timestamp":2523378963062000,"circlet_count":0,"master_deck":["AscendersBane","Strike_B","Defend_B","Defend_B","Defend_B","Zap","Dualcast","Ball Lightning","Seek+1","Static Discharge+1","Barrage","Cold Snap+1","Force Field","Capacitor","White Noise","Biased Cognition+1","Reboot","Turbo","Compile Driver+1","Genetic Algorithm+1","Juggernaut"],"relics":["Cracked Core","NeowsBlessing","Pantograph","Mummified Hand","Lizard Tail","Black Star","PrismaticShard","MealTicket","Regal Pillow","Art of War","Bottled Lightning","Whetstone"],"potions_floor_usage":[12,16,22,22],"damage_taken":[{"damage":0,"enemies":"Cultist","floor":1,"turns":1},{"damage":0,"enemies":"Small Slimes","floor":3,"turns":1},{"damage":0,"enemies":"Lagavulin","floor":7,"turns":1},{"damage":12,"enemies":"Jaw Worm","floor":8,"turns":2},{"damage":24,"enemies":"3 Sentries","floor":10,"turns":5},{"damage":21,"enemies":"Lots of Slimes","floor":11,"turns":3},{"damage":1,"enemies":"3 Louse","floor":12,"turns":3},{"damage":18,"enemies":"Slime Boss","floor":16,"turns":5},{"damage":24,"enemies":"Shell Parasite","floor":18,"turns":3},{"damage":13,"enemies":"Chosen","floor":19,"turns":3},{"damage":22,"enemies":"Shelled Parasite and Fungi","floor":22,"turns":5},{"damage":43,"enemies":"Slavers","floor":25,"turns":3},{"damage":43,"enemies":"Gremlin Leader","floor":30,"turns":5},{"damage":12,"enemies":"Snake Plant","floor":31,"turns":1}],"seed_played":"-2905757946266839106","potions_obtained":[{"floor":3,"key":"Swift Potion"},{"floor":11,"key":"SteroidPotion"},{"floor":12,"key":"Weak Potion"},{"floor":16,"key":"FocusPotion"},{"floor":18,"key":"FocusPotion"},{"floor":19,"key":"BlessingOfTheForge"}],"is_trial":false,"path_per_floor":["M","?","M","?","?","R","E","M","T","E","M","M","$","?","R","B",null,"M","M","?","?","M","R","$","E","T","R","?","R","E","M"],"character_chosen":"DEFECT","items_purchased":["Biased Cognition","PrismaticShard"],"campfire_rested":3,"item_purchase_floors":[13,24],"current_hp_per_floor":[64,64,64,64,64,64,64,52,52,28,7,6,6,6,27,34,62,38,25,25,25,3,24,24,16,16,52,52,52,9,0],"gold":91,"neow_bonus":"THREE_ENEMY_KILL","is_prod":false,"is_daily":false,"chose_seed":false,"campfire_upgraded":2,"win_rate":0,"timestamp":1677329749,"path_taken":["M","?","M","?","?","R","E","M","T","E","M","?","$","?","R","BOSS","M","?","?","?","?","R","?","E","T","R","?","R","E","M"],"build_version":"2022-12-18","purchased_purges":0,"victory":false,"max_hp_per_floor":[71,71,71,71,71,71,71,71,71,71,71,71,71,71,71,71,71,71,71,71,71,71,71,71,71,71,71,71,71,71,71],"card_choices":[{"not_picked":["Turbo","Coolheaded"],"picked":"Ball Lightning","floor":1},{"not_picked":["Barrage","BootSequence"],"picked":"Static Discharge","floor":3},{"not_picked":["Hologram","Gash"],"picked":"Barrage","floor":7},{"not_picked":["Steam","Ball Lightning"],"picked":"Cold Snap","floor":8},{"not_picked":["Consume","Thunder Strike"],"picked":"Force Field","floor":10},{"not_picked":["Glacier","Chill"],"picked":"Capacitor","floor":11},{"not_picked":["Leap","Glacier"],"picked":"White Noise","floor":12},{"not_picked":["Biased Cognition","All For One"],"picked":"Reboot","floor":16},{"not_picked":["Beam Cell","Cold Snap"],"picked":"Turbo","floor":18},{"not_picked":["Streamline","Hologram"],"picked":"Compile Driver","floor":19},{"not_picked":["Sunder","Stack"],"picked":"Genetic Algorithm+1","floor":22},{"not_picked":["Mind Blast","Sentinel","Sucker Punch"],"picked":"SKIP","floor":25},{"not_picked":["ReachHeaven","Sword Boomerang"],"picked":"Juggernaut","floor":30}],"player_experience":2140265,"relics_obtained":[{"floor":7,"key":"Pantograph"},{"floor":9,"key":"Mummified Hand"},{"floor":10,"key":"Lizard Tail"},{"floor":25,"key":"MealTicket"},{"floor":25,"key":"Regal Pillow"},{"floor":26,"key":"Art of War"},{"floor":30,"key":"Bottled Lightning"},{"floor":30,"key":"Whetstone"}],"event_choices":[{"damage_healed":0,"gold_gain":0,"cards_transformed":["Strike_B"],"player_choice":"Change","damage_taken":0,"max_hp_gain":0,"max_hp_loss":0,"event_name":"Living Wall","floor":2,"gold_loss":0,"cards_obtained":["Seek"]},{"cards_removed":["Strike_B"],"damage_healed":0,"gold_gain":0,"player_choice":"Card Removal","damage_taken":0,"max_hp_gain":0,"max_hp_loss":0,"event_name":"The Cleric","floor":4,"gold_loss":75},{"cards_removed":["Defend_B"],"damage_healed":0,"gold_gain":0,"player_choice":"Offered Basic","damage_taken":0,"max_hp_gain":0,"max_hp_loss":0,"event_name":"Bonfire Elementals","floor":5,"gold_loss":0},{"damage_healed":0,"gold_gain":0,"player_choice":"Upgraded","damage_taken":0,"max_hp_gain":0,"max_hp_loss":0,"event_name":"Upgrade Shrine","floor":14,"gold_loss":0,"cards_upgraded":["Biased Cognition"]},{"damage_healed":0,"gold_gain":50,"player_choice":"Stole From Cult","damage_taken":0,"max_hp_gain":0,"max_hp_loss":0,"event_name":"Nest","floor":20,"gold_loss":0},{"cards_removed":["Strike_B"],"damage_healed":0,"gold_gain":0,"player_choice":"Purged","damage_taken":0,"max_hp_gain":0,"max_hp_loss":0,"event_name":"Purifier","floor":21,"gold_loss":0},{"damage_healed":0,"gold_gain":0,"player_choice":"Ignored","damage_taken":0,"max_hp_gain":0,"max_hp_loss":0,"event_name":"Vampires","floor":28,"gold_loss":0}],"is_beta":false,"boss_relics":[{"not_picked":["Runic Dome","Pandora\u0027s Box"],"picked":"Black Star"}],"items_purged_floors":[],"is_endless":false,"potions_floor_spawned":[3,11,12,16,18,19],"killed_by":"Snake Plant","ascension_level":20}