{"gold_per_floor":[209,209,51,71,88,113,113,113,113,142,142,142,153,181,181,260,260,271,30,41,57,57,57],"floor_reached":23,"playtime":620,"items_purged":[],"score":418,"play_id":"ad37ba21-263d-4e64-a4c3-17984dad1386","local_time":"20230225134113","is_ascension_mode":true,"campfire_choices":[{"floor":7,"key":"REST"},{"data":"Barrage","floor":11,"key":"SMITH"},{"data":"Coolheaded","floor":15,"key":"SMITH"}],"neow_cost":"NONE","seed_source_timestamp":2522615821391300,"circlet_count":0,"master_deck":["AscendersBane","Strike_B+1","Strike_B","Strike_B+1","Strike_B","Defend_B","Defend_B","Defend_B","Defend_B","Zap","Dualcast","Sweeping Beam+1","Ball Lightning","Barrage+1","Conserve Battery","Coolheaded","Coolheaded+1","Redo","Creative AI","Ball Lightning+1","Capacitor"],"relics":["Cracked Core","OrangePellets","PreservedInsect","Symbiotic Virus","Bird Faced Urn","Akabeko","Sundial","Black Star","Membership Card","Whetstone"],"potions_floor_usage":[6,18,18,23],"damage_taken":[{"damage":2,"enemies":"Jaw Worm","floor":1,"turns":3},{"damage":1,"enemies":"Cultist","floor":4,"turns":3},{"damage":12,"enemies":"Small Slimes","floor":5,"turns":3},{"damage":25,"enemies":"Lagavulin","floor":6,"turns":6},{"damage":5,"enemies":"3 Sentries","floor":10,"turns":5},{"damage":0,"enemies":"3 Louse","floor":13,"turns":2},{"damage":8,"enemies":"Gremlin Nob","floor":14,"turns":3},{"damage":31,"enemies":"Hexaghost","floor":16,"turns":8},{"damage":0,"enemies":"Shell Parasite","floor":18,"turns":3},{"damage":9,"enemies":"2 Thieves","floor":20,"turns":3},{"damage":20,"enemies":"Snecko","floor":21,"turns":5},{"damage":29,"enemies":"Book of Stabbing","floor":23,"turns":3}],"seed_played":"4938105413452802812","potions_obtained":[{"floor":4,"key":"EntropicBrew"},{"floor":6,"key":"Ancient Potion"},{"floor":16,"key":"SkillPotion"},{"floor":18,"key":"SteroidPotion"},{"floor":21,"key":"PowerPotion"}],"is_trial":false,"path_per_floor":["M","?","$","M","M","E","R","?","T","E","R","?","M","E","R","B",null,"M","$","M","M","?","E"],"character_chosen":"DEFECT","items_purchased":["OrangePellets","Membership Card","Whetstone"],"campfire_rested":1,"item_purchase_floors":[3,19,19],"current_hp_per_floor":[62,62,62,61,49,24,45,68,68,63,63,63,63,55,55,24,59,59,59,50,40,20,0],"gold":57,"neow_bonus":"HUNDRED_GOLD","is_prod":false,"is_daily":false,"chose_seed":false,"campfire_upgraded":2,"win_rate":0,"timestamp":1677328873,"path_taken":["M","?","$","M","?","E","R","?","T","E","R","?","M","E","R","BOSS","M","$","M","M","?","E"],"build_version":"2022-12-18","purchased_purges":0,"victory":false,"max_hp_per_floor":[71,71,71,71,71,71,71,71,71,71,71,71,71,71,71,71,71,71,71,71,71,76,76],"card_choices":[{"not_picked":["Rebound","Stack"],"picked":"Sweeping Beam","floor":1},{"not_picked":["Scrape","Hello World"],"picked":"Ball Lightning","floor":4},{"not_picked":["Stack","Streamline"],"picked":"Barrage","floor":5},{"not_picked":["Beam Cell","Compile Driver"],"picked":"Conserve Battery","floor":6},{"not_picked":["Reinforced Body","Lockon"],"picked":"Coolheaded","floor":10},{"not_picked":["Heatsinks","Barrage"],"picked":"Coolheaded","floor":13},{"not_picked":["Steam Power","Ball Lightning"],"picked":"Redo","floor":14},{"not_picked":["Reboot","All For One"],"picked":"Creative AI","floor":16},{"not_picked":["Lockon","Go for the Eyes"],"picked":"Ball Lightning+1","floor":18},{"not_picked":["Leap","Beam Cell"],"picked":"Capacitor","floor":20},{"not_picked":["Beam Cell","Redo","Gash"],"picked":"SKIP","floor":21}],"player_experience":2139517,"relics_obtained":[{"floor":6,"key":"PreservedInsect"},{"floor":9,"key":"Symbiotic Virus"},{"floor":10,"key":"Bird Faced Urn"},{"floor":14,"key":"Sundial"}],"event_choices":[{"damage_healed":0,"gold_gain":0,"player_choice":"Upgraded","damage_taken":0,"max_hp_gain":0,"max_hp_loss":0,"event_name":"Upgrade Shrine","floor":2,"gold_loss":0,"cards_upgraded":["Sweeping Beam"]},{"damage_healed":23,"gold_gain":0,"player_choice":"Banana","damage_taken":0,"max_hp_gain":0,"max_hp_loss":0,"event_name":"Big Fish","floor":8,"gold_loss":0},{"damage_healed":0,"gold_gain":0,"player_choice":"Gave Potion","damage_taken":0,"relics_obtained":["Akabeko"],"max_hp_gain":0,"max_hp_loss":0,"event_name":"WeMeetAgain","floor":12,"gold_loss":0},{"damage_healed":0,"gold_gain":0,"player_choice":"Shed Blood","damage_taken":25,"max_hp_gain":5,"max_hp_loss":0,"event_name":"Forgotten Altar","floor":22,"gold_loss":0}],"is_beta":false,"boss_relics":[{"not_picked":["Runic Pyramid","Ectoplasm"],"picked":"Black Star"}],"items_purged_floors":[],"is_endless":false,"potions_floor_spawned":[4,6,16,18,21],"killed_by":"Book of Stabbing","ascension_level":20}