{"gold_per_floor":[119,136,136,136,153,153,169,198,198,231,248,248,259,289,289,360,360,377,411,411,427,440,440,451,468,468,468],"floor_reached":27,"playtime":1106,"items_purged":[],"score":474,"play_id":"d4096648-351e-4a13-9e3c-446313e101e2","local_time":"20230225122402","is_ascension_mode":true,"campfire_choices":[{"data":"Genetic Algorithm","floor":6,"key":"SMITH"},{"floor":12,"key":"REST"},{"floor":15,"key":"REST"},{"floor":23,"key":"REST"}],"neow_cost":"NONE","seed_source_timestamp":2517497716212800,"circlet_count":0,"master_deck":["AscendersBane","Zap","Dualcast","Compile Driver","Defragment","Genetic Algorithm+1","Sweeping Beam","Lockon","Cold Snap","Conserve Battery","Doom and Gloom","Biased Cognition","Fission","Reprogram","Steam","Recycle","Self Repair","Amplify","Steam","Leap","Stack","Barrage","Core Surge","Coolheaded"],"relics":["Cracked Core","NeowsBlessing","Boot","Sundial","Akabeko","Anchor","StrikeDummy","Pandora\u0027s Box","Red Mask","Darkstone Periapt"],"potions_floor_usage":[10,14,19,27],"damage_taken":[{"damage":0,"enemies":"Small Slimes","floor":1,"turns":1},{"damage":0,"enemies":"2 Louse","floor":2,"turns":1},{"damage":0,"enemies":"Jaw Worm","floor":5,"turns":1},{"damage":7,"enemies":"2 Fungi Beasts","floor":7,"turns":4},{"damage":30,"enemies":"Lagavulin","floor":8,"turns":7},{"damage":8,"enemies":"Gremlin Nob","floor":10,"turns":3},{"damage":2,"enemies":"Exordium Thugs","floor":11,"turns":4},{"damage":12,"enemies":"Lots of Slimes","floor":13,"turns":4},{"damage":4,"enemies":"Lagavulin","floor":14,"turns":6},{"damage":23,"enemies":"Slime Boss","floor":16,"turns":7},{"damage":12,"enemies":"Chosen","floor":18,"turns":4},{"damage":5,"enemies":"Masked Bandits","floor":19,"turns":3},{"damage":23,"enemies":"Spheric Guardian","floor":21,"turns":5},{"damage":34,"enemies":"3 Cultists","floor":22,"turns":6},{"damage":20,"enemies":"Sentry and Sphere","floor":24,"turns":7},{"damage":5,"enemies":"Centurion and Healer","floor":25,"turns":9},{"damage":41,"enemies":"Chosen and Byrds","floor":27,"turns":6}],"seed_played":"-4635147315763469635","potions_obtained":[{"floor":2,"key":"PotionOfCapacity"},{"floor":7,"key":"Explosive Potion"},{"floor":11,"key":"PowerPotion"},{"floor":13,"key":"AttackPotion"},{"floor":24,"key":"Weak Potion"},{"floor":25,"key":"Regen Potion"}],"is_trial":false,"path_per_floor":["M","M","?","?","M","R","M","E","T","E","M","R","M","E","R","B",null,"M","?","?","M","M","R","M","M","T","M"],"character_chosen":"DEFECT","items_purchased":[],"campfire_rested":3,"item_purchase_floors":[],"current_hp_per_floor":[64,64,46,69,69,69,62,32,32,24,22,43,31,27,48,25,60,55,57,71,55,28,49,36,38,38,0],"gold":468,"neow_bonus":"THREE_ENEMY_KILL","is_prod":false,"is_daily":false,"chose_seed":false,"campfire_upgraded":1,"win_rate":0,"timestamp":1677324242,"path_taken":["M","M","?","?","M","R","M","E","T","E","M","R","M","E","R","BOSS","M","?","?","M","?","R","M","?","T","M"],"build_version":"2022-12-18","purchased_purges":0,"victory":false,"max_hp_per_floor":[71,71,71,71,71,71,71,71,71,71,71,71,71,71,71,71,71,71,71,71,71,71,71,71,71,71,71],"card_choices":[{"not_picked":["Turbo","Stack"],"picked":"Compile Driver","floor":1},{"not_picked":["Go for the Eyes","Reinforced Body"],"picked":"Defragment","floor":2},{"not_picked":["Hologram","Double Energy"],"picked":"Genetic Algorithm","floor":5},{"not_picked":["Streamline","Turbo"],"picked":"Sweeping Beam","floor":7},{"not_picked":["Hologram","Self Repair"],"picked":"Lockon","floor":8},{"not_picked":["Reprogram","Recycle","Steam Power"],"picked":"SKIP","floor":10},{"not_picked":["Ball Lightning","Barrage"],"picked":"Cold Snap","floor":11},{"not_picked":["Streamline","Gash"],"picked":"Conserve Battery","floor":13},{"not_picked":["FTL","Rainbow"],"picked":"Doom and Gloom","floor":14},{"not_picked":["Creative AI","Electrodynamics"],"picked":"Biased Cognition","floor":16},{"not_picked":["Sunder","Compile Driver"],"picked":"Stack","floor":18},{"not_picked":["Redo","Cold Snap"],"picked":"Barrage","floor":19},{"not_picked":["Beam Cell","Cold Snap"],"picked":"Core Surge","floor":21},{"not_picked":["Conserve Battery","Redo","Leap"],"picked":"SKIP","floor":22},{"not_picked":["Ball Lightning","Leap"],"picked":"Coolheaded","floor":24},{"not_picked":["Beam Cell","Ball Lightning","Chill"],"picked":"SKIP","floor":25}],"player_experience":2134518,"relics_obtained":[{"floor":8,"key":"Sundial"},{"floor":9,"key":"Akabeko"},{"floor":10,"key":"Anchor"},{"floor":14,"key":"StrikeDummy"},{"floor":19,"key":"Red Mask"},{"floor":26,"key":"Darkstone Periapt"}],"event_choices":[{"damage_healed":0,"gold_gain":0,"player_choice":"Success","damage_taken":18,"relics_obtained":["Boot"],"max_hp_gain":0,"max_hp_loss":0,"event_name":"Scrap Ooze","floor":3,"gold_loss":0},{"damage_healed":23,"gold_gain":0,"player_choice":"Banana","damage_taken":0,"max_hp_gain":0,"max_hp_loss":0,"event_name":"Big Fish","floor":4,"gold_loss":0},{"damage_healed":0,"gold_gain":0,"player_choice":"Fought Bandits","damage_taken":0,"max_hp_gain":0,"max_hp_loss":0,"event_name":"Masked Bandits","floor":19,"gold_loss":0},{"damage_healed":14,"gold_gain":0,"player_choice":"Heal","damage_taken":0,"max_hp_gain":0,"max_hp_loss":0,"event_name":"The Library","floor":20,"gold_loss":0}],"is_beta":false,"boss_relics":[{"not_picked":["Philosopher\u0027s Stone","Ectoplasm"],"picked":"Pandora\u0027s Box"}],"items_purged_floors":[],"is_endless":false,"potions_floor_spawned":[2,7,11,13,24,25],"killed_by":"Chosen and Byrds","ascension_level":20}