{"gold_per_floor":[114,124,135,135,150,150,179,179,179,204,224,298,314,55,55,130,130,150,176,176,34,34,34,54,54],"floor_reached":25,"playtime":838,"items_purged":[],"score":422,"play_id":"928f9630-a8d8-4bcb-bdea-aadf3195a318","local_time":"20230302220131","is_ascension_mode":true,"campfire_choices":[{"data":"Sweeping Beam","floor":6,"key":"SMITH"},{"floor":8,"key":"REST"},{"floor":15,"key":"REST"},{"floor":23,"key":"REST"}],"neow_cost":"NONE","seed_source_timestamp":125041321178700,"circlet_count":0,"master_deck":["AscendersBane","Strike_B","Strike_B+1","Strike_B","Strike_B","Defend_B","Defend_B","Defend_B","Defend_B","Zap","Dualcast","Discovery+1","FTL","Streamline","Sweeping Beam+1","Coolheaded","Undo","Beam Cell+1","Core Surge","CurseOfTheBell","Echo Form","Writhe","Coolheaded"],"relics":["Cracked Core","TungstenRod","The Courier","Cables","Whetstone","Vajra","Calling Bell","Potion Belt","Singing Bowl","Dead Branch","Red Mask","FossilizedHelix"],"potions_floor_usage":[5,16,16,25],"damage_taken":[{"damage":1,"enemies":"Jaw Worm","floor":1,"turns":4},{"damage":1,"enemies":"Cultist","floor":2,"turns":3},{"damage":5,"enemies":"Small Slimes","floor":3,"turns":3},{"damage":7,"enemies":"3 Louse","floor":5,"turns":3},{"damage":15,"enemies":"Lagavulin","floor":7,"turns":4},{"damage":28,"enemies":"Gremlin Nob","floor":10,"turns":4},{"damage":3,"enemies":"Exordium Thugs","floor":11,"turns":4},{"damage":11,"enemies":"Lots of Slimes","floor":13,"turns":4},{"damage":24,"enemies":"The Guardian","floor":16,"turns":9},{"damage":19,"enemies":"2 Thieves","floor":18,"turns":4},{"damage":38,"enemies":"Masked Bandits","floor":19,"turns":6},{"damage":5,"enemies":"3 Byrds","floor":24,"turns":6},{"damage":36,"enemies":"Gremlin Leader","floor":25,"turns":2}],"seed_played":"261843592803909589","potions_obtained":[{"floor":1,"key":"PotionOfCapacity"},{"floor":2,"key":"Fire Potion"},{"floor":11,"key":"FearPotion"},{"floor":19,"key":"Ancient Potion"}],"is_trial":false,"path_per_floor":["M","M","M","?","M","R","E","R","T","E","M","?","M","$","R","B",null,"M","?","?","$","?","R","M","E"],"character_chosen":"DEFECT","items_purchased":["Whetstone","Vajra","Echo Form"],"campfire_rested":3,"item_purchase_floors":[14,14,21],"current_hp_per_floor":[63,62,57,57,50,50,35,56,56,28,25,25,14,14,35,11,56,39,3,18,18,18,40,35,0],"gold":54,"neow_bonus":"RANDOM_COLORLESS","is_prod":false,"is_daily":false,"chose_seed":false,"campfire_upgraded":1,"win_rate":0,"timestamp":1677790891,"path_taken":["M","M","M","?","?","R","E","R","T","E","M","?","M","$","R","BOSS","M","?","?","$","?","R","M","E"],"build_version":"2022-12-18","purchased_purges":0,"victory":false,"max_hp_per_floor":[71,71,71,71,71,71,71,71,71,71,71,71,71,71,71,71,71,73,75,75,75,75,75,75,75],"card_choices":[{"not_picked":["Dramatic Entrance","Jack Of All Trades"],"picked":"Discovery","floor":0},{"not_picked":["Go for the Eyes","Steam"],"picked":"FTL","floor":1},{"not_picked":["Double Energy","Recycle"],"picked":"Streamline","floor":2},{"not_picked":["Barrage","Double Energy"],"picked":"Sweeping Beam","floor":3},{"not_picked":["Sweeping Beam","Blizzard","Rebound"],"picked":"SKIP","floor":5},{"not_picked":["Fission","Heatsinks"],"picked":"Coolheaded","floor":7},{"not_picked":["White Noise","Turbo"],"picked":"Undo","floor":10},{"not_picked":["Stack","Force Field","Redo"],"picked":"SKIP","floor":11},{"not_picked":["Glacier","Rebound"],"picked":"Beam Cell","floor":13},{"not_picked":["All For One","Amplify"],"picked":"Core Surge","floor":16},{"not_picked":["Steam","Skim","Compile Driver"],"picked":"Singing Bowl","floor":18},{"not_picked":["Static Discharge","Lockon+1","Glacier"],"picked":"Singing Bowl","floor":19},{"not_picked":["Redo","Gash"],"picked":"Coolheaded","floor":24}],"player_experience":2194260,"relics_obtained":[{"floor":7,"key":"TungstenRod"},{"floor":9,"key":"The Courier"},{"floor":10,"key":"Cables"},{"floor":17,"key":"Potion Belt"},{"floor":17,"key":"Singing Bowl"},{"floor":17,"key":"Dead Branch"},{"floor":19,"key":"Red Mask"}],"event_choices":[{"damage_healed":0,"gold_gain":0,"player_choice":"Upgraded","damage_taken":0,"max_hp_gain":0,"max_hp_loss":0,"event_name":"Upgrade Shrine","floor":4,"gold_loss":0,"cards_upgraded":["Discovery"]},{"damage_healed":0,"gold_gain":74,"player_choice":"Gained Gold","damage_taken":0,"max_hp_gain":0,"max_hp_loss":0,"event_name":"Golden Wing","floor":12,"gold_loss":0},{"damage_healed":0,"gold_gain":0,"player_choice":"Fought Bandits","damage_taken":0,"max_hp_gain":0,"max_hp_loss":0,"event_name":"Masked Bandits","floor":19,"gold_loss":0},{"damage_healed":15,"gold_gain":0,"player_choice":"Heal","damage_taken":0,"max_hp_gain":0,"max_hp_loss":0,"event_name":"The Library","floor":20,"gold_loss":0},{"damage_healed":0,"gold_gain":0,"player_choice":"Opened","damage_taken":0,"relics_obtained":["FossilizedHelix"],"max_hp_gain":0,"max_hp_loss":0,"event_name":"The Mausoleum","floor":22,"gold_loss":0,"cards_obtained":["Writhe"]}],"is_beta":false,"boss_relics":[{"not_picked":["Runic Dome","Philosopher\u0027s Stone"],"picked":"Calling Bell"}],"items_purged_floors":[],"is_endless":false,"potions_floor_spawned":[1,2,11,13,19],"killed_by":"Gremlin Leader","ascension_level":20}