{"gold_per_floor":[116,116,191,17,37,71,71,136,188,219,231,270,298,327,339,428,440,466,493,505,517,155,155,44,44,118,129,144,69,69,104,104,183,183,183,208,221,221,240,240,265,265],"floor_reached":42,"playtime":1926,"items_purged":[],"score":949,"play_id":"7aa4641a-25e9-4588-8f4f-b74689016a56","local_time":"20230225125628","is_ascension_mode":true,"campfire_choices":[{"data":"Tempest","floor":7,"key":"SMITH"},{"floor":15,"key":"REST"},{"floor":23,"key":"REST"},{"floor":25,"key":"REST"},{"floor":32,"key":"REST"},{"floor":40,"key":"REST"}],"neow_cost":"NONE","seed_source_timestamp":2518623214220200,"circlet_count":0,"master_deck":["AscendersBane","Zap","Dualcast","Glacier","Reboot","Lockon","Undo","Lockon","Tempest+1","Cold Snap","Turbo","Go for the Eyes","Barrage","Redo","Sweeping Beam","Seek","Fusion","Compile Driver+1","Echo Form","Turbo","Defragment","Capacitor","Compile Driver+1","Barrage+1","Echo Form","Loop","Undo+1","Machine Learning"],"relics":["Pandora\u0027s Box","Darkstone Periapt","Membership Card","Gremlin Horn","Molten Egg 2","Potion Belt","MawBank","Lizard Tail","Cursed Key","Ginger","CaptainsWheel","Bronze Scales","Cauldron","PreservedInsect","HornCleat","Prayer Wheel","Black Star","Calipers","Emotion Chip","Dead Branch","Singing Bowl"],"potions_floor_usage":[10,12,16,22,27,31,35,36,42],"damage_taken":[{"damage":0,"enemies":"Small Slimes","floor":1,"turns":2},{"damage":1,"enemies":"Jaw Worm","floor":5,"turns":4},{"damage":13,"enemies":"Gremlin Nob","floor":6,"turns":4},{"damage":9,"enemies":"Gremlin Nob","floor":8,"turns":3},{"damage":14,"enemies":"Lagavulin","floor":10,"turns":6},{"damage":13,"enemies":"3 Sentries","floor":12,"turns":6},{"damage":0,"enemies":"Cultist","floor":13,"turns":2},{"damage":5,"enemies":"3 Louse","floor":14,"turns":3},{"damage":45,"enemies":"The Guardian","floor":16,"turns":9},{"damage":27,"enemies":"3 Byrds","floor":18,"turns":5},{"damage":28,"enemies":"2 Thieves","floor":19,"turns":4},{"damage":0,"enemies":"Centurion and Healer","floor":27,"turns":4},{"damage":17,"enemies":"Cultist and Chosen","floor":28,"turns":6},{"damage":10,"enemies":"Book of Stabbing","floor":31,"turns":2},{"damage":14,"enemies":"Automaton","floor":33,"turns":10},{"damage":0,"enemies":"3 Darklings","floor":35,"turns":1},{"damage":0,"enemies":"Mind Bloom Boss Battle","floor":36,"turns":7},{"damage":9,"enemies":"Orb Walker","floor":37,"turns":5},{"damage":22,"enemies":"Sphere and 2 Shapes","floor":39,"turns":6},{"damage":56,"enemies":"Reptomancer","floor":41,"turns":6},{"damage":26,"enemies":"3 Darklings","floor":42,"turns":5}],"seed_played":"-8440161618592770204","potions_obtained":[{"floor":5,"key":"CultistPotion"},{"floor":10,"key":"SkillPotion"},{"floor":12,"key":"SneckoOil"},{"floor":22,"key":"Fruit Juice"},{"floor":22,"key":"SneckoOil"},{"floor":22,"key":"EssenceOfDarkness"},{"floor":22,"key":"SneckoOil"},{"floor":22,"key":"SmokeBomb"},{"floor":27,"key":"DuplicationPotion"},{"floor":31,"key":"SmokeBomb"},{"floor":37,"key":"Weak Potion"},{"floor":39,"key":"PotionOfCapacity"}],"is_trial":false,"path_per_floor":["M","?","T","$","M","E","R","?","T","E","$","E","M","M","R","B",null,"M","M","?","?","$","R","$","R","T","M","M","?","?","E","R","B",null,"M","?","M","?","M","R","E","M"],"character_chosen":"DEFECT","items_purchased":["Membership Card","Barrage","CaptainsWheel","Bronze Scales","Cauldron","Capacitor","PreservedInsect","Compile Driver+1"],"campfire_rested":5,"item_purchase_floors":[4,4,22,22,22,22,24,24],"current_hp_per_floor":[64,64,64,64,63,50,50,41,41,27,27,14,14,9,30,20,58,31,3,9,9,14,38,38,62,68,68,51,51,51,41,67,53,79,79,79,70,70,48,74,18,0],"gold":265,"neow_bonus":"BOSS_RELIC","is_prod":false,"is_daily":false,"chose_seed":false,"campfire_upgraded":1,"win_rate":0,"timestamp":1677326188,"path_taken":["M","?","?","$","M","E","R","?","T","E","?","E","M","?","R","BOSS","M","M","?","?","?","R","$","R","T","M","M","?","?","E","R","BOSS","M","?","M","?","M","R","E","M"],"build_version":"2022-12-18","purchased_purges":0,"victory":false,"max_hp_per_floor":[71,71,71,71,71,71,71,71,71,71,71,71,71,71,71,71,71,71,71,77,77,82,82,82,82,88,88,88,88,88,88,88,88,88,88,88,88,88,88,88,88,88],"card_choices":[{"not_picked":["Chill","Reprogram"],"picked":"Go for the Eyes","floor":1},{"not_picked":["Leap","Conserve Battery"],"picked":"Redo","floor":5},{"not_picked":["Auto Shields","Go for the Eyes"],"picked":"Sweeping Beam","floor":6},{"not_picked":["Steam Power","Stack"],"picked":"Seek","floor":8},{"not_picked":["Stack","Gash+1"],"picked":"Fusion","floor":10},{"not_picked":["Stack","Scrape+1","Cold Snap+1"],"picked":"SKIP","floor":12},{"not_picked":["Streamline+1","Self Repair"],"picked":"Compile Driver+1","floor":13},{"not_picked":["Consume","Steam","Streamline+1"],"picked":"SKIP","floor":14},{"not_picked":["Buffer","Creative AI"],"picked":"Echo Form","floor":16},{"not_picked":["Redo+1","Beam Cell+1"],"picked":"Turbo","floor":18},{"not_picked":["Static Discharge+1","Go for the Eyes+1"],"picked":"Defragment","floor":19},{"not_picked":["BootSequence","Rebound+1","Recycle"],"picked":"SKIP","floor":27},{"not_picked":["Consume","Heatsinks+1"],"picked":"Barrage+1","floor":28},{"not_picked":["Auto Shields","Beam Cell+1","Barrage+1"],"picked":"SKIP","floor":31},{"not_picked":["Rainbow","Hyperbeam+1"],"picked":"Echo Form","floor":33},{"not_picked":["Reinforced Body","Stack"],"picked":"Loop","floor":37},{"not_picked":["Go for the Eyes+1","Melter+1","Barrage+1"],"picked":"SKIP","floor":37},{"not_picked":["Conserve Battery","Auto Shields+1"],"picked":"Undo+1","floor":39},{"not_picked":["Steam","Doom and Gloom+1","Beam Cell+1"],"picked":"SKIP","floor":39},{"not_picked":["Compile Driver+1","Doom and Gloom+1"],"picked":"Machine Learning","floor":41}],"player_experience":2135624,"relics_obtained":[{"floor":3,"key":"Darkstone Periapt"},{"floor":6,"key":"Gremlin Horn"},{"floor":8,"key":"Molten Egg 2"},{"floor":9,"key":"Potion Belt"},{"floor":10,"key":"MawBank"},{"floor":12,"key":"Lizard Tail"},{"floor":26,"key":"HornCleat"},{"floor":31,"key":"Prayer Wheel"},{"floor":36,"key":"Calipers"},{"floor":41,"key":"Dead Branch"},{"floor":41,"key":"Singing Bowl"}],"event_choices":[{"damage_healed":0,"gold_gain":0,"player_choice":"Ignored","damage_taken":0,"max_hp_gain":0,"max_hp_loss":0,"event_name":"Golden Wing","floor":2,"gold_loss":0},{"damage_healed":0,"gold_gain":30,"player_choice":"Searched \u00273\u0027 times","damage_taken":0,"max_hp_gain":0,"max_hp_loss":0,"event_name":"Dead Adventurer","floor":8,"gold_loss":0},{"damage_healed":0,"gold_gain":0,"player_choice":"Opened","damage_taken":0,"relics_obtained":["Ginger"],"max_hp_gain":0,"max_hp_loss":0,"event_name":"The Mausoleum","floor":20,"gold_loss":0,"cards_obtained":["Writhe"]},{"damage_healed":0,"gold_gain":0,"player_choice":"Ignored","damage_taken":0,"max_hp_gain":0,"max_hp_loss":0,"event_name":"Cursed Tome","floor":21,"gold_loss":0},{"cards_removed":["Writhe"],"damage_healed":0,"gold_gain":0,"player_choice":"Gave Gold","damage_taken":0,"max_hp_gain":0,"max_hp_loss":0,"event_name":"Beggar","floor":29,"gold_loss":75},{"cards_removed":["Writhe"],"damage_healed":0,"gold_gain":0,"player_choice":"Elegance","damage_taken":0,"max_hp_gain":0,"max_hp_loss":0,"event_name":"Back to Basics","floor":30,"gold_loss":0},{"damage_healed":0,"gold_gain":0,"player_choice":"Fight","damage_taken":0,"max_hp_gain":0,"max_hp_loss":0,"event_name":"MindBloom","floor":36,"gold_loss":0},{"damage_healed":0,"gold_gain":0,"player_choice":"Gave Potion","damage_taken":0,"relics_obtained":["Emotion Chip"],"max_hp_gain":0,"max_hp_loss":0,"event_name":"WeMeetAgain","floor":38,"gold_loss":0}],"is_beta":false,"boss_relics":[{"not_picked":["Runic Dome","Tiny House"],"picked":"Cursed Key"},{"not_picked":["SacredBark","Astrolabe"],"picked":"Black Star"}],"items_purged_floors":[],"is_endless":false,"potions_floor_spawned":[5,10,12,27,31,37,39],"killed_by":"3 Darklings","ascension_level":20}