{"gold_per_floor":[10,10,10,10,28,64,88,88,88,106,106,71,71,102,102,193,193,214,227,227,152,167,167,167],"floor_reached":24,"playtime":615,"items_purged":["Strike_B"],"score":408,"play_id":"0c0f7c19-5194-4d2f-a1a0-3df7d5556e0e","local_time":"20230227124733","is_ascension_mode":true,"campfire_choices":[{"data":"Hyperbeam","floor":11,"key":"SMITH"},{"data":"Go for the Eyes","floor":13,"key":"SMITH"},{"floor":15,"key":"REST"},{"data":"Genetic Algorithm","floor":23,"key":"SMITH"}],"neow_cost":"NO_GOLD","seed_source_timestamp":8220972973100,"circlet_count":0,"master_deck":["AscendersBane","Strike_B","Strike_B","Defend_B","Defend_B","Defend_B","Defend_B","Zap","Dualcast","Hyperbeam+1","Leap","Go for the Eyes+1","Aggregate","Conserve Battery","Echo Form","Echo Form","Compile Driver","Leap","Genetic Algorithm+1"],"relics":["Cracked Core","Golden Idol","Torii","MealTicket","Turnip","StrikeDummy","Black Star"],"potions_floor_usage":[6,6,16],"damage_taken":[{"damage":0,"enemies":"Small Slimes","floor":1,"turns":2},{"damage":1,"enemies":"Cultist","floor":5,"turns":4},{"damage":11,"enemies":"3 Sentries","floor":6,"turns":3},{"damage":7,"enemies":"2 Louse","floor":7,"turns":2},{"damage":0,"enemies":"Exordium Wildlife","floor":10,"turns":2},{"damage":68,"enemies":"Gremlin Nob","floor":14,"turns":6},{"damage":17,"enemies":"Hexaghost","floor":16,"turns":9},{"damage":6,"enemies":"3 Byrds","floor":18,"turns":2},{"damage":19,"enemies":"Chosen","floor":19,"turns":6},{"damage":1,"enemies":"Snake Plant","floor":22,"turns":4},{"damage":52,"enemies":"Book of Stabbing","floor":24,"turns":6}],"seed_played":"-7740788422302429513","potions_obtained":[{"floor":1,"key":"SneckoOil"},{"floor":5,"key":"GamblersBrew"},{"floor":14,"key":"PowerPotion"}],"is_trial":false,"path_per_floor":["M","?","?","?","M","E","M","?","T","M","R","?","R","E","R","B",null,"M","M","?","$","M","R","E"],"character_chosen":"DEFECT","items_purchased":[],"campfire_rested":1,"item_purchase_floors":[],"current_hp_per_floor":[64,64,64,69,68,57,50,50,50,50,50,69,69,1,23,6,59,53,34,34,49,48,48,0],"gold":167,"neow_bonus":"THREE_RARE_CARDS","is_prod":false,"is_daily":false,"chose_seed":false,"campfire_upgraded":3,"win_rate":0,"timestamp":1677498453,"path_taken":["M","?","?","?","M","E","M","?","T","?","R","?","R","E","R","BOSS","M","M","?","$","M","R","E"],"build_version":"2022-12-18","purchased_purges":1,"victory":false,"max_hp_per_floor":[71,71,71,76,76,76,76,76,76,76,76,76,76,76,76,76,76,76,76,76,76,76,76,76],"card_choices":[{"not_picked":["Amplify","Machine Learning"],"picked":"Hyperbeam","floor":0},{"not_picked":["Streamline","Steam"],"picked":"Leap","floor":1},{"not_picked":["Coolheaded","Hello World"],"picked":"Go for the Eyes","floor":5},{"not_picked":["Ball Lightning","Doom and Gloom"],"picked":"Aggregate","floor":6},{"not_picked":["Steam","Double Energy"],"picked":"Conserve Battery","floor":7},{"not_picked":["Ball Lightning","Static Discharge"],"picked":"Echo Form","floor":10},{"not_picked":["Ball Lightning","Heatsinks","Blizzard"],"picked":"SKIP","floor":14},{"not_picked":["Rainbow","Electrodynamics"],"picked":"Echo Form","floor":16},{"not_picked":["Ball Lightning","Rebound","Hologram"],"picked":"SKIP","floor":18},{"not_picked":["Leap","Creative AI"],"picked":"Compile Driver","floor":19},{"not_picked":["Turbo","Barrage"],"picked":"Genetic Algorithm","floor":22}],"player_experience":2176690,"relics_obtained":[{"floor":6,"key":"Torii"},{"floor":8,"key":"MealTicket"},{"floor":9,"key":"Turnip"},{"floor":14,"key":"StrikeDummy"}],"event_choices":[{"damage_healed":0,"gold_gain":0,"player_choice":"Take Wound","damage_taken":0,"relics_obtained":["Golden Idol"],"max_hp_gain":0,"max_hp_loss":0,"event_name":"Golden Idol","floor":2,"gold_loss":0,"cards_obtained":["Injury"]},{"cards_removed":["Injury"],"damage_healed":0,"gold_gain":0,"player_choice":"Forget","damage_taken":0,"max_hp_gain":0,"max_hp_loss":0,"event_name":"Living Wall","floor":3,"gold_loss":0},{"damage_healed":0,"gold_gain":0,"player_choice":"Donut","damage_taken":0,"max_hp_gain":5,"max_hp_loss":0,"event_name":"Big Fish","floor":4,"gold_loss":0},{"damage_healed":0,"gold_gain":0,"player_choice":"Relic","damage_taken":0,"max_hp_gain":0,"max_hp_loss":0,"event_name":"Wheel of Change","floor":8,"gold_loss":0},{"damage_healed":19,"gold_gain":0,"player_choice":"Healed","damage_taken":0,"max_hp_gain":0,"max_hp_loss":0,"event_name":"The Cleric","floor":12,"gold_loss":35},{"damage_healed":0,"gold_gain":0,"cards_transformed":["Strike_B"],"player_choice":"Transformed","damage_taken":0,"max_hp_gain":0,"max_hp_loss":0,"event_name":"Transmorgrifier","floor":20,"gold_loss":0,"cards_obtained":["Leap"]}],"is_beta":false,"boss_relics":[{"not_picked":["Sozu","Astrolabe"],"picked":"Black Star"}],"items_purged_floors":[21],"is_endless":false,"potions_floor_spawned":[1,5,14],"killed_by":"Book of Stabbing","ascension_level":20}