{"gold_per_floor":[110,71,146,146,71,71,98,98,98,112,143,163,176,202,202,280,280,296,296,314,32,49,79,79],"floor_reached":24,"playtime":755,"items_purged":["Pain"],"score":518,"play_id":"67940cc5-2eb0-40e4-8b6b-ea3c9d77cbef","local_time":"20230225152126","is_ascension_mode":true,"campfire_choices":[{"data":"Consume","floor":6,"key":"SMITH"},{"data":"Zap","floor":8,"key":"SMITH"},{"floor":15,"key":"REST"}],"neow_cost":"NONE","seed_source_timestamp":2528494741691000,"circlet_count":0,"master_deck":["AscendersBane","Strike_B","Defend_B","Defend_B","Defend_B","Defend_B","Zap+1","Dualcast","Consume+1","Darkness","Glacier","Skim","Loop","Redo","BootSequence","Aggregate","Creative AI","Skim+1","Hologram+1","Consume+1","Capacitor","Compile Driver","Doom and Gloom+1"],"relics":["Cracked Core","NeowsBlessing","WarpedTongs","Darkstone Periapt","Blue Candle","Letter Opener","The Courier","Astrolabe","Lee\u0027s Waffle","Oddly Smooth Stone","Smiling Mask"],"potions_floor_usage":[13,14,22,24],"damage_taken":[{"damage":0,"enemies":"2 Louse","floor":1,"turns":1},{"damage":0,"enemies":"Gremlin Nob","floor":7,"turns":1},{"damage":0,"enemies":"Jaw Worm","floor":10,"turns":1},{"damage":22,"enemies":"3 Sentries","floor":11,"turns":10},{"damage":0,"enemies":"Cultist","floor":12,"turns":3},{"damage":9,"enemies":"Exordium Thugs","floor":13,"turns":3},{"damage":11,"enemies":"Gremlin Nob","floor":14,"turns":3},{"damage":5,"enemies":"The Guardian","floor":16,"turns":8},{"damage":12,"enemies":"Shell Parasite","floor":18,"turns":5},{"damage":5,"enemies":"3 Byrds","floor":20,"turns":5},{"damage":18,"enemies":"Centurion and Healer","floor":22,"turns":6},{"damage":51,"enemies":"Book of Stabbing","floor":23,"turns":6},{"damage":10,"enemies":"Sentry and Sphere","floor":24,"turns":2}],"seed_played":"4245103430058994637","potions_obtained":[{"floor":11,"key":"BlessingOfTheForge"},{"floor":12,"key":"SkillPotion"},{"floor":14,"key":"DistilledChaos"},{"floor":16,"key":"GamblersBrew"},{"floor":18,"key":"PowerPotion"},{"floor":22,"key":"FocusPotion"}],"is_trial":false,"path_per_floor":["M","$","?","?","$","R","E","R","T","M","E","M","M","E","R","B",null,"M","?","M","$","M","E","M"],"character_chosen":"DEFECT","items_purchased":["Darkness","Capacitor","Lee\u0027s Waffle","Oddly Smooth Stone"],"campfire_rested":1,"item_purchase_floors":[2,21,21,21],"current_hp_per_floor":[64,64,53,53,53,53,53,53,53,53,31,31,22,11,32,27,60,48,48,43,78,60,9,0],"gold":79,"neow_bonus":"THREE_ENEMY_KILL","is_prod":false,"is_daily":false,"chose_seed":false,"campfire_upgraded":2,"win_rate":0,"timestamp":1677334886,"path_taken":["M","$","?","?","$","R","E","R","T","M","E","?","M","E","R","BOSS","M","?","M","$","M","E","M"],"build_version":"2022-12-18","purchased_purges":1,"victory":false,"max_hp_per_floor":[71,71,71,71,71,71,71,71,71,71,71,71,71,71,71,71,71,71,71,71,78,78,78,78],"card_choices":[{"not_picked":["Rebound","Cold Snap"],"picked":"Consume","floor":1},{"not_picked":["Steam","Blizzard"],"picked":"Glacier","floor":7},{"not_picked":["Rebound","Barrage"],"picked":"Skim","floor":10},{"not_picked":["Scrape","Thunder Strike"],"picked":"Loop","floor":11},{"not_picked":["Blizzard","Leap"],"picked":"Redo","floor":12},{"not_picked":["Melter","Heatsinks"],"picked":"BootSequence","floor":13},{"not_picked":["Compile Driver","Conserve Battery"],"picked":"Aggregate","floor":14},{"not_picked":["Meteor Strike","Hyperbeam"],"picked":"Creative AI","floor":16},{"not_picked":["Steam Power","Steam","Gash"],"picked":"SKIP","floor":18},{"not_picked":["Go for the Eyes","Turbo","Rebound"],"picked":"SKIP","floor":20},{"not_picked":["Go for the Eyes","Barrage"],"picked":"Compile Driver","floor":22},{"not_picked":["Rip and Tear","Barrage"],"picked":"Doom and Gloom+1","floor":23}],"player_experience":2145203,"relics_obtained":[{"floor":7,"key":"Darkstone Periapt"},{"floor":9,"key":"Blue Candle"},{"floor":11,"key":"Letter Opener"},{"floor":14,"key":"The Courier"},{"floor":23,"key":"Smiling Mask"}],"event_choices":[{"damage_healed":0,"gold_gain":75,"player_choice":"Gather Gold","damage_taken":11,"max_hp_gain":0,"max_hp_loss":0,"event_name":"World of Goop","floor":3,"gold_loss":0},{"damage_healed":0,"gold_gain":0,"player_choice":"Rummage","damage_taken":0,"relics_obtained":["WarpedTongs"],"max_hp_gain":0,"max_hp_loss":0,"event_name":"Accursed Blacksmith","floor":4,"gold_loss":0,"cards_obtained":["Pain"]},{"damage_healed":0,"gold_gain":0,"player_choice":"Ignored","damage_taken":0,"max_hp_gain":0,"max_hp_loss":0,"event_name":"N\u0027loth","floor":19,"gold_loss":0}],"is_beta":false,"boss_relics":[{"not_picked":["FrozenCore","Runic Pyramid"],"picked":"Astrolabe"}],"items_purged_floors":[5],"is_endless":false,"potions_floor_spawned":[11,12,14,16,18,20,22],"killed_by":"Sentry and Sphere","ascension_level":20}