{"gold_per_floor":[14,34,52,52,72,101,101,128,165,177,205,237,249,296,308,320],"floor_reached":16,"playtime":531,"items_purged":[],"score":244,"play_id":"cf6dd921-477c-41b7-8cc5-8e8f20053003","local_time":"20230315205915","is_ascension_mode":true,"campfire_choices":[{"floor":10,"key":"REST"},{"floor":13,"key":"REST"},{"data":"Aggregate","floor":15,"key":"SMITH"}],"neow_cost":"NO_GOLD","seed_source_timestamp":1244834339192400,"circlet_count":0,"master_deck":["AscendersBane","Strike_B","Strike_B","Strike_B","Strike_B","Defend_B","Defend_B","Defend_B","Defend_B","Zap","Dualcast","Multi-Cast+1","Ball Lightning","Leap","Cold Snap","BootSequence","Compile Driver","Coolheaded","Coolheaded","Glacier","Aggregate+1"],"relics":["Cracked Core","Anchor","GremlinMask","MawBank","Smiling Mask","Dream Catcher"],"potions_floor_usage":[8,8,14],"damage_taken":[{"damage":1,"enemies":"Cultist","floor":1,"turns":3},{"damage":0,"enemies":"Small Slimes","floor":2,"turns":2},{"damage":7,"enemies":"2 Louse","floor":3,"turns":3},{"damage":2,"enemies":"Exordium Thugs","floor":5,"turns":4},{"damage":14,"enemies":"Lagavulin","floor":6,"turns":7},{"damage":21,"enemies":"3 Sentries","floor":8,"turns":6},{"damage":1,"enemies":"3 Louse","floor":11,"turns":3},{"damage":18,"enemies":"Large Slime","floor":12,"turns":7},{"damage":8,"enemies":"Gremlin Nob","floor":14,"turns":3},{"damage":42,"enemies":"Slime Boss","floor":16,"turns":10}],"seed_played":"309626181425611840","potions_obtained":[{"floor":3,"key":"SkillPotion"},{"floor":5,"key":"Explosive Potion"},{"floor":12,"key":"Fire Potion"}],"is_trial":false,"path_per_floor":["M","M","M","?","M","E","?","E","T","R","M","M","R","E","R","B"],"character_chosen":"DEFECT","items_purchased":[],"campfire_rested":2,"item_purchase_floors":[],"current_hp_per_floor":[63,63,56,56,54,40,40,19,19,40,39,21,42,34,34,0],"gold":320,"neow_bonus":"THREE_RARE_CARDS","is_prod":false,"is_daily":false,"chose_seed":false,"campfire_upgraded":1,"win_rate":0,"timestamp":1678910355,"path_taken":["M","M","?","?","M","E","?","E","T","R","M","?","R","E","R","BOSS"],"build_version":"2022-12-18","purchased_purges":0,"victory":false,"max_hp_per_floor":[71,71,71,71,71,71,71,71,71,71,71,71,71,71,71,71],"card_choices":[{"not_picked":["Creative AI","Amplify"],"picked":"Multi-Cast","floor":0},{"not_picked":["BootSequence","Turbo"],"picked":"Ball Lightning","floor":1},{"not_picked":["Consume","Hologram"],"picked":"Leap","floor":2},{"not_picked":["Skim","Gash"],"picked":"Cold Snap","floor":3},{"not_picked":["Redo","Beam Cell"],"picked":"BootSequence","floor":5},{"not_picked":["Barrage","Melter"],"picked":"Compile Driver","floor":6},{"not_picked":["Genetic Algorithm","Rebound"],"picked":"Coolheaded","floor":8},{"not_picked":["Go for the Eyes","Beam Cell"],"picked":"Coolheaded","floor":11},{"not_picked":["Redo","Beam Cell"],"picked":"Glacier","floor":12},{"not_picked":["Double Energy","Consume"],"picked":"Aggregate","floor":14}],"player_experience":2238085,"relics_obtained":[{"floor":6,"key":"Anchor"},{"floor":8,"key":"MawBank"},{"floor":9,"key":"Smiling Mask"},{"floor":14,"key":"Dream Catcher"}],"event_choices":[{"damage_healed":0,"gold_gain":0,"player_choice":"Grow","damage_taken":0,"max_hp_gain":0,"max_hp_loss":0,"event_name":"Living Wall","floor":4,"gold_loss":0,"cards_upgraded":["Multi-Cast"]},{"damage_healed":0,"gold_gain":0,"player_choice":"Trade","damage_taken":0,"relics_obtained":["GremlinMask"],"max_hp_gain":0,"max_hp_loss":0,"event_name":"FaceTrader","floor":7,"gold_loss":0}],"is_beta":false,"boss_relics":[],"items_purged_floors":[],"is_endless":false,"potions_floor_spawned":[3,5,12],"killed_by":"Slime Boss","ascension_level":20}