{"gold_per_floor":[366,384,394,4,4,4,14,0,0,0,19,45,45],"floor_reached":13,"playtime":315,"items_purged":["Shame"],"score":170,"play_id":"8c357e19-e0d5-4f9b-9dff-d5e06836d9b0","local_time":"20230305183706","is_ascension_mode":true,"campfire_choices":[{"data":"Tempest","floor":6,"key":"SMITH"}],"neow_cost":"CURSE","seed_source_timestamp":372501101963400,"circlet_count":0,"master_deck":["AscendersBane","Strike_B","Strike_B","Strike_B","Defend_B","Defend_B","Defend_B","Defend_B","Zap","Dualcast","Tempest+1","Loop","Glacier","Static Discharge","Defragment","Electrodynamics"],"relics":["Cracked Core","TungstenRod","Mummified Hand"],"potions_floor_usage":[12],"damage_taken":[{"damage":6,"enemies":"2 Louse","floor":1,"turns":2},{"damage":7,"enemies":"Jaw Worm","floor":2,"turns":4},{"damage":11,"enemies":"Small Slimes","floor":3,"turns":4},{"damage":3,"enemies":"Exordium Thugs","floor":7,"turns":5},{"damage":7,"enemies":"3 Louse","floor":11,"turns":4},{"damage":3,"enemies":"Lagavulin","floor":12,"turns":5},{"damage":27,"enemies":"Gremlin Gang","floor":13,"turns":3}],"seed_played":"8524905418231764963","potions_obtained":[{"floor":1,"key":"FocusPotion"},{"floor":2,"key":"SpeedPotion"},{"floor":7,"key":"FearPotion"},{"floor":12,"key":"BlessingOfTheForge"}],"is_trial":false,"path_per_floor":["M","M","M","$","?","R","M","?","T","?","M","E","M"],"character_chosen":"DEFECT","items_purchased":["TungstenRod"],"campfire_rested":0,"item_purchase_floors":[4],"current_hp_per_floor":[58,51,40,40,34,34,31,31,31,31,24,21,0],"gold":45,"neow_bonus":"TWO_FIFTY_GOLD","is_prod":false,"is_daily":false,"chose_seed":false,"campfire_upgraded":1,"win_rate":0,"timestamp":1678037826,"path_taken":["M","M","M","$","?","R","M","?","T","?","M","E","?"],"build_version":"2022-12-18","purchased_purges":1,"victory":false,"max_hp_per_floor":[71,71,71,71,71,71,71,71,71,71,71,71,71],"card_choices":[{"not_picked":["Consume","Cold Snap"],"picked":"Tempest","floor":1},{"not_picked":["Turbo","Cold Snap"],"picked":"Loop","floor":2},{"not_picked":["Undo","Static Discharge"],"picked":"Glacier","floor":3},{"not_picked":["Stack","Turbo"],"picked":"Static Discharge","floor":7},{"not_picked":["Coolheaded","Redo"],"picked":"Defragment","floor":11},{"not_picked":["Static Discharge","Leap"],"picked":"Electrodynamics","floor":12}],"player_experience":2207283,"relics_obtained":[{"floor":12,"key":"Mummified Hand"}],"event_choices":[{"cards_removed":["Strike_B"],"damage_healed":0,"gold_gain":0,"player_choice":"Card Removal","damage_taken":7,"max_hp_gain":0,"max_hp_loss":0,"event_name":"Golden Wing","floor":5,"gold_loss":0},{"damage_healed":0,"gold_gain":0,"player_choice":"Left Gold","damage_taken":0,"max_hp_gain":0,"max_hp_loss":0,"event_name":"World of Goop","floor":8,"gold_loss":14},{"damage_healed":0,"gold_gain":0,"player_choice":"Fled","damage_taken":0,"max_hp_gain":0,"max_hp_loss":0,"event_name":"Scrap Ooze","floor":10,"gold_loss":0}],"is_beta":false,"boss_relics":[],"items_purged_floors":[4],"is_endless":false,"potions_floor_spawned":[1,2,7,12],"killed_by":"Gremlin Gang","ascension_level":20}