{"gold_per_floor":[112,172,8,8,25,25,55,82,82,82,109,109,15,31,31,110,110,125,136,136,186,186,186,200,200,224,224,224,244,244,269,269,269],"floor_reached":33,"playtime":803,"items_purged":[],"score":638,"play_id":"bd4f5a0e-d027-4014-b115-eb277439f574","local_time":"20230305214040","is_ascension_mode":true,"campfire_choices":[{"data":"Zap","floor":6,"key":"SMITH"},{"data":"Beam Cell","floor":15,"key":"SMITH"},{"floor":23,"key":"REST"},{"floor":25,"key":"REST"},{"data":"Biased Cognition","floor":27,"key":"SMITH"},{"floor":32,"key":"REST"}],"neow_cost":"NONE","seed_source_timestamp":383026488769500,"circlet_count":0,"master_deck":["AscendersBane","Strike_B+1","Strike_B+1","Defend_B+1","Defend_B+1","Zap+1","Dualcast","Melter","Redo","Sweeping Beam","Ball Lightning","Flash of Steel","Beam Cell+1","Biased Cognition+1","Fusion+1","Rip and Tear+1","Reprogram+1","Steam","Leap","Go for the Eyes+1","Echo Form"],"relics":["Cracked Core","NeowsBlessing","Tiny Chest","Whetstone","Odd Mushroom","Mango","Bag of Marbles","Letter Opener","Astrolabe","CaptainsWheel","Smiling Mask","MutagenicStrength","MealTicket","DataDisk","Gremlin Horn"],"potions_floor_usage":[11,11,16,33],"damage_taken":[{"damage":0,"enemies":"2 Louse","floor":1,"turns":1},{"damage":0,"enemies":"Small Slimes","floor":5,"turns":1},{"damage":0,"enemies":"Gremlin Nob","floor":7,"turns":1},{"damage":19,"enemies":"The Mushroom Lair","floor":8,"turns":4},{"damage":14,"enemies":"3 Sentries","floor":11,"turns":6},{"damage":4,"enemies":"Jaw Worm","floor":14,"turns":2},{"damage":34,"enemies":"Hexaghost","floor":16,"turns":9},{"damage":16,"enemies":"Shell Parasite","floor":18,"turns":3},{"damage":4,"enemies":"Chosen","floor":19,"turns":3},{"damage":35,"enemies":"Centurion and Healer","floor":24,"turns":7},{"damage":25,"enemies":"Snake Plant","floor":29,"turns":3},{"damage":0,"enemies":"Gremlin Leader","floor":31,"turns":6},{"damage":70,"enemies":"Automaton","floor":33,"turns":6}],"seed_played":"-4410272963077761957","potions_obtained":[{"floor":1,"key":"CultistPotion"},{"floor":7,"key":"LiquidMemories"},{"floor":11,"key":"Block Potion"},{"floor":19,"key":"BlessingOfTheForge"},{"floor":24,"key":"GamblersBrew"},{"floor":31,"key":"LiquidBronze"}],"is_trial":false,"path_per_floor":["M","?","$","?","M","R","E","?","T","T","E","?","$","M","R","B",null,"M","M","?","T","?","R","M","R","T","R","?","M","T","E","R","B"],"character_chosen":"DEFECT","items_purchased":["Tiny Chest","Flash of Steel"],"campfire_rested":3,"item_purchase_floors":[3,13],"current_hp_per_floor":[64,64,64,43,43,43,43,24,38,38,24,52,52,48,48,14,67,51,47,47,47,47,72,37,62,62,62,62,37,37,37,62,0],"gold":269,"neow_bonus":"THREE_ENEMY_KILL","is_prod":false,"is_daily":false,"chose_seed":false,"campfire_upgraded":3,"win_rate":0,"timestamp":1678048840,"path_taken":["M","?","$","?","?","R","E","?","T","?","E","?","?","M","R","BOSS","M","M","?","?","?","R","M","R","T","R","?","?","?","E","R","BOSS"],"build_version":"2022-12-18","purchased_purges":0,"victory":false,"max_hp_per_floor":[71,71,71,71,71,71,71,71,85,85,85,85,85,85,85,85,85,85,85,85,85,85,85,85,85,85,85,85,85,85,85,85,85],"card_choices":[{"not_picked":["Leap","Cold Snap"],"picked":"Melter","floor":1},{"not_picked":["Hologram","Lockon"],"picked":"Redo","floor":5},{"not_picked":["Lockon","Sunder"],"picked":"Sweeping Beam","floor":7},{"not_picked":["Beam Cell","Streamline"],"picked":"Ball Lightning","floor":11},{"not_picked":["Hologram","Recycle"],"picked":"Beam Cell","floor":14},{"not_picked":["Thunder Strike","Machine Learning"],"picked":"Biased Cognition","floor":16},{"not_picked":["Compile Driver","Sweeping Beam"],"picked":"Steam","floor":18},{"not_picked":["Rebound","Streamline"],"picked":"Leap","floor":19},{"not_picked":["Storm","Steam"],"picked":"Go for the Eyes+1","floor":24},{"not_picked":["Compile Driver","White Noise","Lockon"],"picked":"SKIP","floor":29},{"not_picked":["Thunder Strike","Static Discharge"],"picked":"Echo Form","floor":31}],"player_experience":2212181,"relics_obtained":[{"floor":7,"key":"Whetstone"},{"floor":8,"key":"Odd Mushroom"},{"floor":9,"key":"Mango"},{"floor":10,"key":"Bag of Marbles"},{"floor":11,"key":"Letter Opener"},{"floor":20,"key":"CaptainsWheel"},{"floor":21,"key":"Smiling Mask"},{"floor":26,"key":"MealTicket"},{"floor":30,"key":"DataDisk"},{"floor":31,"key":"Gremlin Horn"}],"event_choices":[{"damage_healed":0,"gold_gain":60,"player_choice":"Gained Gold","damage_taken":0,"max_hp_gain":0,"max_hp_loss":0,"event_name":"Golden Wing","floor":2,"gold_loss":0},{"damage_healed":0,"gold_gain":0,"player_choice":"Entered Light","damage_taken":21,"max_hp_gain":0,"max_hp_loss":0,"event_name":"Shining Light","floor":4,"gold_loss":0,"cards_upgraded":["Defend_B","Defend_B"]},{"damage_healed":0,"gold_gain":0,"player_choice":"Fought Mushrooms","damage_taken":0,"max_hp_gain":0,"max_hp_loss":0,"event_name":"Mushrooms","floor":8,"gold_loss":0},{"damage_healed":28,"gold_gain":0,"player_choice":"Banana","damage_taken":0,"max_hp_gain":0,"max_hp_loss":0,"event_name":"Big Fish","floor":12,"gold_loss":0},{"damage_healed":0,"gold_gain":0,"player_choice":"Relic","damage_taken":0,"max_hp_gain":0,"max_hp_loss":0,"event_name":"Wheel of Change","floor":20,"gold_loss":0},{"damage_healed":0,"gold_gain":0,"player_choice":"Inject Mutagens","damage_taken":0,"relics_obtained":["MutagenicStrength"],"max_hp_gain":0,"max_hp_loss":0,"event_name":"Drug Dealer","floor":22,"gold_loss":0},{"cards_removed":["Defend_B"],"damage_healed":0,"gold_gain":0,"player_choice":"Elegance","damage_taken":0,"max_hp_gain":0,"max_hp_loss":0,"event_name":"Back to Basics","floor":28,"gold_loss":0}],"is_beta":false,"boss_relics":[{"not_picked":["Nuclear Battery","Runic Dome"],"picked":"Astrolabe"}],"items_purged_floors":[],"is_endless":false,"potions_floor_spawned":[1,7,11,19,24,31],"killed_by":"Automaton","ascension_level":20}