{"gold_per_floor":[115,130,141,152,152,152,302,334,334,8,38,38,38,66,66,143,143,162,162,62,80,5,5,33,48,101,131,131,131,165,179,179,257,257,275,275,290,0,14,14,41,68,106,137,176,269,300,312,324,336,348,360,372,41,66,66],"floor_reached":57,"playtime":2321,"items_purged":["Doubt","Shame","Strike_B"],"score":2951,"play_id":"005a42fc-deaf-4267-af8a-dc53663179ed","local_time":"20230308002555","is_ascension_mode":true,"campfire_choices":[{"data":"Doom and Gloom","floor":6,"key":"SMITH"},{"floor":12,"key":"REST"},{"data":"Defragment","floor":15,"key":"SMITH"},{"data":"Biased Cognition","floor":23,"key":"SMITH"},{"data":"Zap","floor":32,"key":"SMITH"},{"data":"Defragment","floor":40,"key":"SMITH"},{"floor":49,"key":"RECALL"},{"data":"Go for the Eyes","floor":53,"key":"SMITH"}],"neow_cost":"NONE","seed_source_timestamp":564213597920300,"circlet_count":0,"master_deck":["AscendersBane","Strike_B","Defend_B","Defend_B","Defend_B","Defend_B","Zap+1","Dualcast","Cold Snap","Go for the Eyes+1","Conserve Battery","Doom and Gloom+1","Compile Driver","Defragment+1","Ball Lightning","Biased Cognition+1","Gash","Undo+1","Coolheaded+1","White Noise+1","Fission+1","Machine Learning","Coolheaded+1","Defragment+1","Aggregate+1","Fission+1","Fusion+1","Capacitor","Panacea+1"],"relics":["Cracked Core","Ancient Tea Set","Anchor","Akabeko","Toolbox","Mercury Hourglass","Oddly Smooth Stone","Black Star","Toxic Egg 2","PreservedInsect","Orichalcum","Bronze Scales","Dead Branch","Pen Nib","HornCleat","Tiny Chest","Bottled Flame","Philosopher\u0027s Stone","InkBottle","Runic Capacitor","Kunai","MawBank","Unceasing Top","Meat on the Bone","Letter Opener","Happy Flower","DataDisk","Turnip"],"potions_floor_usage":[8,11,16,24,29,56],"damage_taken":[{"damage":6,"enemies":"2 Louse","floor":1,"turns":3},{"damage":3,"enemies":"Small Slimes","floor":2,"turns":2},{"damage":2,"enemies":"Cultist","floor":3,"turns":4},{"damage":4,"enemies":"3 Louse","floor":4,"turns":3},{"damage":5,"enemies":"3 Sentries","floor":8,"turns":4},{"damage":37,"enemies":"Gremlin Nob","floor":11,"turns":5},{"damage":2,"enemies":"3 Sentries","floor":14,"turns":4},{"damage":22,"enemies":"Hexaghost","floor":16,"turns":6},{"damage":0,"enemies":"Chosen","floor":18,"turns":3},{"damage":8,"enemies":"Shell Parasite","floor":21,"turns":5},{"damage":2,"enemies":"Slavers","floor":24,"turns":3},{"damage":0,"enemies":"Centurion and Healer","floor":25,"turns":5},{"damage":12,"enemies":"Book of Stabbing","floor":27,"turns":4},{"damage":2,"enemies":"Slavers","floor":30,"turns":3},{"damage":0,"enemies":"Sentry and Sphere","floor":31,"turns":5},{"damage":5,"enemies":"Collector","floor":33,"turns":7},{"damage":0,"enemies":"Orb Walker","floor":35,"turns":3},{"damage":3,"enemies":"3 Darklings","floor":37,"turns":3},{"damage":0,"enemies":"Jaw Worm Horde","floor":39,"turns":3},{"damage":0,"enemies":"Nemesis","floor":41,"turns":3},{"damage":0,"enemies":"Sphere and 2 Shapes","floor":42,"turns":3},{"damage":0,"enemies":"4 Shapes","floor":44,"turns":3},{"damage":0,"enemies":"Giant Head","floor":45,"turns":4},{"damage":0,"enemies":"Transient","floor":47,"turns":6},{"damage":46,"enemies":"Time Eater","floor":50,"turns":11},{"damage":14,"enemies":"Awakened One","floor":51,"turns":9},{"damage":15,"enemies":"Shield and Spear","floor":55,"turns":3},{"damage":58,"enemies":"The Heart","floor":56,"turns":9}],"seed_played":"-7035329250444699332","potions_obtained":[{"floor":1,"key":"AttackPotion"},{"floor":4,"key":"Ancient Potion"},{"floor":8,"key":"Fruit Juice"},{"floor":11,"key":"FearPotion"},{"floor":16,"key":"DuplicationPotion"},{"floor":29,"key":"Explosive Potion"},{"floor":29,"key":"DuplicationPotion"},{"floor":31,"key":"FairyPotion"}],"is_trial":false,"path_per_floor":["M","M","M","M","?","R","?","E","T","$","E","R","?","E","R","B",null,"M","?","$","M","?","R","E","M","T","E","T","?","E","M","R","B",null,"M","T","M","$","M","R","E","M","T","M","E","T","M","?","R","B","B",null,"R","$","E","B",null],"character_chosen":"DEFECT","items_purchased":["Defragment","Toolbox","Runic Capacitor","Capacitor","Happy Flower","Panacea+1"],"campfire_rested":1,"item_purchase_floors":[10,10,38,54,54,54],"current_hp_per_floor":[58,55,53,49,49,49,49,44,44,44,7,28,81,79,79,57,75,75,75,75,67,67,67,65,65,65,53,53,58,56,56,56,51,77,77,77,74,74,74,74,74,74,74,74,74,74,74,74,74,40,38,74,74,74,59,13],"gold":66,"neow_bonus":"RANDOM_COMMON_RELIC","is_prod":false,"is_daily":false,"chose_seed":false,"campfire_upgraded":6,"win_rate":0,"timestamp":1678231555,"path_taken":["M","M","M","M","?","R","?","E","T","$","E","R","?","E","R","BOSS","M","?","$","M","?","R","E","?","T","E","?","?","E","M","R","BOSS","M","?","M","$","?","R","E","M","T","?","E","?","M","?","R","BOSS","BOSS","R","$","E","BOSS"],"build_version":"2022-12-18","purchased_purges":3,"victory":true,"max_hp_per_floor":[71,71,71,71,71,71,71,71,71,71,71,71,81,81,81,81,81,81,81,81,81,81,81,81,81,81,81,81,86,86,86,86,86,86,86,86,86,86,86,86,86,86,86,86,86,86,86,86,86,86,86,86,86,86,86,86],"card_choices":[{"not_picked":["Steam Power","Conserve Battery"],"picked":"Cold Snap","floor":1},{"not_picked":["Scrape","Rebound"],"picked":"Go for the Eyes","floor":2},{"not_picked":["Go for the Eyes","Compile Driver"],"picked":"Gash","floor":3},{"not_picked":["Barrage","Static Discharge"],"picked":"Conserve Battery","floor":4},{"not_picked":["Fusion","Conserve Battery"],"picked":"Compile Driver","floor":8},{"not_picked":["Melter","Stack"],"picked":"Seek","floor":11},{"not_picked":["Barrage","Go for the Eyes"],"picked":"Ball Lightning","floor":14},{"not_picked":["Thunder Strike","Rainbow"],"picked":"Biased Cognition","floor":16},{"not_picked":["Streamline","Reinforced Body"],"picked":"Gash","floor":18},{"not_picked":["Storm","Rebound"],"picked":"Undo+1","floor":21},{"not_picked":["Barrage","Cold Snap","Reprogram+1"],"picked":"SKIP","floor":24},{"not_picked":["Melter","Heatsinks","Steam+1"],"picked":"SKIP","floor":25},{"not_picked":["Ball Lightning+1","Blizzard"],"picked":"Coolheaded+1","floor":27},{"not_picked":["Reinforced Body+1","Hologram+1"],"picked":"White Noise+1","floor":30},{"not_picked":["Tempest+1","Turbo+1"],"picked":"Fission+1","floor":31},{"not_picked":["Multi-Cast+1","Rainbow+1"],"picked":"Machine Learning","floor":33},{"not_picked":["Compile Driver+1","Stack+1"],"picked":"Coolheaded+1","floor":35},{"not_picked":["Hello World","Leap+1"],"picked":"Defragment","floor":37},{"not_picked":["Go for the Eyes","Melter"],"picked":"Aggregate+1","floor":39},{"not_picked":["Coolheaded+1","Gash"],"picked":"Fission+1","floor":41},{"not_picked":["Streamline","Steam+1","Compile Driver"],"picked":"SKIP","floor":42},{"not_picked":["Chill+1","Steam+1","Stack+1"],"picked":"SKIP","floor":44},{"not_picked":["Compile Driver","Sweeping Beam+1","Darkness+1"],"picked":"SKIP","floor":45},{"not_picked":["Beam Cell+1","Loop+1"],"picked":"Fusion+1","floor":47},{"not_picked":["Coolheaded+1","Auto Shields+1","Steam Power+1"],"picked":"SKIP","floor":55}],"player_experience":2217922,"relics_obtained":[{"floor":8,"key":"Anchor"},{"floor":9,"key":"Akabeko"},{"floor":11,"key":"Mercury Hourglass"},{"floor":14,"key":"Oddly Smooth Stone"},{"floor":24,"key":"PreservedInsect"},{"floor":24,"key":"Orichalcum"},{"floor":26,"key":"Bronze Scales"},{"floor":27,"key":"Dead Branch"},{"floor":27,"key":"Pen Nib"},{"floor":28,"key":"HornCleat"},{"floor":30,"key":"Tiny Chest"},{"floor":30,"key":"Bottled Flame"},{"floor":36,"key":"InkBottle"},{"floor":41,"key":"Kunai"},{"floor":41,"key":"MawBank"},{"floor":45,"key":"Unceasing Top"},{"floor":45,"key":"Meat on the Bone"},{"floor":46,"key":"Letter Opener"},{"floor":55,"key":"DataDisk"},{"floor":55,"key":"Turnip"}],"event_choices":[{"damage_healed":0,"gold_gain":0,"cards_transformed":["Strike_B"],"player_choice":"Change","damage_taken":0,"max_hp_gain":0,"max_hp_loss":0,"event_name":"Living Wall","floor":5,"gold_loss":0,"cards_obtained":["Doom and Gloom"]},{"damage_healed":0,"gold_gain":150,"player_choice":"AGREE","damage_taken":0,"max_hp_gain":0,"max_hp_loss":0,"event_name":"Liars Game","floor":7,"gold_loss":0,"cards_obtained":["Doubt"]},{"cards_removed":["Seek"],"damage_healed":43,"gold_gain":0,"player_choice":"Offered Rare","damage_taken":0,"max_hp_gain":10,"max_hp_loss":0,"event_name":"Bonfire Elementals","floor":13,"gold_loss":0},{"damage_healed":0,"gold_gain":0,"player_choice":"Stole Relic","damage_taken":0,"relics_obtained":["Toxic Egg 2"],"max_hp_gain":0,"max_hp_loss":0,"event_name":"Addict","floor":19,"gold_loss":0,"cards_obtained":["Shame"]},{"cards_removed":["Strike_B"],"damage_healed":0,"gold_gain":0,"player_choice":"Gave Gold","damage_taken":0,"max_hp_gain":0,"max_hp_loss":0,"event_name":"Beggar","floor":22,"gold_loss":75},{"damage_healed":0,"gold_gain":0,"player_choice":"Got Potions","damage_taken":0,"max_hp_gain":0,"max_hp_loss":0,"event_name":"Lab","floor":29,"gold_loss":0},{"cards_removed":["Gash"],"damage_healed":0,"gold_gain":0,"player_choice":"Removed Attack","damage_taken":0,"max_hp_gain":0,"max_hp_loss":0,"event_name":"Falling","floor":48,"gold_loss":0}],"is_beta":false,"boss_relics":[{"not_picked":["SacredBark","Tiny House"],"picked":"Black Star"},{"not_picked":["Pandora\u0027s Box","Velvet Choker"],"picked":"Philosopher\u0027s Stone"}],"items_purged_floors":[10,20,38],"is_endless":false,"potions_floor_spawned":[1,4,8,11,16,30,31,33,37,39,45,47,55],"ascension_level":20}