{"gold_per_floor":[110,80,98,98,98,98,128,128,128,139,171,171,7,25,25,102,102,119,119,132,132],"floor_reached":21,"playtime":626,"items_purged":[],"score":374,"play_id":"0bed7e0b-4c5a-4393-a4bc-adf383ee4a11","local_time":"20230305211247","is_ascension_mode":true,"campfire_choices":[{"data":"Zap","floor":6,"key":"SMITH"},{"data":"Darkness","floor":12,"key":"SMITH"},{"floor":15,"key":"REST"}],"neow_cost":"NONE","seed_source_timestamp":381530976841200,"circlet_count":0,"master_deck":["AscendersBane","Defend_B","Defend_B","Defend_B","Zap+1","Dualcast","Ball Lightning","Darkness+1","Barrage","Doom and Gloom","Static Discharge","Compile Driver","Rainbow","Echo Form+1","Steam Power+1","Heatsinks+1","Cold Snap+1","Meteor Strike","Darkness"],"relics":["SlaversCollar","Strawberry","Cables","Sundial","Boot","Membership Card","Astrolabe"],"potions_floor_usage":[11,18],"damage_taken":[{"damage":4,"enemies":"Jaw Worm","floor":1,"turns":5},{"damage":2,"enemies":"Cultist","floor":3,"turns":4},{"damage":20,"enemies":"Lagavulin","floor":7,"turns":6},{"damage":9,"enemies":"2 Louse","floor":10,"turns":3},{"damage":20,"enemies":"3 Sentries","floor":11,"turns":7},{"damage":2,"enemies":"Large Slime","floor":14,"turns":4},{"damage":22,"enemies":"The Guardian","floor":16,"turns":8},{"damage":11,"enemies":"Spheric Guardian","floor":18,"turns":3},{"damage":18,"enemies":"3 Byrds","floor":20,"turns":4},{"damage":45,"enemies":"Centurion and Healer","floor":21,"turns":4}],"seed_played":"-1688891966906947271","potions_obtained":[{"floor":2,"key":"Regen Potion"},{"floor":2,"key":"Energy Potion"},{"floor":11,"key":"SpeedPotion"},{"floor":18,"key":"SteroidPotion"},{"floor":20,"key":"Swift Potion"}],"is_trial":false,"path_per_floor":["M","?","M","?","?","R","E","?","T","M","E","R","$","M","R","B",null,"M","?","M","M"],"character_chosen":"DEFECT","items_purchased":["Membership Card"],"campfire_rested":1,"item_purchase_floors":[13],"current_hp_per_floor":[60,60,58,54,59,59,39,39,39,30,25,25,25,23,47,25,69,58,58,40,0],"gold":132,"neow_bonus":"BOSS_RELIC","is_prod":false,"is_daily":false,"chose_seed":false,"campfire_upgraded":2,"win_rate":0,"timestamp":1678047167,"path_taken":["M","?","?","?","?","R","E","?","T","?","E","R","?","M","R","BOSS","M","?","?","?"],"build_version":"2022-12-18","purchased_purges":0,"victory":false,"max_hp_per_floor":[71,71,71,78,83,83,83,83,83,83,83,83,83,83,83,83,83,83,83,83,83],"card_choices":[{"not_picked":["Self Repair","Compile Driver"],"picked":"Ball Lightning","floor":1},{"not_picked":["Recycle","Rip and Tear"],"picked":"Darkness","floor":3},{"not_picked":["Aggregate","Force Field"],"picked":"Barrage","floor":7},{"not_picked":["Beam Cell","Leap"],"picked":"Doom and Gloom","floor":10},{"not_picked":["Gash","Melter"],"picked":"Static Discharge","floor":11},{"not_picked":["Ball Lightning","All For One"],"picked":"Compile Driver","floor":14},{"not_picked":["Reboot","Hyperbeam"],"picked":"Rainbow","floor":16},{"not_picked":["Recycle","Ball Lightning"],"picked":"Cold Snap+1","floor":18},{"not_picked":["Rebound","Heatsinks"],"picked":"Darkness","floor":20}],"player_experience":2210741,"relics_obtained":[{"floor":7,"key":"Cables"},{"floor":9,"key":"Sundial"},{"floor":11,"key":"Boot"}],"event_choices":[{"damage_healed":0,"gold_gain":0,"player_choice":"Bought 2 Potions","damage_taken":0,"max_hp_gain":0,"max_hp_loss":0,"event_name":"The Woman in Blue","floor":2,"gold_loss":0},{"damage_healed":0,"gold_gain":0,"player_choice":"Success","damage_taken":11,"relics_obtained":["Strawberry"],"max_hp_gain":0,"max_hp_loss":0,"event_name":"Scrap Ooze","floor":4,"gold_loss":0},{"damage_healed":0,"gold_gain":0,"player_choice":"Donut","damage_taken":0,"max_hp_gain":5,"max_hp_loss":0,"event_name":"Big Fish","floor":5,"gold_loss":0},{"cards_removed":["Strike_B"],"damage_healed":0,"gold_gain":0,"player_choice":"Offered Basic","damage_taken":0,"max_hp_gain":0,"max_hp_loss":0,"event_name":"Bonfire Elementals","floor":8,"gold_loss":0},{"damage_healed":0,"gold_gain":0,"cards_transformed":["Defend_B"],"player_choice":"Transformed","damage_taken":0,"max_hp_gain":0,"max_hp_loss":0,"event_name":"Transmorgrifier","floor":19,"gold_loss":0,"cards_obtained":["Meteor Strike"]}],"is_beta":false,"boss_relics":[{"not_picked":["Empty Cage","Ectoplasm"],"picked":"Astrolabe"}],"items_purged_floors":[],"is_endless":false,"potions_floor_spawned":[3,7,10,11,18,20],"killed_by":"Centurion and Healer","ascension_level":20}