{"gold_per_floor":[119,129,46,46,57,90,55,84,84,102,102,102,102,118,118,211,211,229,229,64,64,64,89,89,132,181,181,181],"floor_reached":28,"playtime":677,"items_purged":[],"score":517,"play_id":"e049c523-c132-4b9f-a648-8e8218adb52b","local_time":"20230316201611","is_ascension_mode":true,"campfire_choices":[{"floor":13,"key":"REST"},{"floor":15,"key":"REST"},{"data":"Zap","floor":24,"key":"SMITH"}],"neow_cost":"NONE","seed_source_timestamp":1328506530613400,"circlet_count":0,"master_deck":["AscendersBane","Strike_B","Defend_B","Defend_B","Defend_B","Defend_B","Zap+1","Dualcast","All For One+1","Static Discharge","Conserve Battery","Gash","Leap","Sweeping Beam","Gash","Gash","Go for the Eyes+1","Electrodynamics","Gash+1","Rebound+1","Blizzard+1","Writhe","Scrape","All For One"],"relics":["Cracked Core","Regal Pillow","Symbiotic Virus","Sundial","Golden Idol","Astrolabe","Medical Kit","Dream Catcher","Meat on the Bone","Whetstone"],"potions_floor_usage":[6,6,10,11,25],"damage_taken":[{"damage":7,"enemies":"Jaw Worm","floor":1,"turns":3},{"damage":3,"enemies":"2 Louse","floor":2,"turns":2},{"damage":0,"enemies":"Small Slimes","floor":5,"turns":2},{"damage":26,"enemies":"Gremlin Nob","floor":6,"turns":4},{"damage":30,"enemies":"Lagavulin","floor":8,"turns":6},{"damage":7,"enemies":"2 Fungi Beasts","floor":10,"turns":4},{"damage":0,"enemies":"3 Louse","floor":11,"turns":1},{"damage":13,"enemies":"Large Slime","floor":14,"turns":3},{"damage":42,"enemies":"The Guardian","floor":16,"turns":8},{"damage":20,"enemies":"Shell Parasite","floor":18,"turns":4},{"damage":0,"enemies":"Chosen","floor":23,"turns":3},{"damage":17,"enemies":"Book of Stabbing","floor":25,"turns":4},{"damage":44,"enemies":"Slavers","floor":28,"turns":3}],"seed_played":"2755775598919958172","potions_obtained":[{"floor":1,"key":"AttackPotion"},{"floor":5,"key":"DistilledChaos"},{"floor":6,"key":"SmokeBomb"},{"floor":8,"key":"Regen Potion"},{"floor":23,"key":"Block Potion"}],"is_trial":false,"path_per_floor":["M","M","$","?","M","E","?","E","T","M","M","?","R","M","R","B",null,"M","?","$","?","?","M","R","E","T","?","E"],"character_chosen":"DEFECT","items_purchased":["Gash","Leap","Medical Kit"],"campfire_rested":2,"item_purchase_floors":[3,3,20],"current_hp_per_floor":[57,54,54,59,59,33,52,22,22,27,27,1,38,25,62,20,62,42,42,42,42,42,42,42,25,25,40,0],"gold":181,"neow_bonus":"ONE_RANDOM_RARE_CARD","is_prod":false,"is_daily":false,"chose_seed":false,"campfire_upgraded":1,"win_rate":0,"timestamp":1678994171,"path_taken":["M","M","$","?","M","E","?","E","T","M","M","?","R","M","R","BOSS","M","?","$","?","?","M","R","E","T","?","E"],"build_version":"2022-12-18","purchased_purges":0,"victory":false,"max_hp_per_floor":[71,71,71,76,76,76,76,76,76,76,76,76,76,76,76,76,76,76,76,76,76,76,76,76,76,76,76,76],"card_choices":[{"not_picked":["Loop","Tempest"],"picked":"Static Discharge","floor":1},{"not_picked":["Steam","Cold Snap"],"picked":"Conserve Battery","floor":2},{"not_picked":["Cold Snap","Streamline"],"picked":"Sweeping Beam","floor":5},{"not_picked":["Hologram","Stack"],"picked":"Gash","floor":6},{"not_picked":["Auto Shields","Static Discharge"],"picked":"Gash","floor":8},{"not_picked":["Streamline","Hello World","Static Discharge"],"picked":"SKIP","floor":10},{"not_picked":["Rebound","Coolheaded"],"picked":"Go for the Eyes","floor":14},{"not_picked":["Fission","Thunder Strike"],"picked":"Electrodynamics","floor":16},{"not_picked":["White Noise","Loop","Ball Lightning"],"picked":"SKIP","floor":18},{"not_picked":["Rebound","Barrage"],"picked":"Scrape","floor":23},{"not_picked":["Turbo","Conserve Battery"],"picked":"All For One","floor":25}],"player_experience":2242900,"relics_obtained":[{"floor":6,"key":"Regal Pillow"},{"floor":8,"key":"Symbiotic Virus"},{"floor":9,"key":"Sundial"},{"floor":25,"key":"Meat on the Bone"},{"floor":26,"key":"Whetstone"}],"event_choices":[{"damage_healed":0,"gold_gain":0,"player_choice":"Donut","damage_taken":0,"max_hp_gain":5,"max_hp_loss":0,"event_name":"Big Fish","floor":4,"gold_loss":0},{"damage_healed":19,"gold_gain":0,"player_choice":"Healed","damage_taken":0,"max_hp_gain":0,"max_hp_loss":0,"event_name":"The Cleric","floor":7,"gold_loss":35},{"damage_healed":0,"gold_gain":0,"player_choice":"Take Damage","damage_taken":26,"relics_obtained":["Golden Idol"],"max_hp_gain":0,"max_hp_loss":0,"event_name":"Golden Idol","floor":12,"gold_loss":0},{"damage_healed":0,"gold_gain":0,"player_choice":"Ignored","damage_taken":0,"max_hp_gain":0,"max_hp_loss":0,"event_name":"Ghosts","floor":19,"gold_loss":0},{"damage_healed":0,"gold_gain":0,"player_choice":"Ignored","damage_taken":0,"max_hp_gain":0,"max_hp_loss":0,"event_name":"Vampires","floor":21,"gold_loss":0},{"damage_healed":0,"gold_gain":0,"player_choice":"Opened","damage_taken":0,"relics_obtained":["Dream Catcher"],"max_hp_gain":0,"max_hp_loss":0,"event_name":"The Mausoleum","floor":22,"gold_loss":0,"cards_obtained":["Writhe"]},{"damage_healed":15,"gold_gain":0,"player_choice":"Heal","damage_taken":0,"max_hp_gain":0,"max_hp_loss":0,"event_name":"The Library","floor":27,"gold_loss":0}],"is_beta":false,"boss_relics":[{"not_picked":["SlaversCollar","Cursed Key"],"picked":"Astrolabe"}],"items_purged_floors":[],"is_endless":false,"potions_floor_spawned":[1,5,6,8,23],"killed_by":"Slavers","ascension_level":20}