{"gold_per_floor":[112,112,130,130,142,142,142,177,177,206,206,43,77,2,2,79,79,89,109,109,109],"floor_reached":21,"playtime":529,"items_purged":["Strike_B"],"score":390,"play_id":"324d5dc9-052f-42fc-8f4b-a47f338a880a","local_time":"20230315203653","is_ascension_mode":true,"campfire_choices":[{"data":"Sweeping Beam","floor":7,"key":"SMITH"},{"data":"Darkness","floor":11,"key":"SMITH"},{"floor":15,"key":"REST"}],"neow_cost":"NONE","seed_source_timestamp":1243493960092800,"circlet_count":0,"master_deck":["AscendersBane","Strike_B","Strike_B","Defend_B","Defend_B+1","Defend_B","Defend_B","Zap+1","Dualcast+1","Compile Driver","Sweeping Beam+1","Darkness+1","Auto Shields","Barrage","Electrodynamics","Ball Lightning","Coolheaded+1","Loop"],"relics":["Cracked Core","NeowsBlessing","Mango","Ginger","Darkstone Periapt","Oddly Smooth Stone","Pen Nib","Runic Dome"],"potions_floor_usage":[8,10],"damage_taken":[{"damage":0,"enemies":"Jaw Worm","floor":1,"turns":1},{"damage":0,"enemies":"Cultist","floor":3,"turns":1},{"damage":0,"enemies":"Small Slimes","floor":5,"turns":1},{"damage":16,"enemies":"Lagavulin","floor":8,"turns":5},{"damage":15,"enemies":"3 Sentries","floor":10,"turns":5},{"damage":22,"enemies":"Lagavulin","floor":13,"turns":6},{"damage":33,"enemies":"The Guardian","floor":16,"turns":10},{"damage":23,"enemies":"Spheric Guardian","floor":18,"turns":4},{"damage":29,"enemies":"Shell Parasite","floor":19,"turns":4},{"damage":18,"enemies":"3 Cultists","floor":21,"turns":2}],"seed_played":"-3867172380939834316","potions_obtained":[{"floor":5,"key":"ColorlessPotion"},{"floor":8,"key":"AttackPotion"},{"floor":16,"key":"Strength Potion"}],"is_trial":false,"path_per_floor":["M","?","M","?","M","?","R","E","T","E","R","$","E","$","R","B",null,"M","M","?","M"],"character_chosen":"DEFECT","items_purchased":["Oddly Smooth Stone"],"campfire_rested":1,"item_purchase_floors":[12],"current_hp_per_floor":[64,64,64,43,43,66,66,64,64,49,49,49,27,27,52,19,69,46,17,17,0],"gold":109,"neow_bonus":"THREE_ENEMY_KILL","is_prod":false,"is_daily":false,"chose_seed":false,"campfire_upgraded":2,"win_rate":0,"timestamp":1678909013,"path_taken":["M","?","?","?","M","?","R","E","T","E","R","$","E","$","R","BOSS","M","M","?","M"],"build_version":"2022-12-18","purchased_purges":1,"victory":false,"max_hp_per_floor":[71,71,71,71,71,71,71,85,85,85,85,85,85,85,85,85,85,85,85,85,85],"card_choices":[{"not_picked":["Darkness","Streamline"],"picked":"Compile Driver","floor":1},{"not_picked":["Melter","Skim"],"picked":"Sweeping Beam","floor":3},{"not_picked":["Redo","Melter"],"picked":"Darkness","floor":5},{"not_picked":["Rip and Tear","Consume"],"picked":"Auto Shields","floor":8},{"not_picked":["Compile Driver","Rip and Tear"],"picked":"Barrage","floor":10},{"not_picked":["Go for the Eyes","Rip and Tear","Melter"],"picked":"SKIP","floor":13},{"not_picked":["Machine Learning","Core Surge"],"picked":"Electrodynamics","floor":16},{"not_picked":["Stack","Cold Snap"],"picked":"Ball Lightning","floor":18},{"not_picked":["Streamline","White Noise"],"picked":"Coolheaded+1","floor":19}],"player_experience":2236774,"relics_obtained":[{"floor":8,"key":"Mango"},{"floor":9,"key":"Ginger"},{"floor":10,"key":"Darkstone Periapt"},{"floor":13,"key":"Pen Nib"}],"event_choices":[{"damage_healed":0,"gold_gain":0,"player_choice":"Upgraded","damage_taken":0,"max_hp_gain":0,"max_hp_loss":0,"event_name":"Upgrade Shrine","floor":2,"gold_loss":0,"cards_upgraded":["Zap"]},{"damage_healed":0,"gold_gain":0,"player_choice":"Entered Light","damage_taken":21,"max_hp_gain":0,"max_hp_loss":0,"event_name":"Shining Light","floor":4,"gold_loss":0,"cards_upgraded":["Dualcast","Defend_B"]},{"damage_healed":23,"gold_gain":0,"player_choice":"Banana","damage_taken":0,"max_hp_gain":0,"max_hp_loss":0,"event_name":"Big Fish","floor":6,"gold_loss":0},{"damage_healed":0,"gold_gain":0,"cards_transformed":["Strike_B"],"player_choice":"Transformed","damage_taken":0,"max_hp_gain":0,"max_hp_loss":0,"event_name":"Transmorgrifier","floor":20,"gold_loss":0,"cards_obtained":["Loop"]}],"is_beta":false,"boss_relics":[{"not_picked":["Sozu","SacredBark"],"picked":"Runic Dome"}],"items_purged_floors":[14],"is_endless":false,"potions_floor_spawned":[5,8,16],"killed_by":"3 Cultists","ascension_level":20}