{"gold_per_floor":[17,17,17,42,42,42,76,76,129,172,1,37,60,78,78,167,167,188,188,188,202,87,87,101,132,206,206],"floor_reached":27,"playtime":757,"items_purged":["Injury"],"score":598,"play_id":"aaaa716c-9eef-4e00-a01f-1fd66cf366fe","local_time":"20230305220037","is_ascension_mode":true,"campfire_choices":[{"data":"Zap","floor":6,"key":"SMITH"},{"data":"Sweeping Beam","floor":8,"key":"SMITH"},{"floor":15,"key":"REST"},{"floor":23,"key":"REST"}],"neow_cost":"NO_GOLD","seed_source_timestamp":384269283837200,"circlet_count":0,"master_deck":["AscendersBane","Strike_B+1","Strike_B+1","Strike_B+1","Strike_B+1","Defend_B+1","Defend_B+1","Defend_B+1","Defend_B+1","Zap+1","Dualcast","Echo Form","Auto Shields","Sweeping Beam+1","Skim","Ball Lightning","Buffer","Genetic Algorithm","Machine Learning","Compile Driver+1","Defragment"],"relics":["Cracked Core","Golden Idol","PreservedInsect","Emotion Chip","Vajra","Peace Pipe","Toy Ornithopter","Busted Crown","Nloth\u0027s Gift","Boot","Bottled Flame"],"potions_floor_usage":[10,16,25,27],"damage_taken":[{"damage":2,"enemies":"2 Louse","floor":1,"turns":3},{"damage":7,"enemies":"Jaw Worm","floor":4,"turns":4},{"damage":4,"enemies":"Lagavulin","floor":7,"turns":6},{"damage":8,"enemies":"3 Sentries","floor":10,"turns":3},{"damage":15,"enemies":"Lagavulin","floor":12,"turns":5},{"damage":0,"enemies":"Cultist","floor":13,"turns":3},{"damage":10,"enemies":"Exordium Thugs","floor":14,"turns":4},{"damage":0,"enemies":"Slime Boss","floor":16,"turns":6},{"damage":29,"enemies":"2 Thieves","floor":18,"turns":3},{"damage":0,"enemies":"Spheric Guardian","floor":21,"turns":5},{"damage":23,"enemies":"3 Cultists","floor":24,"turns":4},{"damage":32,"enemies":"Slavers","floor":25,"turns":5},{"damage":13,"enemies":"Gremlin Leader","floor":27,"turns":4}],"seed_played":"8962385554836570426","potions_obtained":[{"floor":4,"key":"Block Potion"},{"floor":5,"key":"PotionOfCapacity"},{"floor":13,"key":"BlessingOfTheForge"},{"floor":21,"key":"Fire Potion"}],"is_trial":false,"path_per_floor":["M","?","?","M","?","R","E","R","T","E","$","E","M","M","R","B",null,"M","?","?","M","$","R","M","E","T","E"],"character_chosen":"DEFECT","items_purchased":["Toy Ornithopter","Defragment"],"campfire_rested":2,"item_purchase_floors":[11,22],"current_hp_per_floor":[62,62,51,44,44,44,40,40,40,32,32,17,17,7,28,33,62,33,33,33,33,33,54,31,4,4,0],"gold":206,"neow_bonus":"THREE_RARE_CARDS","is_prod":false,"is_daily":false,"chose_seed":false,"campfire_upgraded":2,"win_rate":0,"timestamp":1678050037,"path_taken":["M","?","?","M","?","R","E","R","T","E","$","E","?","M","R","BOSS","M","?","?","?","?","R","M","E","T","E"],"build_version":"2022-12-18","purchased_purges":1,"victory":false,"max_hp_per_floor":[71,71,71,71,71,71,71,71,71,71,71,71,71,71,71,71,71,71,71,71,71,71,71,71,71,71,71],"card_choices":[{"not_picked":["Meteor Strike","Rainbow"],"picked":"Echo Form","floor":0},{"not_picked":["Steam","Redo"],"picked":"Auto Shields","floor":1},{"not_picked":["Reprogram","Leap"],"picked":"Sweeping Beam","floor":4},{"not_picked":["Reinforced Body","Stack"],"picked":"Skim","floor":7},{"not_picked":["Beam Cell","Leap"],"picked":"Ball Lightning","floor":10},{"not_picked":["Auto Shields","Force Field"],"picked":"Buffer","floor":12},{"not_picked":["Go for the Eyes","Stack","Rip and Tear"],"picked":"SKIP","floor":13},{"not_picked":["Streamline","Sweeping Beam"],"picked":"Genetic Algorithm","floor":14},{"not_picked":["Multi-Cast","All For One"],"picked":"Machine Learning","floor":16},{"not_picked":["Loop"],"picked":"SKIP","floor":18},{"not_picked":[],"picked":"Compile Driver+1","floor":21},{"not_picked":["Sweeping Beam+1"],"picked":"SKIP","floor":24},{"not_picked":["Compile Driver"],"picked":"SKIP","floor":25}],"player_experience":2212984,"relics_obtained":[{"floor":7,"key":"Emotion Chip"},{"floor":9,"key":"Vajra"},{"floor":10,"key":"Peace Pipe"},{"floor":12,"key":"WingedGreaves"},{"floor":25,"key":"Boot"},{"floor":26,"key":"Bottled Flame"}],"event_choices":[{"damage_healed":0,"gold_gain":0,"player_choice":"Take Wound","damage_taken":0,"relics_obtained":["Golden Idol"],"max_hp_gain":0,"max_hp_loss":0,"event_name":"Golden Idol","floor":2,"gold_loss":0,"cards_obtained":["Injury"]},{"damage_healed":0,"gold_gain":0,"player_choice":"Success","damage_taken":11,"relics_obtained":["PreservedInsect"],"max_hp_gain":0,"max_hp_loss":0,"event_name":"Scrap Ooze","floor":3,"gold_loss":0},{"damage_healed":0,"gold_gain":0,"player_choice":"Got Potions","damage_taken":0,"max_hp_gain":0,"max_hp_loss":0,"event_name":"Lab","floor":5,"gold_loss":0},{"damage_healed":0,"gold_gain":0,"player_choice":"Simplicity","damage_taken":0,"max_hp_gain":0,"max_hp_loss":0,"event_name":"Back to Basics","floor":19,"gold_loss":0,"cards_upgraded":["Strike_B","Strike_B","Strike_B","Strike_B","Defend_B","Defend_B","Defend_B","Defend_B"]},{"damage_healed":0,"gold_gain":0,"player_choice":"Traded Relic","damage_taken":0,"relics_obtained":["Nloth\u0027s Gift"],"max_hp_gain":0,"max_hp_loss":0,"event_name":"N\u0027loth","floor":20,"relics_lost":["WingedGreaves"],"gold_loss":0}],"is_beta":false,"boss_relics":[{"not_picked":["SacredBark","Sozu"],"picked":"Busted Crown"}],"items_purged_floors":[22],"is_endless":false,"potions_floor_spawned":[4,13,14,21,24],"killed_by":"Gremlin Leader","ascension_level":20}