{"gold_per_floor":[12,12,86,86,110,110,123,123,123,142,67,87,87,110,110,110],"floor_reached":16,"playtime":593,"items_purged":["Strike_B"],"score":184,"play_id":"9cc58c63-9c5b-4557-ba32-23baf61019e4","local_time":"20230316202706","is_ascension_mode":true,"campfire_choices":[{"floor":6,"key":"DIG"},{"floor":8,"key":"DIG"},{"floor":13,"key":"DIG"},{"floor":15,"key":"DIG"}],"neow_cost":"NO_GOLD","seed_source_timestamp":1329246160404600,"circlet_count":0,"master_deck":["AscendersBane","Strike_B","Strike_B","Strike_B","Defend_B","Defend_B","Defend_B","Defend_B","Zap","Dualcast","Compile Driver","Leap","Redo","Coolheaded","Glacier","Loop"],"relics":["Cracked Core","Shovel","Golden Idol","InkBottle","Oddly Smooth Stone","Du-Vu Doll","Letter Opener","Kunai","Pen Nib"],"potions_floor_usage":[14,16],"damage_taken":[{"damage":7,"enemies":"Cultist","floor":1,"turns":4},{"damage":4,"enemies":"Jaw Worm","floor":5,"turns":3},{"damage":2,"enemies":"Small Slimes","floor":7,"turns":4},{"damage":7,"enemies":"Blue Slaver","floor":10,"turns":3},{"damage":0,"enemies":"Exordium Wildlife","floor":12,"turns":3},{"damage":5,"enemies":"Looter","floor":14,"turns":3},{"damage":48,"enemies":"Slime Boss","floor":16,"turns":13}],"seed_played":"885198920871836214","potions_obtained":[{"floor":7,"key":"Swift Potion"},{"floor":10,"key":"Regen Potion"},{"floor":14,"key":"GamblersBrew"}],"is_trial":false,"path_per_floor":["M","?","T","?","M","R","M","R","T","M","$","M","R","M","R","B"],"character_chosen":"DEFECT","items_purchased":[],"campfire_rested":0,"item_purchase_floors":[],"current_hp_per_floor":[57,57,57,50,46,46,44,44,44,37,37,37,37,32,32,0],"gold":110,"neow_bonus":"ONE_RARE_RELIC","is_prod":false,"is_daily":false,"chose_seed":false,"campfire_upgraded":0,"win_rate":0,"timestamp":1678994826,"path_taken":["M","?","?","?","M","R","M","R","T","M","?","?","R","M","R","BOSS"],"build_version":"2022-12-18","purchased_purges":1,"victory":false,"max_hp_per_floor":[71,71,71,71,71,71,71,71,71,71,71,71,71,71,71,71],"card_choices":[{"not_picked":["Rebound","Aggregate"],"picked":"Compile Driver","floor":1},{"not_picked":["Static Discharge","Go for the Eyes"],"picked":"Leap","floor":5},{"not_picked":["Steam","Rebound"],"picked":"Redo","floor":7},{"not_picked":["Cold Snap","Reprogram"],"picked":"Coolheaded","floor":10},{"not_picked":["BootSequence","Coolheaded"],"picked":"Glacier","floor":12},{"not_picked":["All For One","Hologram"],"picked":"Loop","floor":14}],"player_experience":2243577,"relics_obtained":[{"floor":3,"key":"InkBottle"},{"floor":6,"key":"Oddly Smooth Stone"},{"floor":8,"key":"Du-Vu Doll"},{"floor":9,"key":"Letter Opener"},{"floor":13,"key":"Kunai"},{"floor":15,"key":"Pen Nib"}],"event_choices":[{"damage_healed":0,"gold_gain":0,"player_choice":"Take Wound","damage_taken":0,"relics_obtained":["Golden Idol"],"max_hp_gain":0,"max_hp_loss":0,"event_name":"Golden Idol","floor":2,"gold_loss":0,"cards_obtained":["Injury"]},{"cards_removed":["Injury"],"damage_healed":0,"gold_gain":0,"player_choice":"Card Removal","damage_taken":7,"max_hp_gain":0,"max_hp_loss":0,"event_name":"Golden Wing","floor":4,"gold_loss":0}],"is_beta":false,"boss_relics":[],"items_purged_floors":[11],"is_endless":false,"potions_floor_spawned":[7,10,12,14],"killed_by":"Slime Boss","ascension_level":20}