{"gold_per_floor":[367,24,34,53,15,15,40,0,0,0,15,15,15],"floor_reached":13,"playtime":404,"items_purged":[],"score":170,"play_id":"260edfd4-2cdd-44bc-8879-1f5b6b01f99f","local_time":"20230317173451","is_ascension_mode":true,"campfire_choices":[{"data":"Zap","floor":6,"key":"SMITH"},{"floor":10,"key":"REST"}],"neow_cost":"CURSE","seed_source_timestamp":254808451300,"circlet_count":0,"master_deck":["AscendersBane","Strike_B","Strike_B","Strike_B","Strike_B","Defend_B","Defend_B","Defend_B","Defend_B","Zap+1","Dualcast","Cold Snap","Leap","Steam","FTL","Go for the Eyes","Gash"],"relics":["Cracked Core","Unceasing Top","Bottled Flame","Pantograph"],"potions_floor_usage":[],"damage_taken":[{"damage":6,"enemies":"Cultist","floor":1,"turns":3},{"damage":0,"enemies":"2 Louse","floor":3,"turns":2},{"damage":1,"enemies":"Small Slimes","floor":4,"turns":4},{"damage":12,"enemies":"Exordium Thugs","floor":5,"turns":5},{"damage":42,"enemies":"3 Sentries","floor":7,"turns":10},{"damage":4,"enemies":"Exordium Wildlife","floor":11,"turns":7},{"damage":45,"enemies":"Gremlin Nob","floor":13,"turns":3}],"seed_played":"199130660981263985","potions_obtained":[{"floor":3,"key":"LiquidBronze"},{"floor":7,"key":"SpeedPotion"}],"is_trial":false,"path_per_floor":["M","$","M","M","M","R","E","?","T","R","M","?","E"],"character_chosen":"DEFECT","items_purchased":["Unceasing Top"],"campfire_rested":1,"item_purchase_floors":[2],"current_hp_per_floor":[58,58,58,57,45,45,3,3,3,24,20,20,0],"gold":15,"neow_bonus":"TWO_FIFTY_GOLD","is_prod":false,"is_daily":false,"chose_seed":false,"campfire_upgraded":1,"win_rate":0,"timestamp":1679070891,"path_taken":["M","$","M","M","?","R","E","?","T","R","M","?","E"],"build_version":"2022-12-18","purchased_purges":0,"victory":false,"max_hp_per_floor":[71,71,71,71,71,71,71,71,71,71,71,71,71],"card_choices":[{"not_picked":["Consume","Beam Cell"],"picked":"Cold Snap","floor":1},{"not_picked":["Heatsinks","Cold Snap"],"picked":"Leap","floor":3},{"not_picked":["Redo","Lockon"],"picked":"Steam","floor":4},{"not_picked":["Ball Lightning","Coolheaded"],"picked":"FTL","floor":5},{"not_picked":["Reinforced Body","Sweeping Beam"],"picked":"Go for the Eyes","floor":7},{"not_picked":["Barrage","Rebound"],"picked":"Gash","floor":11}],"player_experience":2246392,"relics_obtained":[{"floor":7,"key":"Bottled Flame"},{"floor":9,"key":"Pantograph"}],"event_choices":[{"damage_healed":0,"gold_gain":0,"player_choice":"Left Gold","damage_taken":0,"max_hp_gain":0,"max_hp_loss":0,"event_name":"World of Goop","floor":8,"gold_loss":40},{"cards_removed":["Injury"],"damage_healed":0,"gold_gain":0,"player_choice":"Forget","damage_taken":0,"max_hp_gain":0,"max_hp_loss":0,"event_name":"Living Wall","floor":12,"gold_loss":0}],"is_beta":false,"boss_relics":[],"items_purged_floors":[],"is_endless":false,"potions_floor_spawned":[3,7],"killed_by":"Gremlin Nob","ascension_level":20}