{"gold_per_floor":[15,26,26,38,54,80,80,108,108,108,127,92,12,28,28,103,103,120,35,61,111,21,21,55,84,84,84],"floor_reached":27,"playtime":876,"items_purged":[],"score":486,"play_id":"677bff42-43ea-4744-b1cf-06de49c7369d","local_time":"20230325012217","is_ascension_mode":true,"campfire_choices":[{"floor":7,"key":"REST"},{"data":"Creative AI","floor":10,"key":"SMITH"},{"data":"Static Discharge","floor":15,"key":"SMITH"}],"neow_cost":"NO_GOLD","seed_source_timestamp":57867266587600,"circlet_count":0,"master_deck":["AscendersBane","Strike_B","Strike_B","Strike_B","Defend_B","Defend_B","Defend_B","Defend_B","Zap","Dualcast","Electrodynamics","Static Discharge+1","Reinforced Body","Force Field","Ball Lightning","Glacier","Creative AI+1","Redo","Turbo","Skim","Conserve Battery","Amplify","Undo","Panacea","Stack","Coolheaded"],"relics":["Cracked Core","Akabeko","Matryoshka","Toy Ornithopter","CaptainsWheel","Runic Dome","CeramicFish","Pocketwatch","Dream Catcher","Ice Cream"],"potions_floor_usage":[6,14,16,18],"damage_taken":[{"damage":1,"enemies":"Cultist","floor":1,"turns":3},{"damage":0,"enemies":"Small Slimes","floor":2,"turns":2},{"damage":12,"enemies":"Jaw Worm","floor":4,"turns":3},{"damage":13,"enemies":"3 Louse","floor":5,"turns":3},{"damage":25,"enemies":"Lagavulin","floor":6,"turns":8},{"damage":10,"enemies":"3 Sentries","floor":8,"turns":2},{"damage":8,"enemies":"Blue Slaver","floor":11,"turns":3},{"damage":4,"enemies":"2 Fungi Beasts","floor":14,"turns":3},{"damage":24,"enemies":"The Guardian","floor":16,"turns":8},{"damage":1,"enemies":"3 Byrds","floor":18,"turns":4},{"damage":5,"enemies":"Shell Parasite","floor":20,"turns":5},{"damage":43,"enemies":"Book of Stabbing","floor":24,"turns":6},{"damage":10,"enemies":"Shelled Parasite and Fungi","floor":25,"turns":8},{"damage":5,"enemies":"Gremlin Leader","floor":27,"turns":1}],"seed_played":"8453380897839153133","potions_obtained":[{"floor":4,"key":"EssenceOfSteel"},{"floor":5,"key":"LiquidBronze"},{"floor":11,"key":"SneckoOil"},{"floor":14,"key":"PowerPotion"},{"floor":24,"key":"PotionOfCapacity"}],"is_trial":false,"path_per_floor":["M","M","?","M","M","E","R","E","T","R","M","?","$","M","R","B",null,"M","?","M","?","$","?","E","M","T","E"],"character_chosen":"DEFECT","items_purchased":["Skim","Panacea"],"campfire_rested":1,"item_purchase_floors":[13,22],"current_hp_per_floor":[63,63,63,51,38,13,34,24,24,24,16,33,33,34,34,15,57,61,61,56,56,56,56,13,3,3,0],"gold":84,"neow_bonus":"THREE_RARE_CARDS","is_prod":false,"is_daily":false,"chose_seed":false,"campfire_upgraded":2,"win_rate":0,"timestamp":1679703737,"path_taken":["M","?","?","M","M","E","R","E","T","R","M","?","?","M","R","BOSS","M","?","M","?","$","?","E","M","T","E"],"build_version":"2022-12-18","purchased_purges":0,"victory":false,"max_hp_per_floor":[71,71,71,71,71,71,71,71,71,71,71,71,71,71,71,71,71,71,71,71,71,71,71,71,71,71,71],"card_choices":[{"not_picked":["Buffer","Echo Form"],"picked":"Electrodynamics","floor":0},{"not_picked":["Sweeping Beam","Coolheaded"],"picked":"Static Discharge","floor":1},{"not_picked":["Compile Driver","Stack"],"picked":"Reinforced Body","floor":2},{"not_picked":["Beam Cell","Coolheaded"],"picked":"Ball Lightning","floor":4},{"not_picked":["Chill","Barrage"],"picked":"Glacier","floor":5},{"not_picked":["Chill","Leap"],"picked":"Creative AI","floor":6},{"not_picked":["Darkness","Streamline"],"picked":"Redo","floor":8},{"not_picked":["Ball Lightning","Sweeping Beam"],"picked":"Turbo","floor":11},{"not_picked":["Streamline","Meteor Strike"],"picked":"Conserve Battery","floor":14},{"not_picked":["Seek","Meteor Strike"],"picked":"Amplify","floor":16},{"not_picked":["Doom and Gloom+1","Barrage","Redo"],"picked":"SKIP","floor":18},{"not_picked":["Leap","Ball Lightning"],"picked":"Undo","floor":20},{"not_picked":["Rebound","Cold Snap"],"picked":"Stack","floor":24},{"not_picked":["Stack","Chaos"],"picked":"Coolheaded","floor":25}],"player_experience":2257166,"relics_obtained":[{"floor":6,"key":"Akabeko"},{"floor":8,"key":"Matryoshka"},{"floor":9,"key":"Toy Ornithopter"},{"floor":9,"key":"CaptainsWheel"},{"floor":24,"key":"Pocketwatch"},{"floor":26,"key":"Dream Catcher"},{"floor":26,"key":"Ice Cream"}],"event_choices":[{"damage_healed":0,"gold_gain":0,"cards_transformed":["Strike_B"],"player_choice":"Change","damage_taken":0,"max_hp_gain":0,"max_hp_loss":0,"event_name":"Living Wall","floor":3,"gold_loss":0,"cards_obtained":["Force Field"]},{"damage_healed":17,"gold_gain":0,"player_choice":"Healed","damage_taken":0,"max_hp_gain":0,"max_hp_loss":0,"event_name":"The Cleric","floor":12,"gold_loss":35},{"damage_healed":0,"gold_gain":0,"player_choice":"Obtained Relic","damage_taken":0,"relics_obtained":["CeramicFish"],"max_hp_gain":0,"max_hp_loss":0,"event_name":"Addict","floor":19,"gold_loss":85},{"damage_healed":0,"gold_gain":50,"player_choice":"Stole From Cult","damage_taken":0,"max_hp_gain":0,"max_hp_loss":0,"event_name":"Nest","floor":21,"gold_loss":0},{"damage_healed":0,"gold_gain":0,"player_choice":"Ignored","damage_taken":0,"max_hp_gain":0,"max_hp_loss":0,"event_name":"Ghosts","floor":23,"gold_loss":0}],"is_beta":false,"boss_relics":[{"not_picked":["FrozenCore","Black Star"],"picked":"Runic Dome"}],"items_purged_floors":[],"is_endless":false,"potions_floor_spawned":[4,5,11,14,24],"killed_by":"Gremlin Leader","ascension_level":20}