{"gold_per_floor":[110,260,260,260,96,96,117,151,177,177,177,212,230,251,251,251],"floor_reached":16,"playtime":305,"items_purged":["Doubt"],"score":266,"play_id":"585c8b51-b5b1-49d8-a86c-7bf976d5dd28","local_time":"20230327235151","is_ascension_mode":true,"campfire_choices":[{"data":"Streamline","floor":6,"key":"SMITH"},{"data":"Genetic Algorithm","floor":11,"key":"SMITH"},{"data":"Loop","floor":15,"key":"SMITH"}],"neow_cost":"NONE","seed_source_timestamp":308616425903300,"circlet_count":0,"master_deck":["AscendersBane","Strike_B","Strike_B","Strike_B","Defend_B","Defend_B","Defend_B","Defend_B","Zap","Dualcast","Streamline+1","Ball Lightning","Coolheaded","Genetic Algorithm+1","Compile Driver","Aggregate","Loop+1"],"relics":["Cracked Core","NeowsBlessing","Golden Idol","Pear","DataDisk","Meat on the Bone"],"potions_floor_usage":[],"damage_taken":[{"damage":0,"enemies":"Cultist","floor":1,"turns":1},{"damage":0,"enemies":"Small Slimes","floor":7,"turns":1},{"damage":0,"enemies":"3 Sentries","floor":8,"turns":2},{"damage":23,"enemies":"Lagavulin","floor":12,"turns":5},{"damage":8,"enemies":"2 Louse","floor":13,"turns":4},{"damage":0,"enemies":"Exordium Thugs","floor":14,"turns":3},{"damage":49,"enemies":"Hexaghost","floor":16,"turns":9}],"seed_played":"-3329234095217438560","potions_obtained":[{"floor":1,"key":"Ancient Potion"},{"floor":7,"key":"SteroidPotion"}],"is_trial":false,"path_per_floor":["M","?","?","?","$","R","M","E","T","?","R","E","M","M","R","B"],"character_chosen":"DEFECT","items_purchased":["Ball Lightning","Coolheaded"],"campfire_rested":0,"item_purchase_floors":[5,5],"current_hp_per_floor":[64,64,64,69,69,69,69,79,79,79,79,56,48,48,48,0],"gold":251,"neow_bonus":"THREE_ENEMY_KILL","is_prod":false,"is_daily":false,"chose_seed":false,"campfire_upgraded":3,"win_rate":0,"timestamp":1679953911,"path_taken":["M","?","?","?","$","R","M","E","T","?","R","E","M","M","R","BOSS"],"build_version":"2022-12-18","purchased_purges":1,"victory":false,"max_hp_per_floor":[71,71,64,69,69,69,69,79,79,79,79,79,79,79,79,79],"card_choices":[{"not_picked":["Steam Power","BootSequence"],"picked":"Streamline","floor":1},{"not_picked":["Reprogram","Force Field"],"picked":"Genetic Algorithm","floor":7},{"not_picked":["Blizzard","Conserve Battery"],"picked":"Compile Driver","floor":8},{"not_picked":["Compile Driver","Reprogram","Stack"],"picked":"SKIP","floor":12},{"not_picked":["Scrape","Sweeping Beam"],"picked":"Aggregate","floor":13},{"not_picked":["Conserve Battery","Steam"],"picked":"Loop","floor":14}],"player_experience":2294820,"relics_obtained":[{"floor":8,"key":"Pear"},{"floor":9,"key":"DataDisk"},{"floor":12,"key":"Meat on the Bone"}],"event_choices":[{"damage_healed":0,"gold_gain":150,"player_choice":"AGREE","damage_taken":0,"max_hp_gain":0,"max_hp_loss":0,"event_name":"Liars Game","floor":2,"gold_loss":0,"cards_obtained":["Doubt"]},{"damage_healed":0,"gold_gain":0,"player_choice":"Lose Max HP","damage_taken":0,"relics_obtained":["Golden Idol"],"max_hp_gain":0,"max_hp_loss":7,"event_name":"Golden Idol","floor":3,"gold_loss":0},{"damage_healed":0,"gold_gain":0,"player_choice":"Donut","damage_taken":0,"max_hp_gain":5,"max_hp_loss":0,"event_name":"Big Fish","floor":4,"gold_loss":0},{"cards_removed":["Strike_B"],"damage_healed":0,"gold_gain":0,"player_choice":"Purged","damage_taken":0,"max_hp_gain":0,"max_hp_loss":0,"event_name":"Purifier","floor":10,"gold_loss":0}],"is_beta":false,"boss_relics":[],"items_purged_floors":[5],"is_endless":false,"potions_floor_spawned":[1,7,8],"killed_by":"Hexaghost","ascension_level":20}