{"gold_per_floor":[115,115,40,40,54,80,80,114,114,132,47,82,82,98,98,98],"floor_reached":16,"playtime":434,"items_purged":[],"score":286,"play_id":"b3546870-fd61-4364-9efc-66c43c83a4c3","local_time":"20230326101952","is_ascension_mode":true,"campfire_choices":[{"floor":15,"key":"REST"}],"neow_cost":"NONE","seed_source_timestamp":173366634929600,"circlet_count":0,"master_deck":["AscendersBane","Strike_B","Strike_B","Defend_B","Defend_B","Defend_B","Defend_B","Zap","Dualcast","Darkness","Heatsinks","Redo","Coolheaded","BootSequence","Doom and Gloom","Defragment","Lockon"],"relics":["Cracked Core","NeowsBlessing","Question Card","PreservedInsect","Gambling Chip","Mummified Hand"],"potions_floor_usage":[12,16],"damage_taken":[{"damage":0,"enemies":"2 Louse","floor":1,"turns":1},{"damage":0,"enemies":"Small Slimes","floor":5,"turns":1},{"damage":0,"enemies":"Gremlin Nob","floor":6,"turns":1},{"damage":15,"enemies":"Lagavulin","floor":8,"turns":5},{"damage":0,"enemies":"Cultist","floor":10,"turns":4},{"damage":11,"enemies":"Gremlin Nob","floor":12,"turns":3},{"damage":2,"enemies":"Lots of Slimes","floor":14,"turns":2},{"damage":40,"enemies":"Slime Boss","floor":16,"turns":5}],"seed_played":"5735561674014122810","potions_obtained":[{"floor":1,"key":"LiquidMemories"},{"floor":5,"key":"Swift Potion"}],"is_trial":false,"path_per_floor":["M","?","?","?","M","E","?","E","T","M","$","E","$","M","R","B"],"character_chosen":"DEFECT","items_purchased":["Defragment"],"campfire_rested":1,"item_purchase_floors":[11],"current_hp_per_floor":[64,64,64,64,64,64,46,31,31,31,31,20,20,18,39,0],"gold":98,"neow_bonus":"THREE_ENEMY_KILL","is_prod":false,"is_daily":false,"chose_seed":false,"campfire_upgraded":0,"win_rate":0,"timestamp":1679818792,"path_taken":["M","?","?","?","M","E","?","E","T","M","?","E","$","M","R","BOSS"],"build_version":"2022-12-18","purchased_purges":0,"victory":false,"max_hp_per_floor":[71,71,71,71,71,71,71,71,71,71,71,71,71,71,71,71],"card_choices":[{"not_picked":["Blizzard","Rebound"],"picked":"Darkness","floor":1},{"not_picked":["Steam","Hyperbeam"],"picked":"Redo","floor":5},{"not_picked":["Recycle","Gash"],"picked":"Coolheaded","floor":6},{"not_picked":["Hologram","Turbo","Leap"],"picked":"BootSequence","floor":8},{"not_picked":["Self Repair","Coolheaded","Sunder"],"picked":"Doom and Gloom","floor":10},{"not_picked":["Scrape","Turbo","Gash"],"picked":"Lockon","floor":12},{"not_picked":["Doom and Gloom","Sweeping Beam","All For One","Cold Snap"],"picked":"SKIP","floor":14}],"player_experience":2282558,"relics_obtained":[{"floor":6,"key":"Question Card"},{"floor":8,"key":"Gambling Chip"},{"floor":12,"key":"Mummified Hand"}],"event_choices":[{"damage_healed":0,"gold_gain":0,"cards_transformed":["Strike_B"],"player_choice":"Change","damage_taken":0,"max_hp_gain":0,"max_hp_loss":0,"event_name":"Living Wall","floor":2,"gold_loss":0,"cards_obtained":["Heatsinks"]},{"cards_removed":["Strike_B"],"damage_healed":0,"gold_gain":0,"player_choice":"Card Removal","damage_taken":0,"max_hp_gain":0,"max_hp_loss":0,"event_name":"The Cleric","floor":3,"gold_loss":75},{"damage_healed":0,"gold_gain":0,"player_choice":"Ignored","damage_taken":0,"max_hp_gain":0,"max_hp_loss":0,"event_name":"Shining Light","floor":4,"gold_loss":0},{"damage_healed":0,"gold_gain":0,"player_choice":"Success","damage_taken":18,"relics_obtained":["PreservedInsect"],"max_hp_gain":0,"max_hp_loss":0,"event_name":"Scrap Ooze","floor":7,"gold_loss":0}],"is_beta":false,"boss_relics":[],"items_purged_floors":[],"is_endless":false,"potions_floor_spawned":[1,5],"killed_by":"Slime Boss","ascension_level":20}