{"gold_per_floor":[116,17,92,104,29,29,62,62,112,8,8,28,28,28],"floor_reached":14,"playtime":267,"items_purged":[],"score":172,"play_id":"53025115-2386-42c0-8978-0df3b22c0731","local_time":"20230328000518","is_ascension_mode":true,"campfire_choices":[{"data":"Bandage Up","floor":6,"key":"SMITH"},{"floor":8,"key":"REST"},{"data":"Consume","floor":13,"key":"SMITH"}],"neow_cost":"NONE","seed_source_timestamp":309461945192400,"circlet_count":0,"master_deck":["AscendersBane","Strike_B","Strike_B","Strike_B","Defend_B","Defend_B","Defend_B+1","Defend_B","Zap","Dualcast","FTL","Bandage Up+1","Conserve Battery+1","Genetic Algorithm","Parasite","Beam Cell","Gash","Consume+1"],"relics":["Cursed Key","War Paint"],"potions_floor_usage":[],"damage_taken":[{"damage":2,"enemies":"Cultist","floor":1,"turns":4},{"damage":4,"enemies":"2 Louse","floor":4,"turns":2},{"damage":46,"enemies":"3 Sentries","floor":7,"turns":11},{"damage":1,"enemies":"Jaw Worm","floor":12,"turns":4},{"damage":48,"enemies":"Gremlin Nob","floor":14,"turns":4}],"seed_played":"9093628057007110556","potions_obtained":[],"is_trial":false,"path_per_floor":["M","$","?","M","?","R","E","R","T","$","$","M","R","E"],"character_chosen":"DEFECT","items_purchased":["Bandage Up","Beam Cell","Gash"],"campfire_rested":1,"item_purchase_floors":[2,10,10],"current_hp_per_floor":[62,62,51,51,51,51,11,32,32,32,32,37,37,0],"gold":28,"neow_bonus":"BOSS_RELIC","is_prod":false,"is_daily":false,"chose_seed":false,"campfire_upgraded":2,"win_rate":0,"timestamp":1679954718,"path_taken":["M","?","?","M","?","R","E","R","T","?","$","M","R","E"],"build_version":"2022-12-18","purchased_purges":0,"victory":false,"max_hp_per_floor":[71,71,71,71,71,71,71,71,71,71,71,71,71,71],"card_choices":[{"not_picked":["Steam","Rebound"],"picked":"FTL","floor":1},{"not_picked":["BootSequence","Go for the Eyes"],"picked":"Conserve Battery","floor":4},{"not_picked":["Steam","Reinforced Body"],"picked":"Genetic Algorithm","floor":7},{"not_picked":["Heatsinks","Stack"],"picked":"Consume","floor":12}],"player_experience":2295640,"relics_obtained":[{"floor":7,"key":"War Paint"}],"event_choices":[{"damage_healed":0,"gold_gain":75,"player_choice":"Gather Gold","damage_taken":11,"max_hp_gain":0,"max_hp_loss":0,"event_name":"World of Goop","floor":3,"gold_loss":0},{"cards_removed":["Strike_B"],"damage_healed":0,"gold_gain":0,"player_choice":"Card Removal","damage_taken":0,"max_hp_gain":0,"max_hp_loss":0,"event_name":"The Cleric","floor":5,"gold_loss":75}],"is_beta":false,"boss_relics":[],"items_purged_floors":[],"is_endless":false,"potions_floor_spawned":[],"killed_by":"Gremlin Nob","ascension_level":20}