{"gold_per_floor":[118,43,55,55,55,98,117,136,136,176,176,215,239,254,254,345,345,345,345,0,0,15,38,38,62,87,87],"floor_reached":27,"playtime":779,"items_purged":["Strike_B","Injury"],"score":545,"play_id":"dd51d519-13e3-45c6-aa77-16bcde6ffb13","local_time":"20230317175057","is_ascension_mode":true,"campfire_choices":[{"data":"Streamline","floor":15,"key":"SMITH"},{"data":"Defragment","floor":24,"key":"SMITH"}],"neow_cost":"NONE","seed_source_timestamp":846550012200,"circlet_count":0,"master_deck":["AscendersBane","Strike_B+1","Strike_B+1","Strike_B","Defend_B","Defend_B","Defend_B","Defend_B","Zap","Dualcast","Chaos","Ball Lightning","Glacier","Compile Driver","Self Repair","Conserve Battery","Streamline+1","Machine Learning","Defragment+1","Tempest"],"relics":["FrozenCore","NeowsBlessing","Golden Idol","Mercury Hourglass","Blue Candle","Singing Bowl","Bag of Marbles","Lee\u0027s Waffle","DataDisk","Whetstone"],"potions_floor_usage":[8,10,18],"damage_taken":[{"damage":0,"enemies":"Small Slimes","floor":1,"turns":1},{"damage":0,"enemies":"Jaw Worm","floor":3,"turns":1},{"damage":0,"enemies":"Lagavulin","floor":6,"turns":1},{"damage":0,"enemies":"2 Louse","floor":7,"turns":3},{"damage":0,"enemies":"Lots of Slimes","floor":8,"turns":1},{"damage":12,"enemies":"Gremlin Nob","floor":10,"turns":3},{"damage":11,"enemies":"Lagavulin","floor":12,"turns":7},{"damage":8,"enemies":"Exordium Wildlife","floor":13,"turns":4},{"damage":7,"enemies":"2 Fungi Beasts","floor":14,"turns":2},{"damage":25,"enemies":"The Guardian","floor":16,"turns":12},{"damage":0,"enemies":"3 Byrds","floor":18,"turns":1},{"damage":18,"enemies":"Shell Parasite","floor":22,"turns":7},{"damage":13,"enemies":"Snecko","floor":23,"turns":7},{"damage":14,"enemies":"Chosen and Byrds","floor":25,"turns":5},{"damage":72,"enemies":"Gremlin Leader","floor":27,"turns":8}],"seed_played":"5239278805072308282","potions_obtained":[{"floor":1,"key":"BlessingOfTheForge"},{"floor":6,"key":"Explosive Potion"},{"floor":8,"key":"SmokeBomb"},{"floor":16,"key":"Block Potion"}],"is_trial":false,"path_per_floor":["M","$","M","?","?","E","M","M","T","E","?","E","M","M","R","B",null,"M","?","$","?","M","M","R","M","T","E"],"character_chosen":"DEFECT","items_purchased":["Defragment","Lee\u0027s Waffle"],"campfire_rested":0,"item_purchase_floors":[20,20],"current_hp_per_floor":[64,64,64,64,64,64,64,64,64,61,66,62,63,56,56,38,70,70,70,87,87,78,74,74,60,60,0],"gold":87,"neow_bonus":"THREE_ENEMY_KILL","is_prod":false,"is_daily":false,"chose_seed":false,"campfire_upgraded":2,"win_rate":0,"timestamp":1679071857,"path_taken":["M","$","M","?","?","E","M","M","T","E","?","E","M","M","R","BOSS","M","?","$","?","?","M","R","?","T","E"],"build_version":"2022-12-18","purchased_purges":2,"victory":false,"max_hp_per_floor":[71,71,71,71,71,71,71,71,71,73,78,78,80,80,80,80,80,80,80,87,87,89,91,91,91,91,91],"card_choices":[{"not_picked":["Redo","Go for the Eyes"],"picked":"Chaos","floor":1},{"not_picked":["Heatsinks","Stack"],"picked":"Ball Lightning","floor":3},{"not_picked":["Redo","Go for the Eyes"],"picked":"Glacier","floor":6},{"not_picked":["Reinforced Body","Steam"],"picked":"Compile Driver","floor":7},{"not_picked":["Turbo","Reprogram"],"picked":"Self Repair","floor":8},{"not_picked":["Hyperbeam","Doom and Gloom","Leap"],"picked":"Singing Bowl","floor":10},{"not_picked":["Heatsinks","Cold Snap"],"picked":"Conserve Battery","floor":12},{"not_picked":["Gash","Turbo","Force Field"],"picked":"Singing Bowl","floor":13},{"not_picked":["Hologram","Chill"],"picked":"Streamline","floor":14},{"not_picked":["Meteor Strike","Core Surge"],"picked":"Machine Learning","floor":16},{"not_picked":["Redo","Auto Shields","Sunder"],"picked":"Singing Bowl","floor":22},{"not_picked":["Beam Cell","Scrape","Static Discharge"],"picked":"Singing Bowl","floor":23},{"not_picked":["Beam Cell","Compile Driver"],"picked":"Tempest","floor":25}],"player_experience":2246796,"relics_obtained":[{"floor":6,"key":"Mercury Hourglass"},{"floor":9,"key":"Blue Candle"},{"floor":10,"key":"Singing Bowl"},{"floor":12,"key":"Bag of Marbles"},{"floor":26,"key":"Whetstone"}],"event_choices":[{"damage_healed":0,"gold_gain":0,"player_choice":"Leave","damage_taken":0,"max_hp_gain":0,"max_hp_loss":0,"event_name":"The Cleric","floor":4,"gold_loss":0},{"damage_healed":0,"gold_gain":0,"player_choice":"Take Wound","damage_taken":0,"relics_obtained":["Golden Idol"],"max_hp_gain":0,"max_hp_loss":0,"event_name":"Golden Idol","floor":5,"gold_loss":0,"cards_obtained":["Injury"]},{"damage_healed":0,"gold_gain":0,"player_choice":"Donut","damage_taken":0,"max_hp_gain":5,"max_hp_loss":0,"event_name":"Big Fish","floor":11,"gold_loss":0},{"damage_healed":0,"gold_gain":0,"player_choice":"Ignored","damage_taken":0,"max_hp_gain":0,"max_hp_loss":0,"event_name":"Ghosts","floor":19,"gold_loss":0},{"damage_healed":0,"gold_gain":0,"player_choice":"Gave Potion","damage_taken":0,"relics_obtained":["DataDisk"],"max_hp_gain":0,"max_hp_loss":0,"event_name":"WeMeetAgain","floor":21,"gold_loss":0}],"is_beta":false,"boss_relics":[{"not_picked":["Philosopher\u0027s Stone","Runic Dome"],"picked":"FrozenCore"}],"items_purged_floors":[2,20],"is_endless":false,"potions_floor_spawned":[1,6,8,16,18],"killed_by":"Gremlin Leader","ascension_level":20}