{"gold_per_floor":[111,111,111,6,6,40,55,55,55,55,69,69,95,121,121,195,195,214,233,75,95,110,110,136,149,196,216,266,297,297,307,307,381,381,392,407,432,443,443,469,139,139,186,218,218,218,252,264,264,264,264,264,264,95,125,125],"floor_reached":56,"playtime":3087,"items_purged":["Strike_B"],"score":2166,"play_id":"472c806b-61ba-4b0f-968f-b802f500deb5","local_time":"20230326111438","is_ascension_mode":true,"campfire_choices":[{"data":"Redo","floor":8,"key":"SMITH"},{"data":"Zap","floor":10,"key":"SMITH"},{"data":"Defragment","floor":15,"key":"SMITH"},{"floor":23,"key":"REST"},{"data":"Buffer","floor":30,"key":"SMITH"},{"floor":32,"key":"REST"},{"data":"Fission","floor":42,"key":"SMITH"},{"floor":49,"key":"RECALL"},{"data":"Seek","floor":53,"key":"SMITH"}],"neow_cost":"NONE","seed_source_timestamp":174001713078100,"circlet_count":0,"master_deck":["AscendersBane","Zap+1","Dualcast","Compile Driver","Redo+1","Seek","Coolheaded","Defragment+1","Sweeping Beam","Biased Cognition","All For One","Seek+1","Ball Lightning","Compile Driver","Multi-Cast","Defragment+1","Steam","Darkness","Redo","Undo","Buffer+1","Fusion","Fission+1","Redo+1","Skim+1","Leap+1","Madness","Madness","Echo Form"],"relics":["Cracked Core","NeowsBlessing","Symbiotic Virus","Anchor","Ancient Tea Set","Meat on the Bone","MealTicket","Happy Flower","Pandora\u0027s Box","PreservedInsect","Juzu Bracelet","Ice Cream","Runic Pyramid","Unceasing Top","Bag of Preparation","HandDrill","Centennial Puzzle","Lantern","StrikeDummy","Akabeko","Pantograph"],"potions_floor_usage":[22,27,33,35,35,36,51,56,56],"damage_taken":[{"damage":0,"enemies":"Jaw Worm","floor":1,"turns":1},{"damage":0,"enemies":"Lagavulin","floor":6,"turns":1},{"damage":0,"enemies":"Small Slimes","floor":7,"turns":1},{"damage":0,"enemies":"Cultist","floor":11,"turns":3},{"damage":16,"enemies":"3 Sentries","floor":13,"turns":7},{"damage":8,"enemies":"The Guardian","floor":16,"turns":9},{"damage":0,"enemies":"Chosen","floor":18,"turns":3},{"damage":23,"enemies":"2 Thieves","floor":19,"turns":3},{"damage":15,"enemies":"Centurion and Healer","floor":21,"turns":4},{"damage":22,"enemies":"Snake Plant","floor":22,"turns":2},{"damage":4,"enemies":"Gremlin Leader","floor":24,"turns":4},{"damage":8,"enemies":"Sentry and Sphere","floor":25,"turns":3},{"damage":10,"enemies":"Centurion and Healer","floor":27,"turns":5},{"damage":8,"enemies":"Book of Stabbing","floor":29,"turns":3},{"damage":9,"enemies":"Cultist and Chosen","floor":31,"turns":4},{"damage":58,"enemies":"Automaton","floor":33,"turns":7},{"damage":12,"enemies":"3 Darklings","floor":35,"turns":5},{"damage":10,"enemies":"3 Shapes","floor":36,"turns":3},{"damage":0,"enemies":"Mind Bloom Boss Battle","floor":37,"turns":5},{"damage":30,"enemies":"Spire Growth","floor":38,"turns":6},{"damage":0,"enemies":"Nemesis","floor":40,"turns":5},{"damage":0,"enemies":"Giant Head","floor":44,"turns":5},{"damage":0,"enemies":"Reptomancer","floor":47,"turns":5},{"damage":0,"enemies":"Transient","floor":48,"turns":6},{"damage":1,"enemies":"Donu and Deca","floor":50,"turns":9},{"damage":34,"enemies":"Time Eater","floor":51,"turns":9},{"damage":33,"enemies":"Shield and Spear","floor":55,"turns":4},{"damage":64,"enemies":"The Heart","floor":56,"turns":5}],"seed_played":"7280574960346936341","potions_obtained":[{"floor":1,"key":"Strength Potion"},{"floor":7,"key":"LiquidBronze"},{"floor":16,"key":"BlessingOfTheForge"},{"floor":22,"key":"DuplicationPotion"},{"floor":24,"key":"PotionOfCapacity"},{"floor":27,"key":"SteroidPotion"},{"floor":33,"key":"EntropicBrew"},{"floor":36,"key":"SpeedPotion"},{"floor":38,"key":"Block Potion"},{"floor":55,"key":"LiquidMemories"}],"is_trial":false,"path_per_floor":["M","?","?","$","?","E","M","R","T","R","M","?","E","T","R","B",null,"M","M","$","M","M","R","E","M","T","M","?","E","R","M","R","B",null,"M","M","?","M","?","E","$","R","T","E","?","?","E","M","R","B","B",null,"R","$","E","B"],"character_chosen":"DEFECT","items_purchased":["Redo","PreservedInsect","HandDrill","Centennial Puzzle","Echo Form"],"campfire_rested":2,"item_purchase_floors":[4,20,41,41,54],"current_hp_per_floor":[64,64,64,64,46,46,46,46,46,46,46,46,42,42,42,46,65,65,42,57,42,32,53,49,41,41,43,43,47,47,38,59,13,57,45,47,47,29,29,41,56,56,56,56,43,43,43,43,43,42,20,58,58,71,38,0],"gold":125,"neow_bonus":"THREE_ENEMY_KILL","is_prod":false,"is_daily":false,"chose_seed":false,"campfire_upgraded":6,"win_rate":0,"timestamp":1679822078,"path_taken":["M","?","?","?","?","E","M","R","T","R","M","?","E","?","R","BOSS","M","M","$","?","M","R","E","M","T","M","?","E","R","M","R","BOSS","M","M","?","M","?","E","$","R","T","E","?","?","E","M","R","BOSS","BOSS","R","$","E","BOSS"],"build_version":"2022-12-18","purchased_purges":1,"victory":false,"max_hp_per_floor":[71,71,71,71,71,71,71,71,71,71,71,71,71,71,71,71,71,71,71,71,71,71,71,71,71,71,71,71,71,71,71,71,71,71,71,71,71,71,71,71,71,71,71,71,71,71,71,71,71,71,71,71,71,71,71,71],"card_choices":[{"not_picked":["Glacier","Heatsinks"],"picked":"Compile Driver","floor":1},{"not_picked":["Rebound","Compile Driver"],"picked":"Seek","floor":6},{"not_picked":["Compile Driver","Leap"],"picked":"Coolheaded","floor":7},{"not_picked":["Coolheaded","Static Discharge"],"picked":"Defragment","floor":11},{"not_picked":["Streamline","Go for the Eyes"],"picked":"Sweeping Beam","floor":13},{"not_picked":["Machine Learning","Creative AI"],"picked":"Biased Cognition","floor":16},{"not_picked":["Barrage","Coolheaded"],"picked":"Defragment+1","floor":18},{"not_picked":["Gash","Steam","Rebound"],"picked":"SKIP","floor":19},{"not_picked":["Gash","Rebound"],"picked":"Steam","floor":19},{"not_picked":["Barrage","Stack"],"picked":"Darkness","floor":21},{"not_picked":["White Noise","Coolheaded"],"picked":"Redo","floor":22},{"not_picked":["Fusion","Static Discharge"],"picked":"Undo","floor":24},{"not_picked":["Auto Shields","Rebound"],"picked":"Buffer","floor":25},{"not_picked":["Ball Lightning","Rebound"],"picked":"Fusion","floor":27},{"not_picked":["Double Energy","Glacier","Streamline"],"picked":"SKIP","floor":29},{"not_picked":["Static Discharge","Fusion","Recycle"],"picked":"SKIP","floor":31},{"not_picked":["Amplify","All For One"],"picked":"Fission","floor":33},{"not_picked":["Go for the Eyes","Leap"],"picked":"Redo+1","floor":35},{"not_picked":["Barrage","Turbo"],"picked":"Skim+1","floor":36},{"not_picked":["Storm+1","Defragment"],"picked":"Leap+1","floor":37},{"not_picked":["Hello World+1","Tempest","Seek"],"picked":"SKIP","floor":38},{"not_picked":["Force Field","Chill+1","Thunder Strike"],"picked":"SKIP","floor":40},{"not_picked":["Hologram","Blizzard","Rebound+1"],"picked":"SKIP","floor":44},{"not_picked":["Beam Cell+1","Lockon","Gash+1"],"picked":"SKIP","floor":47},{"not_picked":["Tempest+1","Gash","Steam"],"picked":"SKIP","floor":48},{"not_picked":["Turbo","White Noise","Leap"],"picked":"SKIP","floor":55}],"player_experience":2283165,"relics_obtained":[{"floor":6,"key":"Ancient Tea Set"},{"floor":9,"key":"Meat on the Bone"},{"floor":13,"key":"MealTicket"},{"floor":14,"key":"Happy Flower"},{"floor":24,"key":"Juzu Bracelet"},{"floor":29,"key":"Ice Cream"},{"floor":37,"key":"Unceasing Top"},{"floor":40,"key":"Bag of Preparation"},{"floor":43,"key":"Lantern"},{"floor":44,"key":"StrikeDummy"},{"floor":47,"key":"Akabeko"},{"floor":55,"key":"Pantograph"}],"event_choices":[{"damage_healed":0,"gold_gain":0,"player_choice":"Box","damage_taken":0,"relics_obtained":["Symbiotic Virus"],"max_hp_gain":0,"max_hp_loss":0,"event_name":"Big Fish","floor":2,"gold_loss":0,"cards_obtained":["Regret"]},{"cards_removed":["Regret"],"damage_healed":0,"gold_gain":0,"player_choice":"Forget","damage_taken":0,"max_hp_gain":0,"max_hp_loss":0,"event_name":"Living Wall","floor":3,"gold_loss":0},{"damage_healed":0,"gold_gain":0,"player_choice":"Success","damage_taken":18,"relics_obtained":["Anchor"],"max_hp_gain":0,"max_hp_loss":0,"event_name":"Scrap Ooze","floor":5,"gold_loss":0},{"damage_healed":0,"gold_gain":0,"player_choice":"Ignored","damage_taken":0,"max_hp_gain":0,"max_hp_loss":0,"event_name":"Liars Game","floor":12,"gold_loss":0},{"damage_healed":0,"gold_gain":50,"player_choice":"Pray","damage_taken":0,"max_hp_gain":0,"max_hp_loss":0,"event_name":"Golden Shrine","floor":28,"gold_loss":0},{"damage_healed":0,"gold_gain":0,"player_choice":"Fight","damage_taken":0,"max_hp_gain":0,"max_hp_loss":0,"event_name":"MindBloom","floor":37,"gold_loss":0},{"cards_removed":["Multi-Cast"],"damage_healed":0,"gold_gain":0,"player_choice":"Purged","damage_taken":0,"max_hp_gain":0,"max_hp_loss":0,"event_name":"Purifier","floor":39,"gold_loss":0},{"damage_healed":0,"gold_gain":0,"player_choice":"Embrace Madness","damage_taken":13,"max_hp_gain":0,"max_hp_loss":0,"event_name":"Winding Halls","floor":45,"gold_loss":0,"cards_obtained":["Madness","Madness"]},{"cards_removed":["Compile Driver"],"damage_healed":0,"gold_gain":0,"player_choice":"Removed Attack","damage_taken":0,"max_hp_gain":0,"max_hp_loss":0,"event_name":"Falling","floor":46,"gold_loss":0}],"is_beta":false,"boss_relics":[{"not_picked":["SacredBark","Sozu"],"picked":"Pandora\u0027s Box"},{"not_picked":["Philosopher\u0027s Stone","Black Star"],"picked":"Runic Pyramid"}],"items_purged_floors":[4],"is_endless":false,"potions_floor_spawned":[1,7,11,16,22,24,27,33,36,38,44,47,55],"killed_by":"The Heart","ascension_level":20}