{"gold_per_floor":[118,33,48,62,73,73,108,108,134,59,24,48,88,108,108,192,192,209,254,263,282,282,282,282],"floor_reached":24,"playtime":630,"items_purged":["Strike_B"],"score":537,"play_id":"e4386ce4-21c7-4627-aa90-a6c0aa1b0740","local_time":"20230325010730","is_ascension_mode":true,"campfire_choices":[{"data":"Rainbow","floor":6,"key":"SMITH"},{"floor":8,"key":"REST"},{"floor":15,"key":"REST"},{"floor":23,"key":"REST"}],"neow_cost":"NONE","seed_source_timestamp":57226838000900,"circlet_count":0,"master_deck":["AscendersBane","Defend_B","Defend_B","Defend_B","Defend_B","Zap","Dualcast","Conserve Battery","Capacitor","Cold Snap","Barrage","Rainbow+1","Capacitor","Barrage","Chill","Biased Cognition","Bite","Bite","Bite","Bite","Bite","J.A.X.","Barrage"],"relics":["Cracked Core","NeowsBlessing","Vajra","CeramicFish","Black Star"],"potions_floor_usage":[7,16,18,21],"damage_taken":[{"damage":0,"enemies":"Cultist","floor":1,"turns":1},{"damage":0,"enemies":"2 Louse","floor":3,"turns":1},{"damage":0,"enemies":"Jaw Worm","floor":4,"turns":1},{"damage":28,"enemies":"3 Louse","floor":5,"turns":3},{"damage":26,"enemies":"3 Sentries","floor":7,"turns":8},{"damage":9,"enemies":"Large Slime","floor":12,"turns":5},{"damage":22,"enemies":"Lagavulin","floor":13,"turns":7},{"damage":7,"enemies":"Red Slaver","floor":14,"turns":4},{"damage":0,"enemies":"The Guardian","floor":16,"turns":9},{"damage":14,"enemies":"Spheric Guardian","floor":18,"turns":4},{"damage":45,"enemies":"Shell Parasite","floor":21,"turns":5},{"damage":45,"enemies":"Slavers","floor":24,"turns":2}],"seed_played":"3885872687196126573","potions_obtained":[{"floor":4,"key":"FocusPotion"},{"floor":5,"key":"Energy Potion"},{"floor":12,"key":"GamblersBrew"},{"floor":18,"key":"Energy Potion"}],"is_trial":false,"path_per_floor":["M","$","M","M","M","R","E","R","T","$","?","M","E","M","R","B",null,"M","?","?","M","?","R","E"],"character_chosen":"DEFECT","items_purchased":["Capacitor"],"campfire_rested":3,"item_purchase_floors":[2],"current_hp_per_floor":[64,64,64,64,36,36,10,31,31,31,48,39,17,12,33,35,62,50,50,50,15,15,36,0],"gold":282,"neow_bonus":"THREE_ENEMY_KILL","is_prod":false,"is_daily":false,"chose_seed":false,"campfire_upgraded":1,"win_rate":0,"timestamp":1679702850,"path_taken":["M","$","M","M","M","R","E","R","T","?","?","M","E","M","R","BOSS","M","?","?","M","?","R","E"],"build_version":"2022-12-18","purchased_purges":1,"victory":false,"max_hp_per_floor":[71,71,71,71,71,71,71,71,71,71,71,71,71,71,71,71,71,71,71,71,71,71,71,71],"card_choices":[{"not_picked":["Skim","Hologram"],"picked":"Conserve Battery","floor":1},{"not_picked":["Conserve Battery","Undo"],"picked":"Cold Snap","floor":3},{"not_picked":["Gash","Undo"],"picked":"Barrage","floor":4},{"not_picked":["Skim","Gash"],"picked":"Rainbow","floor":5},{"not_picked":["Streamline","Turbo"],"picked":"Capacitor","floor":7},{"not_picked":["Double Energy","Loop"],"picked":"Barrage","floor":12},{"not_picked":["Redo","Gash"],"picked":"Chill","floor":13},{"not_picked":["Auto Shields","Streamline","Turbo"],"picked":"SKIP","floor":14},{"not_picked":["Rainbow","All For One"],"picked":"Biased Cognition","floor":16},{"not_picked":["Conserve Battery","Go for the Eyes","Sweeping Beam"],"picked":"SKIP","floor":18},{"not_picked":["Streamline","Gash+1"],"picked":"Barrage","floor":21}],"player_experience":2256536,"relics_obtained":[{"floor":7,"key":"Vajra"},{"floor":9,"key":"CeramicFish"},{"floor":13,"key":"Blood Vial"}],"event_choices":[{"damage_healed":17,"gold_gain":0,"player_choice":"Healed","damage_taken":0,"max_hp_gain":0,"max_hp_loss":0,"event_name":"The Cleric","floor":11,"gold_loss":35},{"damage_healed":0,"gold_gain":0,"player_choice":"Became a vampire (Vial)","damage_taken":0,"max_hp_gain":0,"max_hp_loss":0,"event_name":"Vampires","floor":19,"relics_lost":["Blood Vial"],"gold_loss":0,"cards_obtained":["Bite","Bite","Bite","Bite","Bite"]},{"damage_healed":0,"gold_gain":0,"player_choice":"Obtain J.A.X.","damage_taken":0,"max_hp_gain":0,"max_hp_loss":0,"event_name":"Drug Dealer","floor":20,"gold_loss":0,"cards_obtained":["J.A.X."]},{"damage_healed":0,"gold_gain":0,"player_choice":"Ignored","damage_taken":0,"max_hp_gain":0,"max_hp_loss":0,"event_name":"Ghosts","floor":22,"gold_loss":0}],"is_beta":false,"boss_relics":[{"not_picked":["Busted Crown","Philosopher\u0027s Stone"],"picked":"Black Star"}],"items_purged_floors":[10],"is_endless":false,"potions_floor_spawned":[4,5,12,18],"killed_by":"Slavers","ascension_level":20}