{"gold_per_floor":[112,123,143,293,51,51,381,400,400,400,416,416],"floor_reached":12,"playtime":339,"items_purged":["Doubt"],"score":160,"play_id":"64c3688c-9330-42ab-a421-67d8db7bbb56","local_time":"20230325014031","is_ascension_mode":true,"campfire_choices":[{"data":"Barrage","floor":6,"key":"SMITH"}],"neow_cost":"NONE","seed_source_timestamp":59499019435600,"circlet_count":0,"master_deck":["AscendersBane","Strike_B","Strike_B","Strike_B","Strike_B","Defend_B","Defend_B","Defend_B","Defend_B","Zap","Dualcast","Barrage+1","Cold Snap","Self Repair","Redo","Echo Form"],"relics":["Nuclear Battery","Bag of Preparation","Old Coin","Thread and Needle"],"potions_floor_usage":[],"damage_taken":[{"damage":9,"enemies":"Jaw Worm","floor":1,"turns":4},{"damage":0,"enemies":"2 Louse","floor":2,"turns":2},{"damage":6,"enemies":"Small Slimes","floor":3,"turns":4},{"damage":40,"enemies":"Lagavulin","floor":7,"turns":8},{"damage":4,"enemies":"Blue Slaver","floor":8,"turns":4},{"damage":0,"enemies":"2 Fungi Beasts","floor":11,"turns":3},{"damage":24,"enemies":"Gremlin Nob","floor":12,"turns":3}],"seed_played":"2301331951947013158","potions_obtained":[{"floor":8,"key":"EssenceOfDarkness"}],"is_trial":false,"path_per_floor":["M","M","M","?","$","R","E","M","T","?","M","E"],"character_chosen":"DEFECT","items_purchased":["Bag of Preparation"],"campfire_rested":0,"item_purchase_floors":[5],"current_hp_per_floor":[55,55,49,49,49,49,16,19,19,19,19,0],"gold":416,"neow_bonus":"BOSS_RELIC","is_prod":false,"is_daily":false,"chose_seed":false,"campfire_upgraded":1,"win_rate":0,"timestamp":1679704831,"path_taken":["M","M","M","?","$","R","E","M","T","?","M","E"],"build_version":"2022-12-18","purchased_purges":1,"victory":false,"max_hp_per_floor":[71,71,71,71,71,71,71,71,71,71,71,71],"card_choices":[{"not_picked":["Go for the Eyes","Redo"],"picked":"Barrage","floor":1},{"not_picked":["Auto Shields","Storm"],"picked":"Cold Snap","floor":2},{"not_picked":["Coolheaded","Auto Shields"],"picked":"Self Repair","floor":3},{"not_picked":["Consume","Stack"],"picked":"Redo","floor":7},{"not_picked":["Static Discharge","Beam Cell"],"picked":"Echo Form","floor":8},{"not_picked":["Storm","White Noise","Darkness"],"picked":"SKIP","floor":11}],"player_experience":2258725,"relics_obtained":[{"floor":7,"key":"Old Coin"},{"floor":9,"key":"Thread and Needle"}],"event_choices":[{"damage_healed":0,"gold_gain":150,"player_choice":"AGREE","damage_taken":0,"max_hp_gain":0,"max_hp_loss":0,"event_name":"Liars Game","floor":4,"gold_loss":0,"cards_obtained":["Doubt"]},{"damage_healed":0,"gold_gain":0,"player_choice":"Ignored","damage_taken":0,"max_hp_gain":0,"max_hp_loss":0,"event_name":"Shining Light","floor":10,"gold_loss":0}],"is_beta":false,"boss_relics":[],"items_purged_floors":[5],"is_endless":false,"potions_floor_spawned":[8],"killed_by":"Gremlin Nob","ascension_level":20}