{"gold_per_floor":[111,186,22,40,40,71,71,81,81,110,14,25,56,69,69,144,144,155,155,155,55],"floor_reached":21,"playtime":656,"items_purged":[],"score":444,"play_id":"f6ecc7a5-f08c-49c6-b5f8-b545c18b4aee","local_time":"20230328001622","is_ascension_mode":true,"campfire_choices":[{"data":"Sunder","floor":7,"key":"SMITH"},{"data":"Capacitor","floor":15,"key":"SMITH"}],"neow_cost":"NONE","seed_source_timestamp":309737260870400,"circlet_count":0,"master_deck":["AscendersBane","Strike_B","Strike_B","Strike_B","Defend_B","Defend_B","Defend_B","Defend_B","Zap","Dualcast","Chill","FTL","Sunder+1","Sweeping Beam","Capacitor+1","Blizzard","Coolheaded","Redo","Echo Form","Cold Snap","Seek","Coolheaded","Go for the Eyes"],"relics":["Cracked Core","NeowsBlessing","Chemical X","Prayer Wheel","Darkstone Periapt","Pear","Torii","Inserter","CultistMask"],"potions_floor_usage":[14,16,16],"damage_taken":[{"damage":0,"enemies":"2 Louse","floor":1,"turns":1},{"damage":0,"enemies":"Small Slimes","floor":4,"turns":1},{"damage":0,"enemies":"3 Sentries","floor":6,"turns":1},{"damage":0,"enemies":"Cultist","floor":8,"turns":3},{"damage":21,"enemies":"Lagavulin","floor":10,"turns":7},{"damage":0,"enemies":"2 Fungi Beasts","floor":12,"turns":2},{"damage":11,"enemies":"3 Sentries","floor":13,"turns":8},{"damage":1,"enemies":"Large Slime","floor":14,"turns":5},{"damage":24,"enemies":"The Guardian","floor":16,"turns":11},{"damage":36,"enemies":"3 Byrds","floor":18,"turns":6},{"damage":26,"enemies":"2 Thieves","floor":21,"turns":3}],"seed_played":"-3625961843967950088","potions_obtained":[{"floor":1,"key":"GamblersBrew"},{"floor":4,"key":"Ancient Potion"},{"floor":13,"key":"ColorlessPotion"},{"floor":14,"key":"FocusPotion"}],"is_trial":false,"path_per_floor":["M","?","$","M","?","E","R","M","T","E","?","M","E","M","R","B",null,"M","?","?","M"],"character_chosen":"DEFECT","items_purchased":["Chemical X"],"campfire_rested":0,"item_purchase_floors":[3],"current_hp_per_floor":[64,53,53,53,53,53,53,53,53,32,42,42,31,30,30,6,62,26,26,26,0],"gold":55,"neow_bonus":"THREE_ENEMY_KILL","is_prod":false,"is_daily":false,"chose_seed":false,"campfire_upgraded":2,"win_rate":0,"timestamp":1679955382,"path_taken":["M","?","$","M","?","E","R","M","T","E","?","M","E","?","R","BOSS","M","?","?","?"],"build_version":"2022-12-18","purchased_purges":0,"victory":false,"max_hp_per_floor":[71,71,71,71,71,71,71,71,71,71,81,81,81,81,81,81,81,81,81,81,81],"card_choices":[{"not_picked":["Auto Shields","Reinforced Body"],"picked":"Chill","floor":1},{"not_picked":["Turbo","Steam"],"picked":"FTL","floor":4},{"not_picked":["Go for the Eyes","Beam Cell"],"picked":"Sweeping Beam","floor":6},{"not_picked":["Static Discharge","Rebound"],"picked":"Capacitor","floor":8},{"not_picked":["Scrape","Sunder","Rebound"],"picked":"SKIP","floor":8},{"not_picked":["Turbo","Conserve Battery"],"picked":"Blizzard","floor":10},{"not_picked":["Beam Cell","Gash"],"picked":"Coolheaded","floor":12},{"not_picked":["Genetic Algorithm","Reprogram"],"picked":"Redo","floor":12},{"not_picked":["Streamline","Gash"],"picked":"Echo Form","floor":13},{"not_picked":["Genetic Algorithm","Doom and Gloom"],"picked":"Cold Snap","floor":14},{"not_picked":["Turbo","Rebound","Static Discharge"],"picked":"SKIP","floor":14},{"not_picked":["Thunder Strike","Biased Cognition"],"picked":"Seek","floor":16},{"not_picked":["Scrape","Cold Snap"],"picked":"Coolheaded","floor":18},{"not_picked":["Undo","Capacitor"],"picked":"Go for the Eyes","floor":18}],"player_experience":2295907,"relics_obtained":[{"floor":6,"key":"Prayer Wheel"},{"floor":10,"key":"Darkstone Periapt"},{"floor":13,"key":"Torii"}],"event_choices":[{"damage_healed":0,"gold_gain":75,"player_choice":"Gather Gold","damage_taken":11,"max_hp_gain":0,"max_hp_loss":0,"event_name":"World of Goop","floor":2,"gold_loss":0},{"damage_healed":0,"gold_gain":0,"cards_transformed":["Strike_B"],"player_choice":"Change","damage_taken":0,"max_hp_gain":0,"max_hp_loss":0,"event_name":"Living Wall","floor":5,"gold_loss":0,"cards_obtained":["Sunder"]},{"damage_healed":0,"gold_gain":0,"player_choice":"Paid Gold","damage_taken":0,"relics_obtained":["Pear"],"max_hp_gain":0,"max_hp_loss":0,"event_name":"WeMeetAgain","floor":11,"gold_loss":96},{"damage_healed":0,"gold_gain":0,"player_choice":"Ignored","damage_taken":0,"max_hp_gain":0,"max_hp_loss":0,"event_name":"Ghosts","floor":19,"gold_loss":0},{"damage_healed":0,"gold_gain":0,"player_choice":"Trade","damage_taken":0,"relics_obtained":["CultistMask"],"max_hp_gain":0,"max_hp_loss":0,"event_name":"FaceTrader","floor":20,"gold_loss":0}],"is_beta":false,"boss_relics":[{"not_picked":["Fusion Hammer","Black Star"],"picked":"Inserter"}],"items_purged_floors":[],"is_endless":false,"potions_floor_spawned":[1,4,13,14],"killed_by":"2 Thieves","ascension_level":20}