{"gold_per_floor":[116,127,16,30,30,30,65,40,40,40,74,74,74,99,99,177,177,193,93,93,103,103,103,134,134],"floor_reached":25,"playtime":831,"items_purged":["Regret","Strike_B"],"score":470,"play_id":"e09f59dd-fe0c-4e44-bfd3-bf716fa1b117","local_time":"20230319133737","is_ascension_mode":true,"campfire_choices":[{"data":"Coolheaded","floor":6.0,"key":"SMITH"},{"floor":10.0,"key":"REST"},{"floor":13.0,"key":"REST"},{"data":"Capacitor","floor":15.0,"key":"SMITH"},{"floor":23.0,"key":"REST"}],"neow_cost":"CURSE","seed_source_timestamp":0,"circlet_count":0,"master_deck":["AscendersBane","Strike_B","Defend_B","Defend_B","Defend_B","Defend_B","Zap+1","Dualcast","Compile Driver","Coolheaded+1","Capacitor+1","Amplify","Barrage","Ball Lightning","Barrage+1","Echo Form","Cold Snap+1","Echo Form","Aggregate","Hyperbeam+1","Beam Cell+1","Turbo"],"special_seed":0,"relics":["Cracked Core","Mango","Question Card","Molten Egg 2","WingedGreaves","Happy Flower","Runic Pyramid","Gambling Chip"],"potions_floor_usage":[],"damage_taken":[{"damage":6.0,"enemies":"Jaw Worm","floor":1.0,"turns":4.0},{"damage":13.0,"enemies":"Cultist","floor":2.0,"turns":4.0},{"damage":0.0,"enemies":"Small Slimes","floor":4.0,"turns":2.0},{"damage":38.0,"enemies":"Lagavulin","floor":7.0,"turns":9.0},{"damage":39.0,"enemies":"Gremlin Nob","floor":11.0,"turns":4.0},{"damage":19.0,"enemies":"3 Sentries","floor":14.0,"turns":5.0},{"damage":30.0,"enemies":"Hexaghost","floor":16.0,"turns":9.0},{"damage":29.0,"enemies":"Shell Parasite","floor":18.0,"turns":6.0},{"damage":16.0,"enemies":"Chosen","floor":21.0,"turns":4.0},{"damage":60.0,"enemies":"Book of Stabbing","floor":24.0,"turns":5.0},{"damage":21,"enemies":"Sentry and Sphere","floor":25,"turns":3}],"seed_played":"869487692690685686","potions_obtained":[{"floor":1.0,"key":"ColorlessPotion"},{"floor":7.0,"key":"FairyPotion"},{"floor":14.0,"key":"AttackPotion"}],"is_trial":false,"path_per_floor":["M","M","$","M","?","R","E","$","T","R","E","?","R","E","R","B",null,"M","$","?","M","?","R","E","M"],"character_chosen":"DEFECT","items_purchased":["Capacitor","Ball Lightning"],"campfire_rested":3,"item_purchase_floors":[3,8],"current_hp_per_floor":[72,59,59,59,59,59,21,21,21,46,7,35,60,41,41,11,67,38,38,38,22,22,47,18,0],"gold":134,"neow_bonus":"ONE_RARE_RELIC","is_prod":false,"is_daily":false,"chose_seed":false,"campfire_upgraded":2,"win_rate":0,"timestamp":1679229457,"path_taken":["M","M","$","M","?","R","E","?","T","R","E","?","R","E","R","BOSS","M","$","?","?","?","R","E","M"],"build_version":"2022-12-18","purchased_purges":2,"victory":false,"max_hp_per_floor":[85,85,85,85,85,85,85,85,85,85,85,85,85,85,85,85,85,85,85,85,85,85,85,85,85],"card_choices":[{"not_picked":["Go for the Eyes","Turbo"],"picked":"Compile Driver","floor":1.0},{"not_picked":["Beam Cell","Rebound"],"picked":"Coolheaded","floor":2.0},{"not_picked":["Coolheaded","Barrage"],"picked":"Amplify","floor":4.0},{"not_picked":["Rip and Tear","Rebound"],"picked":"Barrage","floor":7.0},{"not_picked":["Turbo","Leap","Steam"],"picked":"Barrage+1","floor":11.0},{"not_picked":["Chaos","Genetic Algorithm","Go for the Eyes+1","Beam Cell+1"],"picked":"SKIP","floor":14.0},{"not_picked":["Reboot","Rainbow","Seek"],"picked":"Echo Form","floor":16.0},{"not_picked":["Scrape+1","Melter+1","Rebound+1"],"picked":"Cold Snap+1","floor":18.0},{"not_picked":["Go for the Eyes+1","Melter+1","Conserve Battery"],"picked":"Aggregate","floor":21.0},{"not_picked":["Go for the Eyes+1","Sunder+1","Reinforced Body"],"picked":"Turbo","floor":24.0}],"player_experience":2247575,"relics_obtained":[{"floor":7.0,"key":"Question Card"},{"floor":9.0,"key":"Molten Egg 2"},{"floor":11.0,"key":"WingedGreaves"},{"floor":14.0,"key":"Happy Flower"},{"floor":24.0,"key":"Gambling Chip"}],"event_choices":[{"damage_healed":0.0,"max_hp_gain":0.0,"max_hp_loss":0.0,"gold_gain":0.0,"event_name":"Upgrade Shrine","player_choice":"Upgraded","floor":5.0,"gold_loss":0.0,"damage_taken":0.0,"cards_upgraded":["Zap"]},{"damage_healed":28.0,"max_hp_gain":0.0,"max_hp_loss":0.0,"gold_gain":0.0,"event_name":"Big Fish","player_choice":"Banana","floor":12.0,"gold_loss":0.0,"damage_taken":0.0},{"damage_healed":0.0,"max_hp_gain":0.0,"max_hp_loss":0.0,"gold_gain":0.0,"event_name":"Duplicator","player_choice":"Copied","floor":20.0,"gold_loss":0.0,"damage_taken":0.0,"cards_obtained":["Echo Form"]},{"damage_healed":0.0,"max_hp_gain":0.0,"max_hp_loss":0.0,"gold_gain":0.0,"cards_transformed":["Strike_B","Strike_B"],"event_name":"Drug Dealer","player_choice":"Became Test Subject","floor":22.0,"gold_loss":0.0,"damage_taken":0.0,"cards_obtained":["Hyperbeam","Beam Cell"]}],"is_beta":false,"boss_relics":[{"not_picked":["Calling Bell","Cursed Key"],"picked":"Runic Pyramid"}],"items_purged_floors":[3,19],"is_endless":false,"potions_floor_spawned":[1,7,14],"killed_by":"Sentry and Sphere","ascension_level":20}