{"gold_per_floor":[115,115,14,14,39,39,77,141,141,176,176,201,351,2,2,97,97,117,117,117,32,32,44,72,28,28,43,43,43],"floor_reached":29,"playtime":911,"items_purged":["Injury","Doubt"],"score":569,"play_id":"2c125113-e121-4147-a434-8e1e71ec8ad6","local_time":"20230325115333","is_ascension_mode":true,"campfire_choices":[{"data":"Buffer","floor":6.0,"key":"SMITH"},{"data":"Defragment","floor":15,"key":"SMITH"},{"floor":28,"key":"REST"}],"neow_cost":"NONE","seed_source_timestamp":95696226842200,"circlet_count":0,"master_deck":["AscendersBane","Defend_B","Defend_B","Defend_B","Defend_B","Zap","Dualcast","Sweeping Beam","Coolheaded","Buffer+1","Leap","Coolheaded","Barrage","Compile Driver","Ball Lightning","Defragment+1","Biased Cognition","Core Surge+1","Echo Form+1","Hologram+1","Coolheaded","Loop+1","Defragment","Coolheaded+1"],"special_seed":0,"relics":["Cracked Core","NeowsBlessing","Bloody Idol","Ornamental Fan","Eternal Feather","Pantograph","Vajra","Runic Capacitor","Astrolabe","Thread and Needle","White Beast Statue","Toxic Egg 2"],"potions_floor_usage":[8,24,24,29,29],"damage_taken":[{"damage":0.0,"enemies":"2 Louse","floor":1.0,"turns":1.0},{"damage":0.0,"enemies":"Jaw Worm","floor":5.0,"turns":1.0},{"damage":0.0,"enemies":"3 Sentries","floor":7.0,"turns":1.0},{"damage":18,"enemies":"3 Sentries","floor":8,"turns":10},{"damage":28,"enemies":"Lagavulin","floor":10,"turns":12},{"damage":0,"enemies":"Cultist","floor":12,"turns":4},{"damage":1,"enemies":"Slime Boss","floor":16,"turns":9},{"damage":35,"enemies":"3 Byrds","floor":18,"turns":6},{"damage":0,"enemies":"Spheric Guardian","floor":23,"turns":5},{"damage":40,"enemies":"Slavers","floor":24,"turns":6},{"damage":14,"enemies":"Centurion and Healer","floor":27,"turns":8},{"damage":39,"enemies":"Gremlin Leader","floor":29,"turns":3}],"seed_played":"-6677347116976168504","potions_obtained":[{"floor":1.0,"key":"Energy Potion"},{"floor":8,"key":"Ancient Potion"},{"floor":12,"key":"Swift Potion"},{"floor":18,"key":"CultistPotion"},{"floor":24,"key":"CultistPotion"},{"floor":27,"key":"Strength Potion"}],"is_trial":false,"path_per_floor":["M","?","$","?","M","R","E","?","T","E","T","M","?","$","R","B",null,"M","?","?","?","?","M","E","$","T","M","R","E"],"character_chosen":"DEFECT","items_purchased":["Coolheaded","Runic Capacitor","Defragment","Defragment"],"campfire_rested":1,"item_purchase_floors":[3,14,14,25],"current_hp_per_floor":[64,64,64,64,64,64,64,46,46,18,18,18,18,18,27,51,66,31,45,45,45,45,50,15,15,15,6,39,0],"gold":43,"neow_bonus":"THREE_ENEMY_KILL","is_prod":false,"is_daily":false,"chose_seed":false,"campfire_upgraded":2,"win_rate":0,"timestamp":1679741613,"path_taken":["M","?","$","?","M","R","E","?","T","E","?","?","?","$","R","BOSS","M","?","?","?","?","M","E","?","T","M","R","E"],"build_version":"2022-12-18","purchased_purges":2,"victory":false,"max_hp_per_floor":[71,71,71,71,71,71,71,71,71,71,71,71,71,71,71,71,71,71,71,71,71,71,71,71,71,71,71,71,71],"card_choices":[{"not_picked":["Steam Power","Hologram"],"picked":"Sweeping Beam","floor":1.0},{"not_picked":["Rebound","Scrape"],"picked":"Leap","floor":5.0},{"not_picked":["All For One","Beam Cell"],"picked":"Coolheaded","floor":7},{"not_picked":["Chill","Hello World"],"picked":"Barrage","floor":8},{"not_picked":["Streamline","Conserve Battery"],"picked":"Compile Driver","floor":10},{"not_picked":["FTL","Steam"],"picked":"Ball Lightning","floor":12},{"not_picked":["Fission","Meteor Strike"],"picked":"Biased Cognition","floor":16},{"not_picked":["Streamline","Blizzard"],"picked":"Coolheaded","floor":18},{"not_picked":["Compile Driver","BootSequence","Rebound"],"picked":"SKIP","floor":23},{"not_picked":["Conserve Battery","Cold Snap+1"],"picked":"Loop+1","floor":24},{"not_picked":["Hologram+1","Gash"],"picked":"Coolheaded+1","floor":27}],"player_experience":2259439,"relics_obtained":[{"floor":7,"key":"Ornamental Fan"},{"floor":9,"key":"Pantograph"},{"floor":10,"key":"Vajra"},{"floor":24,"key":"White Beast Statue"},{"floor":26,"key":"Toxic Egg 2"}],"event_choices":[{"damage_healed":0.0,"max_hp_gain":0.0,"max_hp_loss":0.0,"gold_gain":0.0,"event_name":"Golden Idol","player_choice":"Take Wound","floor":2.0,"gold_loss":0.0,"damage_taken":0.0,"relics_obtained":["Golden Idol"],"cards_obtained":["Injury"]},{"damage_healed":0.0,"max_hp_gain":0.0,"max_hp_loss":0.0,"gold_gain":0.0,"cards_transformed":["Strike_B"],"event_name":"Living Wall","player_choice":"Change","floor":4.0,"gold_loss":0.0,"damage_taken":0.0,"cards_obtained":["Buffer"]},{"damage_healed":0,"gold_gain":30,"player_choice":"Searched \u00273\u0027 times","damage_taken":0,"relics_obtained":["Eternal Feather"],"max_hp_gain":0,"max_hp_loss":0,"event_name":"Dead Adventurer","floor":8,"gold_loss":0},{"damage_healed":0,"gold_gain":150,"player_choice":"AGREE","damage_taken":0,"max_hp_gain":0,"max_hp_loss":0,"event_name":"Liars Game","floor":13,"gold_loss":0,"cards_obtained":["Doubt"]},{"damage_healed":14,"gold_gain":0,"player_choice":"Heal","damage_taken":0,"max_hp_gain":0,"max_hp_loss":0,"event_name":"The Library","floor":19,"gold_loss":0},{"damage_healed":0,"gold_gain":0,"player_choice":"Ignored","damage_taken":0,"max_hp_gain":0,"max_hp_loss":0,"event_name":"Ghosts","floor":20,"gold_loss":0},{"damage_healed":0,"gold_gain":0,"player_choice":"Obtained Relic","damage_taken":0,"relics_obtained":["Thread and Needle"],"max_hp_gain":0,"max_hp_loss":0,"event_name":"Addict","floor":21,"gold_loss":85},{"damage_healed":0,"gold_gain":0,"player_choice":"Gave Idol","damage_taken":0,"relics_obtained":["Bloody Idol"],"max_hp_gain":0,"max_hp_loss":0,"event_name":"Forgotten Altar","floor":22,"relics_lost":["Golden Idol"],"gold_loss":0}],"is_beta":false,"boss_relics":[{"not_picked":["Empty Cage","Sozu"],"picked":"Astrolabe"}],"items_purged_floors":[3,14],"is_endless":false,"potions_floor_spawned":[1,8,12,18,24,27],"killed_by":"Gremlin Leader","ascension_level":20}