{"gold_per_floor":[109,109,22,22,22,53,27,50,73,73,116,116,151,170,170,170],"floor_reached":16,"playtime":294,"items_purged":[],"score":282,"play_id":"cd894a42-f0f8-4341-ba38-efdd8b70f4b6","local_time":"20230403215041","is_ascension_mode":true,"campfire_choices":[{"data":"Defragment","floor":10,"key":"SMITH"},{"floor":12,"key":"REST"},{"floor":15,"key":"REST"}],"neow_cost":"NONE","seed_source_timestamp":906170183551000,"circlet_count":0,"master_deck":["AscendersBane","Strike_B","Strike_B","Strike_B+1","Strike_B","Defend_B","Defend_B","Defend_B","Defend_B","Zap+1","Dualcast","Defragment+1","Creative AI","Barrage","Go for the Eyes","Ball Lightning","Compile Driver","White Noise","BootSequence"],"relics":["Cracked Core","NeowsBlessing","Golden Idol","Vajra","Regal Pillow","Shuriken","Potion Belt"],"potions_floor_usage":[11,13,16],"damage_taken":[{"damage":0,"enemies":"2 Louse","floor":1,"turns":1},{"damage":0,"enemies":"3 Sentries","floor":6,"turns":1},{"damage":0,"enemies":"Jaw Worm","floor":8,"turns":1},{"damage":26,"enemies":"Gremlin Nob","floor":11,"turns":4},{"damage":25,"enemies":"3 Sentries","floor":13,"turns":5},{"damage":19,"enemies":"Small Slimes","floor":14,"turns":3},{"damage":44,"enemies":"The Guardian","floor":16,"turns":8}],"seed_played":"-8011888923280028130","potions_obtained":[{"floor":6,"key":"Swift Potion"},{"floor":11,"key":"PowerPotion"},{"floor":14,"key":"BlessingOfTheForge"}],"is_trial":false,"path_per_floor":["M","?","$","?","$","E","$","M","T","R","E","R","E","M","R","B"],"character_chosen":"DEFECT","items_purchased":["Creative AI","Go for the Eyes"],"campfire_rested":2,"item_purchase_floors":[3,7],"current_hp_per_floor":[64,43,43,43,43,43,43,43,43,43,17,51,26,7,41,0],"gold":170,"neow_bonus":"THREE_ENEMY_KILL","is_prod":false,"is_daily":false,"chose_seed":false,"campfire_upgraded":1,"win_rate":0,"timestamp":1680551441,"path_taken":["M","?","$","?","$","E","?","?","T","R","E","R","E","M","R","BOSS"],"build_version":"2022-12-18","purchased_purges":0,"victory":false,"max_hp_per_floor":[71,71,71,64,64,64,64,64,64,64,64,64,64,64,64,64],"card_choices":[{"not_picked":["Coolheaded","Reprogram"],"picked":"Defragment","floor":1},{"not_picked":["BootSequence","Steam Power"],"picked":"Barrage","floor":6},{"not_picked":["BootSequence","Chill"],"picked":"Ball Lightning","floor":8},{"not_picked":["Loop","Hello World"],"picked":"Compile Driver","floor":11},{"not_picked":["Stack","Barrage"],"picked":"White Noise","floor":13},{"not_picked":["Steam","Streamline"],"picked":"BootSequence","floor":14}],"player_experience":2317815,"relics_obtained":[{"floor":6,"key":"Vajra"},{"floor":9,"key":"Regal Pillow"},{"floor":11,"key":"Shuriken"},{"floor":13,"key":"Potion Belt"}],"event_choices":[{"damage_healed":0,"gold_gain":0,"player_choice":"Entered Light","damage_taken":21,"max_hp_gain":0,"max_hp_loss":0,"event_name":"Shining Light","floor":2,"gold_loss":0,"cards_upgraded":["Zap","Strike_B"]},{"damage_healed":0,"gold_gain":0,"player_choice":"Lose Max HP","damage_taken":0,"relics_obtained":["Golden Idol"],"max_hp_gain":0,"max_hp_loss":7,"event_name":"Golden Idol","floor":4,"gold_loss":0}],"is_beta":false,"boss_relics":[],"items_purged_floors":[],"is_endless":false,"potions_floor_spawned":[6,11,14],"killed_by":"The Guardian","ascension_level":20}