{"gold_per_floor":[112,122,122,45,45,45,76,76,157,183,203,236,258,302,314,403,415,446,483,495,527,130,159,159],"floor_reached":24,"playtime":722,"items_purged":["Strike_B"],"score":559,"play_id":"bb0513cb-be3d-4513-9df8-4b77bee1074d","local_time":"20230407135347","is_ascension_mode":true,"campfire_choices":[{"data":"Zap","floor":6,"key":"SMITH"},{"data":"Rainbow","floor":8,"key":"SMITH"},{"data":"Buffer","floor":15,"key":"SMITH"}],"neow_cost":"NONE","seed_source_timestamp":1222735598425000,"circlet_count":0,"master_deck":["AscendersBane","Strike_B","Strike_B","Defend_B","Defend_B","Defend_B","Defend_B","Zap+1","Dualcast","Chill","Darkness","Rainbow+1","Defragment+1","Blizzard","BootSequence","Compile Driver","Loop","Buffer+1","Core Surge+1","CurseOfTheBell","Barrage+1","Turbo","Defragment+1","Blizzard+1","Echo Form","Reboot"],"relics":["Cracked Core","NeowsBlessing","Mango","Pear","PreservedInsect","MawBank","Molten Egg 2","Calling Bell","Centennial Puzzle","Question Card","Girya","Red Mask","Runic Capacitor","Mercury Hourglass"],"potions_floor_usage":[12,18,19],"damage_taken":[{"damage":0,"enemies":"Small Slimes","floor":1,"turns":1},{"damage":0,"enemies":"Cultist","floor":2,"turns":1},{"damage":0,"enemies":"3 Sentries","floor":7,"turns":1},{"damage":23,"enemies":"Lagavulin","floor":10,"turns":5},{"damage":0,"enemies":"2 Louse","floor":11,"turns":3},{"damage":4,"enemies":"Gremlin Nob","floor":12,"turns":3},{"damage":6,"enemies":"Exordium Thugs","floor":13,"turns":4},{"damage":15,"enemies":"Lagavulin","floor":14,"turns":5},{"damage":12,"enemies":"Slime Boss","floor":16,"turns":10},{"damage":9,"enemies":"3 Byrds","floor":18,"turns":6},{"damage":41,"enemies":"Masked Bandits","floor":19,"turns":6},{"damage":5,"enemies":"Spheric Guardian","floor":21,"turns":5},{"damage":12,"enemies":"Slavers","floor":23,"turns":5},{"damage":16,"enemies":"Snake Plant","floor":24,"turns":2}],"seed_played":"-832983894558089368","potions_obtained":[{"floor":1,"key":"SpeedPotion"},{"floor":7,"key":"EssenceOfSteel"},{"floor":11,"key":"Energy Potion"},{"floor":13,"key":"SkillPotion"},{"floor":16,"key":"AttackPotion"}],"is_trial":false,"path_per_floor":["M","M","?","$","?","R","E","R","T","E","M","E","M","E","R","B",null,"M","?","?","M","$","E","M"],"character_chosen":"DEFECT","items_purchased":["Defragment","Runic Capacitor","Echo Form"],"campfire_rested":0,"item_purchase_floors":[4,22,22],"current_hp_per_floor":[64,64,64,64,64,64,78,78,88,65,65,61,55,40,40,28,78,69,28,28,23,23,11,0],"gold":159,"neow_bonus":"THREE_ENEMY_KILL","is_prod":false,"is_daily":false,"chose_seed":false,"campfire_upgraded":3,"win_rate":0,"timestamp":1680868427,"path_taken":["M","M","?","?","?","R","E","R","T","E","?","E","M","E","R","BOSS","M","?","?","M","$","E","?"],"build_version":"2022-12-18","purchased_purges":1,"victory":false,"max_hp_per_floor":[71,71,71,71,71,71,85,85,95,95,95,95,95,95,95,95,95,95,95,95,95,95,95,95],"card_choices":[{"not_picked":["Reprogram","Blizzard"],"picked":"Chill","floor":1},{"not_picked":["Redo","Steam"],"picked":"Darkness","floor":2},{"not_picked":["Conserve Battery","Compile Driver"],"picked":"Blizzard","floor":7},{"not_picked":["Beam Cell","Turbo"],"picked":"BootSequence","floor":10},{"not_picked":["Steam","Leap"],"picked":"Compile Driver","floor":11},{"not_picked":["Storm","Hello World","Sweeping Beam"],"picked":"SKIP","floor":12},{"not_picked":["Rebound","Ball Lightning"],"picked":"Loop","floor":13},{"not_picked":["FTL+1","Go for the Eyes+1"],"picked":"Buffer","floor":14},{"not_picked":["Reboot","Fission"],"picked":"Core Surge+1","floor":16},{"not_picked":["Cold Snap+1","Beam Cell+1","Stack"],"picked":"Barrage+1","floor":18},{"not_picked":["Coolheaded","Steam","Beam Cell+1"],"picked":"Turbo","floor":19},{"not_picked":["Double Energy","Auto Shields","Conserve Battery"],"picked":"Blizzard+1","floor":21},{"not_picked":["Streamline+1","Chill","Turbo"],"picked":"Reboot","floor":23}],"player_experience":2348474,"relics_obtained":[{"floor":7,"key":"Mango"},{"floor":9,"key":"Pear"},{"floor":10,"key":"PreservedInsect"},{"floor":12,"key":"MawBank"},{"floor":14,"key":"Molten Egg 2"},{"floor":17,"key":"Centennial Puzzle"},{"floor":17,"key":"Question Card"},{"floor":17,"key":"Girya"},{"floor":19,"key":"Red Mask"},{"floor":23,"key":"Mercury Hourglass"}],"event_choices":[{"damage_healed":0,"gold_gain":0,"cards_transformed":["Strike_B"],"player_choice":"Transformed","damage_taken":0,"max_hp_gain":0,"max_hp_loss":0,"event_name":"Transmorgrifier","floor":3,"gold_loss":0,"cards_obtained":["Rainbow"]},{"damage_healed":0,"gold_gain":0,"player_choice":"Forge","damage_taken":0,"max_hp_gain":0,"max_hp_loss":0,"event_name":"Accursed Blacksmith","floor":5,"gold_loss":0,"cards_upgraded":["Defragment"]},{"damage_healed":0,"gold_gain":0,"player_choice":"Fought Bandits","damage_taken":0,"max_hp_gain":0,"max_hp_loss":0,"event_name":"Masked Bandits","floor":19,"gold_loss":0},{"damage_healed":0,"gold_gain":0,"player_choice":"Copied","damage_taken":0,"max_hp_gain":0,"max_hp_loss":0,"event_name":"Duplicator","floor":20,"gold_loss":0,"cards_obtained":["Defragment"]}],"is_beta":false,"boss_relics":[{"not_picked":["Runic Dome","Philosopher\u0027s Stone"],"picked":"Calling Bell"}],"items_purged_floors":[22],"is_endless":false,"potions_floor_spawned":[1,7,11,13,16],"killed_by":"Snake Plant","ascension_level":20}