{"gold_per_floor":[99,99,24,24,24,24,24,24,24,24,24,24,24,24],"floor_reached":14,"playtime":361,"items_purged":[],"score":216,"play_id":"efea1ec9-700b-40ab-8bdd-cdd9785a63a0","local_time":"20230404172003","is_ascension_mode":true,"campfire_choices":[{"floor":8,"key":"REST"}],"neow_cost":"NONE","seed_source_timestamp":0,"circlet_count":0,"master_deck":["AscendersBane","Strike_B","Strike_B","Strike_B","Defend_B","Defend_B","Defend_B","Zap","Dualcast","Static Discharge","Cold Snap","Writhe","All For One","Defragment","Doubt","Hologram","Parasite","Go for the Eyes"],"special_seed":0,"relics":["Ectoplasm","Torii","Torii","Torii","Shuriken","Shuriken","Shuriken","Shuriken","Bottled Tornado","Bottled Tornado","Bottled Tornado","Bottled Tornado"],"potions_floor_usage":[6,11],"damage_taken":[{"damage":0,"enemies":"Cultist","floor":1,"turns":3},{"damage":0,"enemies":"2 Louse","floor":2,"turns":3},{"damage":30,"enemies":"3 Sentries","floor":6,"turns":8},{"damage":19,"enemies":"Small Slimes","floor":7,"turns":3},{"damage":9,"enemies":"2 Fungi Beasts","floor":10,"turns":4},{"damage":0,"enemies":"Gremlin Nob","floor":11,"turns":1},{"damage":18,"enemies":"Lagavulin","floor":13,"turns":7},{"damage":11,"enemies":"Gremlin Gang","floor":14,"turns":1}],"seed_played":"-5242299667204373809","potions_obtained":[{"floor":1,"key":"Dexterity Potion"},{"floor":6,"key":"SmokeBomb"},{"floor":13,"key":"SpeedPotion"}],"is_trial":false,"path_per_floor":["M","M","?","?","?","E","M","R","T","M","E","$","E","M"],"character_chosen":"DEFECT","basemod:card_modifiers":[null,null,null,null,null,null,null,null,null,null,null,null,null,null,null,null,null,null],"items_purchased":[],"campfire_rested":1,"item_purchase_floors":[],"current_hp_per_floor":[64,64,64,69,62,32,13,35,35,26,26,26,8,0],"gold":24,"neow_bonus":"BOSS_RELIC","is_prod":false,"is_daily":false,"chose_seed":false,"campfire_upgraded":0,"win_rate":0,"timestamp":1680621603,"path_taken":["M","M","?","?","?","E","M","R","T","M","E","$","E","M"],"build_version":"2022-12-18","purchased_purges":0,"victory":false,"max_hp_per_floor":[71,71,71,76,76,76,76,76,76,76,76,76,76,76],"card_choices":[{"not_picked":["Conserve Battery","Tempest"],"picked":"Static Discharge","floor":1},{"not_picked":["Steam","Heatsinks"],"picked":"Cold Snap","floor":2},{"not_picked":["Recycle","Go for the Eyes"],"picked":"All For One","floor":6},{"not_picked":["Turbo","Storm"],"picked":"Defragment","floor":7},{"not_picked":["Streamline","White Noise"],"picked":"Hologram","floor":10},{"not_picked":["Rebound","Redo"],"picked":"Go for the Eyes","floor":13}],"player_experience":2325727,"relics_obtained":[{"floor":6,"key":"Torii"},{"floor":9,"key":"Shuriken"},{"floor":13,"key":"Bottled Tornado"}],"event_choices":[{"cards_removed":["Strike_B"],"damage_healed":0,"gold_gain":0,"player_choice":"Card Removal","damage_taken":0,"max_hp_gain":0,"max_hp_loss":0,"event_name":"The Cleric","floor":3,"gold_loss":75},{"damage_healed":0,"gold_gain":0,"player_choice":"Donut","damage_taken":0,"max_hp_gain":5,"max_hp_loss":0,"event_name":"Big Fish","floor":4,"gold_loss":0},{"cards_removed":["Defend_B"],"damage_healed":0,"gold_gain":0,"player_choice":"Card Removal","damage_taken":7,"max_hp_gain":0,"max_hp_loss":0,"event_name":"Golden Wing","floor":5,"gold_loss":0}],"is_beta":false,"boss_relics":[],"items_purged_floors":[],"is_endless":false,"potions_floor_spawned":[1,6,13],"killed_by":"Gremlin Gang","ascension_level":20}