{"gold_per_floor":[117,117,42,58,133,167,188,228,228,228,228,246,316,316],"floor_reached":14,"playtime":301,"items_purged":[],"score":246,"play_id":"2e4552c1-9b8a-4e9e-9de5-75c1867c4985","local_time":"20230407010033","is_ascension_mode":true,"campfire_choices":[{"floor":10,"key":"REST"}],"neow_cost":"NONE","seed_source_timestamp":1176761257218100,"circlet_count":0,"master_deck":["AscendersBane","Strike_B","Strike_B","Strike_B","Defend_B","Defend_B","Defend_B","Defend_B","Zap","Dualcast","Barrage","Tempest","Capacitor","Hologram","Cold Snap","Capacitor","Ball Lightning"],"relics":["Cracked Core","NeowsBlessing","Golden Idol","Singing Bowl","Juzu Bracelet","Question Card","Peace Pipe"],"potions_floor_usage":[8,14],"damage_taken":[{"damage":0,"enemies":"Small Slimes","floor":1,"turns":1},{"damage":0,"enemies":"2 Louse","floor":4,"turns":1},{"damage":0,"enemies":"Lagavulin","floor":6,"turns":1},{"damage":7,"enemies":"Jaw Worm","floor":7,"turns":3},{"damage":39,"enemies":"Gremlin Nob","floor":8,"turns":4},{"damage":8,"enemies":"3 Louse","floor":12,"turns":4},{"damage":35,"enemies":"3 Sentries","floor":13,"turns":7},{"damage":4,"enemies":"Lagavulin","floor":14,"turns":4}],"seed_played":"7476704668110399398","potions_obtained":[{"floor":1,"key":"BlessingOfTheForge"},{"floor":12,"key":"Weak Potion"}],"is_trial":false,"path_per_floor":["M","?","?","M","?","E","M","E","T","R","?","M","?","E"],"character_chosen":"DEFECT","items_purchased":[],"campfire_rested":1,"item_purchase_floors":[],"current_hp_per_floor":[64,64,64,64,53,53,46,7,7,26,47,39,4,0],"gold":316,"neow_bonus":"THREE_ENEMY_KILL","is_prod":false,"is_daily":false,"chose_seed":false,"campfire_upgraded":0,"win_rate":0,"timestamp":1680822033,"path_taken":["M","?","?","M","?","E","M","E","T","R","?","M","?","E"],"build_version":"2022-12-18","purchased_purges":0,"victory":false,"max_hp_per_floor":[71,64,64,64,64,64,64,64,64,64,64,64,64,64],"card_choices":[{"not_picked":["Double Energy","Storm"],"picked":"Barrage","floor":1},{"not_picked":["Chaos","Fusion"],"picked":"Tempest","floor":4},{"not_picked":["Conserve Battery","Barrage"],"picked":"Capacitor","floor":6},{"not_picked":["Hyperbeam","BootSequence"],"picked":"Hologram","floor":7},{"not_picked":["Stack","Leap"],"picked":"Cold Snap","floor":8},{"not_picked":["Sweeping Beam","Rebound","Lockon"],"picked":"Capacitor","floor":12},{"not_picked":["Go for the Eyes","Reboot","Coolheaded"],"picked":"Ball Lightning","floor":13}],"player_experience":2346145,"relics_obtained":[{"floor":6,"key":"Singing Bowl"},{"floor":8,"key":"Juzu Bracelet"},{"floor":9,"key":"Question Card"},{"floor":13,"key":"Peace Pipe"}],"event_choices":[{"damage_healed":0,"gold_gain":0,"player_choice":"Lose Max HP","damage_taken":0,"relics_obtained":["Golden Idol"],"max_hp_gain":0,"max_hp_loss":7,"event_name":"Golden Idol","floor":2,"gold_loss":0},{"cards_removed":["Strike_B"],"damage_healed":0,"gold_gain":0,"player_choice":"Card Removal","damage_taken":0,"max_hp_gain":0,"max_hp_loss":0,"event_name":"The Cleric","floor":3,"gold_loss":75},{"damage_healed":0,"gold_gain":75,"player_choice":"Gather Gold","damage_taken":11,"max_hp_gain":0,"max_hp_loss":0,"event_name":"World of Goop","floor":5,"gold_loss":0},{"damage_healed":21,"gold_gain":0,"player_choice":"Banana","damage_taken":0,"max_hp_gain":0,"max_hp_loss":0,"event_name":"Big Fish","floor":11,"gold_loss":0},{"damage_healed":0,"gold_gain":0,"player_choice":"Searched \u00272\u0027 times","damage_taken":0,"max_hp_gain":0,"max_hp_loss":0,"event_name":"Dead Adventurer","floor":13,"gold_loss":0}],"is_beta":false,"boss_relics":[],"items_purged_floors":[],"is_endless":false,"potions_floor_spawned":[1,12],"killed_by":"Lagavulin","ascension_level":20}