{"gold_per_floor":[116,131,146,161,172,172,201,201,201,201,219,219],"floor_reached":12,"playtime":275,"items_purged":[],"score":164,"play_id":"7c97f1a3-8b11-45b8-aacd-102e1784f57f","local_time":"20230402170855","is_ascension_mode":true,"campfire_choices":[{"data":"Barrage","floor":6,"key":"SMITH"},{"data":"Defragment","floor":8,"key":"SMITH"},{"data":"Barrage","floor":10,"key":"SMITH"}],"neow_cost":"NONE","seed_source_timestamp":802879309896200,"circlet_count":0,"master_deck":["AscendersBane","Strike_B","Strike_B","Strike_B","Strike_B","Defend_B","Defend_B","Defend_B","Defend_B","Zap","Dualcast","Barrage+1","Cold Snap","Ball Lightning","Aggregate","Barrage+1","Defragment+1","Echo Form+1"],"relics":["Cracked Core","NeowsBlessing","Pen Nib","Frozen Egg 2"],"potions_floor_usage":[4],"damage_taken":[{"damage":0,"enemies":"Small Slimes","floor":1,"turns":1},{"damage":0,"enemies":"2 Louse","floor":2,"turns":1},{"damage":0,"enemies":"Cultist","floor":3,"turns":1},{"damage":1,"enemies":"Blue Slaver","floor":4,"turns":2},{"damage":15,"enemies":"Large Slime","floor":5,"turns":6},{"damage":9,"enemies":"3 Sentries","floor":7,"turns":6},{"damage":23,"enemies":"3 Louse","floor":11,"turns":3},{"damage":19,"enemies":"2 Fungi Beasts","floor":12,"turns":2}],"seed_played":"-4112982451119274621","potions_obtained":[{"floor":1,"key":"SteroidPotion"},{"floor":3,"key":"DistilledChaos"},{"floor":5,"key":"CultistPotion"}],"is_trial":false,"path_per_floor":["M","M","M","M","M","R","E","R","T","R","M","M"],"character_chosen":"DEFECT","items_purchased":[],"campfire_rested":0,"item_purchase_floors":[],"current_hp_per_floor":[64,64,64,63,48,48,39,39,39,39,16,0],"gold":219,"neow_bonus":"THREE_ENEMY_KILL","is_prod":false,"is_daily":false,"chose_seed":false,"campfire_upgraded":3,"win_rate":0,"timestamp":1680448135,"path_taken":["M","M","M","M","M","R","E","R","T","R","M","M"],"build_version":"2022-12-18","purchased_purges":0,"victory":false,"max_hp_per_floor":[71,71,71,71,71,71,71,71,71,71,71,71],"card_choices":[{"not_picked":["Force Field","Cold Snap"],"picked":"Barrage","floor":1},{"not_picked":["Barrage","Compile Driver"],"picked":"Cold Snap","floor":2},{"not_picked":["Redo","Beam Cell"],"picked":"Ball Lightning","floor":3},{"not_picked":["Force Field","BootSequence"],"picked":"Aggregate","floor":4},{"not_picked":["Melter","Reinforced Body"],"picked":"Barrage","floor":5},{"not_picked":["Compile Driver","Doom and Gloom"],"picked":"Defragment","floor":7},{"not_picked":["Static Discharge+1","Blizzard"],"picked":"Echo Form+1","floor":11}],"player_experience":2313377,"relics_obtained":[{"floor":7,"key":"Pen Nib"},{"floor":9,"key":"Frozen Egg 2"}],"event_choices":[],"is_beta":false,"boss_relics":[],"items_purged_floors":[],"is_endless":false,"potions_floor_spawned":[1,3,5],"killed_by":"2 Fungi Beasts","ascension_level":20}