{"gold_per_floor":[109,109,109,132,54,92,92,136,136,136,169,190,190,1,1,95,95,68,68,83,8,28,28,67,67,67,98,114,114,114,152,152,152],"floor_reached":33,"playtime":1021,"items_purged":[],"score":688,"play_id":"313a7bf9-0330-4472-a3ca-b7eb0889c28f","local_time":"20230405131301","is_ascension_mode":true,"campfire_choices":[{"floor":10,"key":"REST"},{"data":"Defragment","floor":13,"key":"SMITH"},{"data":"Capacitor","floor":15,"key":"SMITH"},{"floor":23,"key":"REST"},{"floor":25,"key":"REST"},{"floor":29,"key":"REST"},{"floor":32,"key":"REST"}],"neow_cost":"NONE","seed_source_timestamp":1047186741897000,"circlet_count":0,"master_deck":["AscendersBane","Strike_B","Strike_B","Defend_B","Defend_B","Defend_B","Defend_B","Zap","Dualcast","Self Repair","Genetic Algorithm","Capacitor+1","Cold Snap","Ball Lightning+1","Defragment+1","Tempest","Barrage+1","Amplify","Loop","Ball Lightning+1","Chaos","Conserve Battery","Heatsinks","Buffer","Force Field","Lockon+1"],"relics":["Cracked Core","NeowsBlessing","Golden Idol","DataDisk","Molten Egg 2","Art of War","Anchor","Matryoshka","Sling","SlaversCollar","Shuriken","Oddly Smooth Stone","The Courier","Happy Flower","Toxic Egg 2","White Beast Statue","Kunai"],"potions_floor_usage":[11,11,16,18,24,28,33,33],"damage_taken":[{"damage":0,"enemies":"Small Slimes","floor":1,"turns":1},{"damage":0,"enemies":"2 Louse","floor":4,"turns":1},{"damage":0,"enemies":"Lagavulin","floor":6,"turns":1},{"damage":33,"enemies":"3 Sentries","floor":8,"turns":9},{"damage":23,"enemies":"Gremlin Nob","floor":11,"turns":4},{"damage":0,"enemies":"Cultist","floor":12,"turns":2},{"damage":23,"enemies":"Slime Boss","floor":16,"turns":5},{"damage":7,"enemies":"2 Thieves","floor":18,"turns":4},{"damage":15,"enemies":"Chosen","floor":20,"turns":5},{"damage":40,"enemies":"Snecko","floor":22,"turns":6},{"damage":29,"enemies":"Slavers","floor":24,"turns":4},{"damage":9,"enemies":"Gremlin Leader","floor":27,"turns":5},{"damage":21,"enemies":"Sentry and Sphere","floor":28,"turns":6},{"damage":31,"enemies":"Book of Stabbing","floor":31,"turns":5},{"damage":53,"enemies":"Automaton","floor":33,"turns":6}],"seed_played":"-2966901327524000273","potions_obtained":[{"floor":4,"key":"Weak Potion"},{"floor":8,"key":"FocusPotion"},{"floor":11,"key":"EssenceOfDarkness"},{"floor":12,"key":"ColorlessPotion"},{"floor":16,"key":"Block Potion"},{"floor":27,"key":"Block Potion"},{"floor":28,"key":"Swift Potion"},{"floor":31,"key":"EssenceOfDarkness"}],"is_trial":false,"path_per_floor":["M","?","?","M","$","E","T","E","T","R","E","M","R","$","R","B",null,"M","$","M","?","M","R","E","R","T","E","M","R","T","E","R","B"],"character_chosen":"DEFECT","items_purchased":["Capacitor","Barrage+1","Sling"],"campfire_rested":5,"item_purchase_floors":[5,14,14],"current_hp_per_floor":[64,40,40,47,47,54,54,28,28,49,33,33,33,33,33,17,58,58,58,50,50,24,45,23,44,44,42,28,49,49,25,46,0],"gold":152,"neow_bonus":"THREE_ENEMY_KILL","is_prod":false,"is_daily":false,"chose_seed":false,"campfire_upgraded":2,"win_rate":0,"timestamp":1680693181,"path_taken":["M","?","?","?","$","E","?","E","T","R","E","M","R","?","R","BOSS","M","?","M","?","?","R","E","R","T","E","M","R","?","E","R","BOSS"],"build_version":"2022-12-18","purchased_purges":0,"victory":false,"max_hp_per_floor":[71,71,71,71,71,71,71,71,71,71,71,71,71,71,71,71,71,71,71,71,71,71,71,71,71,71,71,71,71,71,71,71,71],"card_choices":[{"not_picked":["Go for the Eyes","Stack"],"picked":"Self Repair","floor":1},{"not_picked":["FTL","Double Energy"],"picked":"Genetic Algorithm","floor":4},{"not_picked":["Skim","BootSequence"],"picked":"Cold Snap","floor":6},{"not_picked":["Undo","Leap"],"picked":"Ball Lightning+1","floor":8},{"not_picked":["Loop","Compile Driver+1"],"picked":"Defragment","floor":11},{"not_picked":["Chaos","Steam"],"picked":"Tempest","floor":12},{"not_picked":["Multi-Cast","Seek"],"picked":"Amplify","floor":16},{"not_picked":["Hello World","Rip and Tear+1"],"picked":"Loop","floor":18},{"not_picked":["Sweeping Beam+1","Leap"],"picked":"Ball Lightning+1","floor":20},{"not_picked":["BootSequence","Hologram"],"picked":"Heatsinks","floor":22},{"not_picked":["Go for the Eyes+1","Ball Lightning+1"],"picked":"Buffer","floor":24},{"not_picked":["Steam","Melter+1"],"picked":"Force Field","floor":27},{"not_picked":["Go for the Eyes+1","Streamline+1","Redo"],"picked":"SKIP","floor":28},{"not_picked":["Sweeping Beam+1","Gash+1"],"picked":"Lockon+1","floor":31}],"player_experience":2336277,"relics_obtained":[{"floor":6,"key":"DataDisk"},{"floor":7,"key":"Molten Egg 2"},{"floor":8,"key":"Art of War"},{"floor":9,"key":"Anchor"},{"floor":11,"key":"Matryoshka"},{"floor":24,"key":"Shuriken"},{"floor":26,"key":"Oddly Smooth Stone"},{"floor":26,"key":"The Courier"},{"floor":27,"key":"Happy Flower"},{"floor":30,"key":"Toxic Egg 2"},{"floor":30,"key":"White Beast Statue"},{"floor":31,"key":"Kunai"}],"event_choices":[{"damage_healed":0,"gold_gain":0,"player_choice":"Take Damage","damage_taken":24,"relics_obtained":["Golden Idol"],"max_hp_gain":0,"max_hp_loss":0,"event_name":"Golden Idol","floor":2,"gold_loss":0},{"damage_healed":0,"gold_gain":0,"player_choice":"0 cards matched","damage_taken":0,"max_hp_gain":0,"max_hp_loss":0,"event_name":"Match and Keep!","floor":3,"gold_loss":0,"cards_obtained":[]},{"damage_healed":0,"gold_gain":0,"cards_transformed":["Strike_B","Strike_B"],"player_choice":"Transformed Cards","damage_taken":0,"max_hp_gain":0,"max_hp_loss":0,"event_name":"Designer","floor":21,"gold_loss":75,"cards_obtained":["Chaos","Conserve Battery"]}],"is_beta":false,"boss_relics":[{"not_picked":["Runic Dome","Snecko Eye"],"picked":"SlaversCollar"}],"items_purged_floors":[],"is_endless":false,"potions_floor_spawned":[4,8,11,12,16,27,28,31],"killed_by":"Automaton","ascension_level":20}