{"gold_per_floor":[111,122,47,61,87,119,194,194],"floor_reached":8,"playtime":404,"items_purged":[],"score":112,"play_id":"7e195cf5-1bad-498c-a474-dffea74bd65b","local_time":"20230330182637","is_ascension_mode":true,"campfire_choices":[],"neow_cost":"PERCENT_DAMAGE","seed_source_timestamp":548207483907000,"circlet_count":0,"master_deck":["AscendersBane","Strike_B","Strike_B","Strike_B","Strike_B","Defend_B","Defend_B","Defend_B","Zap","Dualcast","All For One","Defragment","Leap","Steam"],"relics":["Cracked Core","Akabeko","Ornamental Fan"],"potions_floor_usage":[6],"damage_taken":[{"damage":5,"enemies":"2 Louse","floor":1,"turns":3},{"damage":7,"enemies":"Jaw Worm","floor":2,"turns":3},{"damage":0,"enemies":"Small Slimes","floor":4,"turns":4},{"damage":12,"enemies":"3 Sentries","floor":6,"turns":9},{"damage":15,"enemies":"Lagavulin","floor":8,"turns":4}],"seed_played":"-8931083296036860856","potions_obtained":[{"floor":4,"key":"ColorlessPotion"}],"is_trial":false,"path_per_floor":["M","M","?","M","T","E","?","E"],"character_chosen":"DEFECT","items_purchased":[],"campfire_rested":0,"item_purchase_floors":[],"current_hp_per_floor":[41,34,34,34,34,22,11,0],"gold":194,"neow_bonus":"THREE_RARE_CARDS","is_prod":false,"is_daily":false,"chose_seed":false,"campfire_upgraded":0,"win_rate":0,"timestamp":1680193597,"path_taken":["M","M","?","M","?","E","?","E"],"build_version":"2022-12-18","purchased_purges":0,"victory":false,"max_hp_per_floor":[71,71,71,71,71,71,71,71],"card_choices":[{"not_picked":["Creative AI","Meteor Strike"],"picked":"All For One","floor":0},{"not_picked":["Leap","Glacier"],"picked":"Defragment","floor":1},{"not_picked":["Auto Shields","Steam Power"],"picked":"Leap","floor":2},{"not_picked":["Rebound","Melter"],"picked":"Steam","floor":4},{"not_picked":["Darkness","White Noise","Hello World"],"picked":"SKIP","floor":6}],"player_experience":2306195,"relics_obtained":[{"floor":5,"key":"Akabeko"},{"floor":6,"key":"Ornamental Fan"}],"event_choices":[{"cards_removed":["Defend_B"],"damage_healed":0,"gold_gain":0,"player_choice":"Card Removal","damage_taken":0,"max_hp_gain":0,"max_hp_loss":0,"event_name":"The Cleric","floor":3,"gold_loss":75},{"damage_healed":0,"gold_gain":75,"player_choice":"Gather Gold","damage_taken":11,"max_hp_gain":0,"max_hp_loss":0,"event_name":"World of Goop","floor":7,"gold_loss":0}],"is_beta":false,"boss_relics":[],"items_purged_floors":[],"is_endless":false,"potions_floor_spawned":[4],"killed_by":"Lagavulin","ascension_level":20}