{"gold_per_floor":[110,260,283,294,309,336,336,362,388,388,398,473,473,493,493,493],"floor_reached":16,"playtime":373,"items_purged":[],"score":220,"play_id":"dc254830-ccc0-42d7-9138-94e21d1dd4b0","local_time":"20230330181940","is_ascension_mode":true,"campfire_choices":[{"floor":7,"key":"REST"},{"floor":10,"key":"REST"},{"data":"The Bomb","floor":13,"key":"SMITH"},{"data":"Chaos","floor":15,"key":"SMITH"}],"neow_cost":"PERCENT_DAMAGE","seed_source_timestamp":547822400346500,"circlet_count":0,"master_deck":["AscendersBane","Strike_B","Strike_B","Strike_B","Strike_B","Defend_B","Defend_B","Defend_B","Defend_B","Zap","Dualcast","The Bomb+1","Ball Lightning","Doubt","Steam","Capacitor","Double Energy","Chaos+1"],"relics":["Cracked Core","Bag of Marbles","Sundial","Singing Bowl","Tiny Chest"],"potions_floor_usage":[6,16],"damage_taken":[{"damage":0,"enemies":"2 Louse","floor":1,"turns":2},{"damage":7,"enemies":"Jaw Worm","floor":4,"turns":2},{"damage":1,"enemies":"Cultist","floor":5,"turns":3},{"damage":8,"enemies":"Gremlin Nob","floor":6,"turns":3},{"damage":35,"enemies":"3 Sentries","floor":8,"turns":5},{"damage":0,"enemies":"Looter","floor":11,"turns":3},{"damage":19,"enemies":"Exordium Wildlife","floor":14,"turns":3},{"damage":11,"enemies":"Hexaghost","floor":16,"turns":7}],"seed_played":"-6045165588075367529","potions_obtained":[{"floor":4,"key":"AttackPotion"},{"floor":5,"key":"EssenceOfSteel"},{"floor":6,"key":"FearPotion"}],"is_trial":false,"path_per_floor":["M","?","T","M","M","E","R","E","T","R","M","?","R","M","R","B"],"character_chosen":"DEFECT","items_purchased":[],"campfire_rested":2,"item_purchase_floors":[],"current_hp_per_floor":[46,46,46,39,38,30,51,18,18,39,39,28,28,11,11,0],"gold":493,"neow_bonus":"RANDOM_COLORLESS_2","is_prod":false,"is_daily":false,"chose_seed":false,"campfire_upgraded":2,"win_rate":0,"timestamp":1680193180,"path_taken":["M","?","?","?","?","E","R","E","T","R","M","?","R","M","R","BOSS"],"build_version":"2022-12-18","purchased_purges":0,"victory":false,"max_hp_per_floor":[71,71,71,71,71,71,71,73,73,73,73,73,73,75,75,75],"card_choices":[{"not_picked":["Chrysalis","Violence"],"picked":"The Bomb","floor":0},{"not_picked":["Streamline","Force Field"],"picked":"Ball Lightning","floor":1},{"not_picked":["White Noise","Rebound"],"picked":"Steam","floor":4},{"not_picked":["Sweeping Beam","Beam Cell"],"picked":"Capacitor","floor":5},{"not_picked":["Streamline","Meteor Strike"],"picked":"Double Energy","floor":6},{"not_picked":["Gash","Rebound","Redo"],"picked":"Singing Bowl","floor":8},{"not_picked":["Gash","FTL"],"picked":"Chaos","floor":11},{"not_picked":["Barrage","Rebound","Ball Lightning"],"picked":"Singing Bowl","floor":14}],"player_experience":2305822,"relics_obtained":[{"floor":3,"key":"Bag of Marbles"},{"floor":6,"key":"Sundial"},{"floor":8,"key":"Singing Bowl"},{"floor":9,"key":"Tiny Chest"}],"event_choices":[{"damage_healed":0,"gold_gain":150,"player_choice":"AGREE","damage_taken":0,"max_hp_gain":0,"max_hp_loss":0,"event_name":"Liars Game","floor":2,"gold_loss":0,"cards_obtained":["Doubt"]},{"damage_healed":0,"gold_gain":75,"player_choice":"Gather Gold","damage_taken":11,"max_hp_gain":0,"max_hp_loss":0,"event_name":"World of Goop","floor":12,"gold_loss":0}],"is_beta":false,"boss_relics":[],"items_purged_floors":[],"is_endless":false,"potions_floor_spawned":[4,5,6,8],"killed_by":"Hexaghost","ascension_level":20}