{"gold_per_floor":[117,117,164,164,164,164,203,216,216,54,54,94,112,36,36,129,129,153,78,78,101,101,141,141,180,180,180,199,215,215,215],"floor_reached":31,"playtime":880,"items_purged":["Defend_B"],"score":683,"play_id":"738a4ddc-cffd-4aec-8e4f-cec318f1c12a","local_time":"20230403225016","is_ascension_mode":true,"campfire_choices":[{"floor":6,"key":"REST"},{"data":"Buffer","floor":11,"key":"SMITH"},{"data":"Fusion","floor":15,"key":"SMITH"},{"floor":24,"key":"REST"},{"floor":27,"key":"REST"}],"neow_cost":"NONE","seed_source_timestamp":909158855262800,"circlet_count":0,"master_deck":["AscendersBane","Defend_B","Defend_B","Defend_B+1","Zap","Dualcast","Ball Lightning","Cold Snap","Buffer+1","Leap","Fusion+1","Lockon","Seek","Barrage","Skim","RitualDagger","Rainbow","Stack","Bite","Bite","Bite","Bite","Bite"],"relics":["Cracked Core","NeowsBlessing","StoneCalendar","Centennial Puzzle","Golden Idol","Torii","Lantern","ClockworkSouvenir","DataDisk","Nuclear Battery","Akabeko","Boot","Symbiotic Virus"],"potions_floor_usage":[23,29],"damage_taken":[{"damage":0,"enemies":"Cultist","floor":1,"turns":1},{"damage":0,"enemies":"Gremlin Nob","floor":7,"turns":1},{"damage":0,"enemies":"Jaw Worm","floor":8,"turns":1},{"damage":0,"enemies":"Lagavulin","floor":12,"turns":7},{"damage":0,"enemies":"2 Louse","floor":13,"turns":2},{"damage":3,"enemies":"The Guardian","floor":16,"turns":11},{"damage":0,"enemies":"Spheric Guardian","floor":18,"turns":4},{"damage":18,"enemies":"Shell Parasite","floor":21,"turns":6},{"damage":37,"enemies":"Book of Stabbing","floor":23,"turns":5},{"damage":1,"enemies":"Slavers","floor":25,"turns":5},{"damage":1,"enemies":"Cultist and Chosen","floor":28,"turns":5},{"damage":0,"enemies":"3 Cultists","floor":29,"turns":5},{"damage":58,"enemies":"Gremlin Leader","floor":31,"turns":5}],"seed_played":"5394814216326096779","potions_obtained":[{"floor":12,"key":"Fruit Juice"},{"floor":23,"key":"SteroidPotion"},{"floor":28,"key":"DuplicationPotion"}],"is_trial":false,"path_per_floor":["M","T","T","?","?","R","E","M","T","$","R","E","M","$","R","B",null,"M","$","?","M","?","E","R","E","T","R","M","M","?","E"],"character_chosen":"DEFECT","items_purchased":["ClockworkSouvenir","Lockon"],"campfire_rested":3,"item_purchase_floors":[10,14],"current_hp_per_floor":[64,64,64,43,19,40,40,40,40,40,40,40,40,40,40,37,63,63,63,63,45,39,7,29,28,28,50,49,49,49,0],"gold":215,"neow_bonus":"THREE_ENEMY_KILL","is_prod":false,"is_daily":false,"chose_seed":false,"campfire_upgraded":2,"win_rate":0,"timestamp":1680555016,"path_taken":["M","?","?","?","?","R","E","M","T","$","R","E","M","?","R","BOSS","M","$","?","M","?","E","R","E","T","R","M","M","?","E"],"build_version":"2022-12-18","purchased_purges":1,"victory":false,"max_hp_per_floor":[71,71,71,71,71,71,71,71,71,71,71,71,71,71,71,71,71,71,71,71,71,71,76,76,76,76,76,76,76,53,53],"card_choices":[{"not_picked":["Steam","Consume"],"picked":"Ball Lightning","floor":1},{"not_picked":["Darkness","Compile Driver"],"picked":"Cold Snap","floor":7},{"not_picked":["Turbo","Stack"],"picked":"Buffer","floor":8},{"not_picked":["Cold Snap","Steam"],"picked":"Leap","floor":12},{"not_picked":["Hologram","Streamline"],"picked":"Fusion","floor":13},{"not_picked":["All For One","Fission"],"picked":"Seek","floor":16},{"not_picked":["Go for the Eyes","Scrape"],"picked":"Barrage","floor":18},{"not_picked":["Cold Snap","Turbo"],"picked":"Skim","floor":21},{"not_picked":["Reprogram","Multi-Cast"],"picked":"Rainbow","floor":23},{"not_picked":["Ball Lightning","Streamline","Barrage"],"picked":"SKIP","floor":25},{"not_picked":["Sweeping Beam","Leap","Streamline"],"picked":"SKIP","floor":28},{"not_picked":["Barrage","Streamline"],"picked":"Stack","floor":29}],"player_experience":2320624,"relics_obtained":[{"floor":2,"key":"StoneCalendar"},{"floor":3,"key":"Centennial Puzzle"},{"floor":7,"key":"Torii"},{"floor":9,"key":"Lantern"},{"floor":12,"key":"DataDisk"},{"floor":23,"key":"Akabeko"},{"floor":25,"key":"Boot"},{"floor":26,"key":"Symbiotic Virus"}],"event_choices":[{"damage_healed":0,"gold_gain":0,"player_choice":"Entered Light","damage_taken":21,"max_hp_gain":0,"max_hp_loss":0,"event_name":"Shining Light","floor":4,"gold_loss":0,"cards_upgraded":["Strike_B","Defend_B"]},{"damage_healed":0,"gold_gain":0,"player_choice":"Take Damage","damage_taken":24,"relics_obtained":["Golden Idol"],"max_hp_gain":0,"max_hp_loss":0,"event_name":"Golden Idol","floor":5,"gold_loss":0},{"damage_healed":0,"gold_gain":0,"player_choice":"Ignored","damage_taken":0,"max_hp_gain":0,"max_hp_loss":0,"event_name":"Cursed Tome","floor":20,"gold_loss":0},{"damage_healed":0,"gold_gain":0,"player_choice":"Joined the Cult","damage_taken":6,"max_hp_gain":0,"max_hp_loss":0,"event_name":"Nest","floor":22,"gold_loss":0,"cards_obtained":["RitualDagger"]},{"damage_healed":0,"gold_gain":0,"player_choice":"Became a vampire","damage_taken":0,"max_hp_gain":0,"max_hp_loss":23,"event_name":"Vampires","floor":30,"gold_loss":0,"cards_obtained":["Bite","Bite","Bite","Bite","Bite"]}],"is_beta":false,"boss_relics":[{"not_picked":["Velvet Choker","Cursed Key"],"picked":"Nuclear Battery"}],"items_purged_floors":[19],"is_endless":false,"potions_floor_spawned":[12,23,28],"killed_by":"Gremlin Leader","ascension_level":20}