{"gold_per_floor":[113,130,205,205,205,205,237,248,248,248,279,295,330,355,355,433,433,448,467,65,93,93,93,121,121,121,134,149,149,166,194,194,194],"floor_reached":33,"playtime":1717,"items_purged":["Defend_B"],"score":606,"play_id":"c794bed3-1056-4fb9-9142-7feb437481e2","local_time":"20230406173837","is_ascension_mode":true,"campfire_choices":[{"data":"Beam Cell","floor":6,"key":"SMITH"},{"floor":10,"key":"DIG"},{"floor":15,"key":"DIG"},{"floor":23,"key":"DIG"},{"floor":25,"key":"DIG"},{"floor":32,"key":"REST"}],"neow_cost":"TEN_PERCENT_HP_LOSS","seed_source_timestamp":1148828356164100,"circlet_count":0,"master_deck":["AscendersBane","Strike_B","Strike_B","Strike_B","Defend_B","Defend_B","Defend_B","Zap+1","Dualcast","Echo Form","Beam Cell+1","Coolheaded","Skim","Conserve Battery","Compile Driver","Darkness","Go for the Eyes","White Noise","Echo Form","Recycle+1","Sunder","Undo+1","Hyperbeam","Shame","Aggregate","Pain","Shame","Tempest+1","Amplify+1"],"relics":["Cracked Core","Gambling Chip","Shovel","Meat on the Bone","Du-Vu Doll","PreservedInsect","Odd Mushroom","White Beast Statue","Cursed Key","DataDisk","Runic Capacitor","Red Mask","Lantern","Bird Faced Urn","Bag of Marbles","Toxic Egg 2","Ancient Tea Set"],"potions_floor_usage":[7,12,12,13,18,21,28,30,33],"damage_taken":[{"damage":7,"enemies":"Small Slimes","floor":1,"turns":3},{"damage":4,"enemies":"2 Louse","floor":2,"turns":3},{"damage":8,"enemies":"Lagavulin","floor":7,"turns":7},{"damage":4,"enemies":"Cultist","floor":8,"turns":3},{"damage":23,"enemies":"3 Sentries","floor":11,"turns":7},{"damage":0,"enemies":"Looter","floor":12,"turns":3},{"damage":8,"enemies":"Gremlin Nob","floor":13,"turns":3},{"damage":6,"enemies":"The Mushroom Lair","floor":14,"turns":5},{"damage":11,"enemies":"The Guardian","floor":16,"turns":9},{"damage":14,"enemies":"3 Byrds","floor":18,"turns":4},{"damage":25,"enemies":"Shell Parasite","floor":19,"turns":5},{"damage":25,"enemies":"Masked Bandits","floor":21,"turns":5},{"damage":12,"enemies":"Gremlin Leader","floor":24,"turns":6},{"damage":0,"enemies":"Shelled Parasite and Fungi","floor":27,"turns":2},{"damage":19,"enemies":"Cultist and Chosen","floor":28,"turns":6},{"damage":3,"enemies":"Centurion and Healer","floor":30,"turns":4},{"damage":24,"enemies":"Book of Stabbing","floor":31,"turns":3},{"damage":65,"enemies":"Collector","floor":33,"turns":7}],"seed_played":"-693979945251106434","potions_obtained":[{"floor":2,"key":"AttackPotion"},{"floor":11,"key":"EntropicBrew"},{"floor":13,"key":"Weak Potion"},{"floor":16,"key":"Block Potion"},{"floor":18,"key":"SpeedPotion"},{"floor":19,"key":"LiquidMemories"},{"floor":21,"key":"Fire Potion"},{"floor":24,"key":"Block Potion"},{"floor":27,"key":"Energy Potion"},{"floor":28,"key":"Ancient Potion"},{"floor":30,"key":"Dexterity Potion"}],"is_trial":false,"path_per_floor":["M","M","?","?","?","R","E","M","T","R","E","M","E","?","R","B",null,"M","M","$","?","?","R","E","R","T","M","M","?","M","E","R","B"],"character_chosen":"DEFECT","items_purchased":["DataDisk","Runic Capacitor"],"campfire_rested":1,"item_purchase_floors":[20,20],"current_hp_per_floor":[57,53,42,42,42,42,34,30,30,30,19,31,35,41,41,42,59,45,32,32,19,19,19,19,19,19,33,32,32,33,25,44,0],"gold":194,"neow_bonus":"THREE_RARE_CARDS","is_prod":false,"is_daily":false,"chose_seed":false,"campfire_upgraded":1,"win_rate":0,"timestamp":1680795517,"path_taken":["M","M","?","?","?","R","E","?","T","R","E","M","E","?","R","BOSS","M","M","$","?","?","R","E","R","T","M","?","?","M","E","R","BOSS"],"build_version":"2022-12-18","purchased_purges":1,"victory":false,"max_hp_per_floor":[64,64,64,64,64,64,64,64,64,64,64,64,64,64,64,64,64,64,64,64,64,64,64,64,64,64,64,64,64,64,64,64,64],"card_choices":[{"not_picked":["Thunder Strike","Rainbow"],"picked":"Echo Form","floor":0},{"not_picked":["Blizzard","Hologram"],"picked":"Beam Cell","floor":1},{"not_picked":["Stack","Rebound"],"picked":"Coolheaded","floor":2},{"not_picked":["Auto Shields","Steam Power"],"picked":"Conserve Battery","floor":7},{"not_picked":["Steam","Leap"],"picked":"Compile Driver","floor":8},{"not_picked":["Redo","Glacier"],"picked":"Darkness","floor":11},{"not_picked":["Heatsinks","Compile Driver"],"picked":"Go for the Eyes","floor":12},{"not_picked":["Thunder Strike","Leap"],"picked":"White Noise","floor":13},{"not_picked":["Fission","Buffer"],"picked":"Echo Form","floor":16},{"not_picked":["Gash","Go for the Eyes"],"picked":"Recycle+1","floor":18},{"not_picked":["Stack","Heatsinks"],"picked":"Sunder","floor":19},{"not_picked":["Conserve Battery","Beam Cell"],"picked":"Undo+1","floor":21},{"not_picked":["BootSequence+1","Chaos"],"picked":"Aggregate","floor":24},{"not_picked":["Go for the Eyes","Capacitor","BootSequence"],"picked":"SKIP","floor":27},{"not_picked":["Coolheaded","Conserve Battery","Steam"],"picked":"SKIP","floor":28},{"not_picked":["Lockon","BootSequence+1"],"picked":"Tempest+1","floor":30},{"not_picked":["Hologram+1","Double Energy+1"],"picked":"Amplify+1","floor":31}],"player_experience":2338354,"relics_obtained":[{"floor":7,"key":"Gambling Chip"},{"floor":9,"key":"Shovel"},{"floor":10,"key":"Meat on the Bone"},{"floor":11,"key":"Du-Vu Doll"},{"floor":13,"key":"PreservedInsect"},{"floor":14,"key":"Odd Mushroom"},{"floor":15,"key":"White Beast Statue"},{"floor":21,"key":"Red Mask"},{"floor":23,"key":"Lantern"},{"floor":24,"key":"Bird Faced Urn"},{"floor":25,"key":"Bag of Marbles"},{"floor":31,"key":"Ancient Tea Set"}],"event_choices":[{"damage_healed":0,"gold_gain":75,"player_choice":"Gather Gold","damage_taken":11,"max_hp_gain":0,"max_hp_loss":0,"event_name":"World of Goop","floor":3,"gold_loss":0},{"damage_healed":0,"gold_gain":0,"cards_transformed":["Strike_B"],"player_choice":"Change","damage_taken":0,"max_hp_gain":0,"max_hp_loss":0,"event_name":"Living Wall","floor":4,"gold_loss":0,"cards_obtained":["Skim"]},{"damage_healed":0,"gold_gain":0,"player_choice":"Forge","damage_taken":0,"max_hp_gain":0,"max_hp_loss":0,"event_name":"Accursed Blacksmith","floor":5,"gold_loss":0,"cards_upgraded":["Zap"]},{"damage_healed":0,"gold_gain":0,"player_choice":"Fought Mushrooms","damage_taken":0,"max_hp_gain":0,"max_hp_loss":0,"event_name":"Mushrooms","floor":14,"gold_loss":0},{"damage_healed":0,"gold_gain":0,"player_choice":"Fought Bandits","damage_taken":0,"max_hp_gain":0,"max_hp_loss":0,"event_name":"Masked Bandits","floor":21,"gold_loss":0},{"damage_healed":0,"gold_gain":0,"player_choice":"2 cards matched","damage_taken":0,"max_hp_gain":0,"max_hp_loss":0,"event_name":"Match and Keep!","floor":22,"gold_loss":0,"cards_obtained":["Hyperbeam","Shame"]},{"damage_healed":0,"gold_gain":0,"player_choice":"Stole Relic","damage_taken":0,"relics_obtained":["Toxic Egg 2"],"max_hp_gain":0,"max_hp_loss":0,"event_name":"Addict","floor":29,"gold_loss":0,"cards_obtained":["Shame"]}],"is_beta":false,"boss_relics":[{"not_picked":["Velvet Choker","Ectoplasm"],"picked":"Cursed Key"}],"items_purged_floors":[20],"is_endless":false,"potions_floor_spawned":[2,11,13,16,18,19,21,24,27,28,30,31],"killed_by":"Collector","ascension_level":20}