{"gold_per_floor":[115,135,135,2,2,37,37,75,75,75,113,134,134,155,155,155],"floor_reached":16,"playtime":439,"items_purged":["Injury"],"score":236,"play_id":"1408ab3b-9049-4842-a347-0ec0f3b8b8f8","local_time":"20230407140118","is_ascension_mode":true,"campfire_choices":[{"floor":7,"key":"REST"},{"floor":10,"key":"REST"},{"floor":13,"key":"REST"},{"data":"Consume","floor":15,"key":"SMITH"}],"neow_cost":"NONE","seed_source_timestamp":1223469873049500,"circlet_count":0,"master_deck":["AscendersBane","Strike_B","Strike_B","Strike_B","Strike_B","Defend_B","Defend_B","Defend_B","Defend_B","Zap","Dualcast","Sunder","Cold Snap","Sweeping Beam","Doom and Gloom","Compile Driver","Decay","Consume+1","Conserve Battery","Undo"],"relics":["Cursed Key","Golden Idol","Mummified Hand","Ancient Tea Set","Juzu Bracelet"],"potions_floor_usage":[11,14,16,16],"damage_taken":[{"damage":15,"enemies":"Small Slimes","floor":1,"turns":4},{"damage":4,"enemies":"Jaw Worm","floor":2,"turns":4},{"damage":43,"enemies":"3 Sentries","floor":6,"turns":7},{"damage":16,"enemies":"Lagavulin","floor":8,"turns":7},{"damage":12,"enemies":"3 Sentries","floor":11,"turns":5},{"damage":9,"enemies":"2 Louse","floor":12,"turns":2},{"damage":18,"enemies":"Gremlin Gang","floor":14,"turns":4},{"damage":14,"enemies":"Hexaghost","floor":16,"turns":9}],"seed_played":"5967043710608069900","potions_obtained":[{"floor":6,"key":"EssenceOfSteel"},{"floor":8,"key":"Explosive Potion"},{"floor":12,"key":"Fire Potion"},{"floor":14,"key":"PowerPotion"}],"is_trial":false,"path_per_floor":["M","M","?","$","?","E","R","E","T","R","E","M","R","M","R","B"],"character_chosen":"DEFECT","items_purchased":["Sweeping Beam"],"campfire_rested":3,"item_purchase_floors":[4],"current_hp_per_floor":[49,45,45,45,45,2,23,7,7,28,16,7,28,10,10,0],"gold":155,"neow_bonus":"BOSS_RELIC","is_prod":false,"is_daily":false,"chose_seed":false,"campfire_upgraded":1,"win_rate":0,"timestamp":1680868878,"path_taken":["M","M","?","$","?","E","R","E","T","R","E","M","R","M","R","BOSS"],"build_version":"2022-12-18","purchased_purges":1,"victory":false,"max_hp_per_floor":[71,71,71,71,71,71,71,71,71,71,71,71,71,71,71,71],"card_choices":[{"not_picked":["Redo","Rip and Tear"],"picked":"Sunder","floor":1},{"not_picked":["Streamline","Steam"],"picked":"Cold Snap","floor":2},{"not_picked":["Force Field","Turbo"],"picked":"Doom and Gloom","floor":6},{"not_picked":["Stack","Reinforced Body"],"picked":"Compile Driver","floor":8},{"not_picked":["Conserve Battery","Force Field"],"picked":"Consume","floor":11},{"not_picked":["Hologram","Leap"],"picked":"Conserve Battery","floor":12},{"not_picked":["Streamline","Rebound"],"picked":"Undo","floor":14}],"player_experience":2349196,"relics_obtained":[{"floor":6,"key":"Mummified Hand"},{"floor":8,"key":"Ancient Tea Set"},{"floor":9,"key":"Juzu Bracelet"}],"event_choices":[{"damage_healed":0,"gold_gain":0,"player_choice":"Take Wound","damage_taken":0,"relics_obtained":["Golden Idol"],"max_hp_gain":0,"max_hp_loss":0,"event_name":"Golden Idol","floor":3,"gold_loss":0,"cards_obtained":["Injury"]},{"damage_healed":0,"gold_gain":0,"player_choice":"Ignored","damage_taken":0,"max_hp_gain":0,"max_hp_loss":0,"event_name":"Liars Game","floor":5,"gold_loss":0}],"is_beta":false,"boss_relics":[],"items_purged_floors":[4],"is_endless":false,"potions_floor_spawned":[6,8,12,14],"killed_by":"Hexaghost","ascension_level":20}