{"gold_per_floor":[114,39,39,57,71,71,98,117,117,117,117,40,67,87,87,164,164,181,24,24,44,44,44],"floor_reached":23,"playtime":660,"items_purged":[],"score":402,"play_id":"01b149c7-8e83-4a6e-add8-9ab6a7413703","local_time":"20230403220156","is_ascension_mode":true,"campfire_choices":[{"data":"Sunder","floor":6,"key":"SMITH"},{"floor":11,"key":"REST"},{"data":"Capacitor","floor":15,"key":"SMITH"}],"neow_cost":"NONE","seed_source_timestamp":906478584285200,"circlet_count":0,"master_deck":["AscendersBane","Strike_B","Strike_B","Strike_B","Defend_B","Defend_B","Defend_B","Zap","Dualcast","Streamline","Sunder+1","Conserve Battery","Storm","Meteor Strike","Chaos+1","Capacitor+1","Loop","Fission","Reinforced Body","Multi-Cast","Coolheaded"],"relics":["Nuclear Battery","Gambling Chip","Ice Cream","Unceasing Top","Runic Dome","Runic Capacitor"],"potions_floor_usage":[14,18,21,22],"damage_taken":[{"damage":9,"enemies":"Jaw Worm","floor":1,"turns":4},{"damage":16,"enemies":"Small Slimes","floor":4,"turns":3},{"damage":0,"enemies":"Cultist","floor":5,"turns":2},{"damage":25,"enemies":"3 Sentries","floor":7,"turns":7},{"damage":6,"enemies":"Blue Slaver","floor":8,"turns":3},{"damage":4,"enemies":"Gremlin Nob","floor":13,"turns":3},{"damage":2,"enemies":"Red Slaver","floor":14,"turns":3},{"damage":7,"enemies":"The Guardian","floor":16,"turns":6},{"damage":33,"enemies":"2 Thieves","floor":18,"turns":3},{"damage":7,"enemies":"3 Byrds","floor":21,"turns":6},{"damage":0,"enemies":"3 Cultists","floor":22,"turns":1},{"damage":18,"enemies":"Slavers","floor":23,"turns":3}],"seed_played":"-4761405095304263148","potions_obtained":[{"floor":7,"key":"Block Potion"},{"floor":13,"key":"DuplicationPotion"},{"floor":16,"key":"BlessingOfTheForge"},{"floor":18,"key":"SmokeBomb"}],"is_trial":false,"path_per_floor":["M","?","?","M","M","R","E","M","T","?","R","$","E","M","R","B",null,"M","$","?","M","M","E"],"character_chosen":"DEFECT","items_purchased":["Capacitor","Runic Capacitor"],"campfire_rested":1,"item_purchase_floors":[12,19],"current_hp_per_floor":[55,55,55,39,39,39,14,8,8,8,29,29,25,23,23,16,57,24,24,24,17,17,0],"gold":44,"neow_bonus":"BOSS_RELIC","is_prod":false,"is_daily":false,"chose_seed":false,"campfire_upgraded":2,"win_rate":0,"timestamp":1680552116,"path_taken":["M","?","?","?","M","R","E","M","T","?","R","$","E","M","R","BOSS","M","$","?","?","M","E"],"build_version":"2022-12-18","purchased_purges":0,"victory":false,"max_hp_per_floor":[71,71,71,71,71,71,71,71,71,71,71,71,71,71,71,71,71,71,71,71,71,71,71],"card_choices":[{"not_picked":["Ball Lightning","Stack"],"picked":"Streamline","floor":1},{"not_picked":["Go for the Eyes","Consume"],"picked":"Conserve Battery","floor":4},{"not_picked":["Compile Driver","Steam Power"],"picked":"Storm","floor":5},{"not_picked":["Scrape","Steam"],"picked":"Meteor Strike","floor":7},{"not_picked":["Heatsinks","Barrage"],"picked":"Chaos","floor":8},{"not_picked":["Gash","Storm"],"picked":"Loop","floor":13},{"not_picked":["Rebound","Gash","Heatsinks"],"picked":"SKIP","floor":14},{"not_picked":["All For One","Reboot"],"picked":"Fission","floor":16},{"not_picked":["Lockon","Rebound"],"picked":"Reinforced Body","floor":18},{"not_picked":["Leap","Reinforced Body"],"picked":"Coolheaded","floor":21}],"player_experience":2318109,"relics_obtained":[{"floor":7,"key":"Gambling Chip"},{"floor":9,"key":"Ice Cream"},{"floor":13,"key":"Unceasing Top"}],"event_choices":[{"cards_removed":["Strike_B"],"damage_healed":0,"gold_gain":0,"player_choice":"Card Removal","damage_taken":0,"max_hp_gain":0,"max_hp_loss":0,"event_name":"The Cleric","floor":2,"gold_loss":75},{"damage_healed":0,"gold_gain":0,"cards_transformed":["Defend_B"],"player_choice":"Transformed","damage_taken":0,"max_hp_gain":0,"max_hp_loss":0,"event_name":"Transmorgrifier","floor":3,"gold_loss":0,"cards_obtained":["Sunder"]},{"damage_healed":0,"gold_gain":0,"player_choice":"Upgraded","damage_taken":0,"max_hp_gain":0,"max_hp_loss":0,"event_name":"Upgrade Shrine","floor":10,"gold_loss":0,"cards_upgraded":["Chaos"]},{"damage_healed":0,"gold_gain":0,"player_choice":"1 cards matched","damage_taken":0,"max_hp_gain":0,"max_hp_loss":0,"event_name":"Match and Keep!","floor":20,"gold_loss":0,"cards_obtained":["Multi-Cast"]}],"is_beta":false,"boss_relics":[{"not_picked":["Fusion Hammer","Calling Bell"],"picked":"Runic Dome"}],"items_purged_floors":[],"is_endless":false,"potions_floor_spawned":[7,13,16,18],"killed_by":"Slavers","ascension_level":20}