{"gold_per_floor":[110,260,260,278,278,278,34,60,107,131,43,77,77,106,106,106],"floor_reached":16,"playtime":289,"items_purged":["Defend_B"],"score":278,"play_id":"6fbc9c5c-7a5e-4e9e-aeb8-666f85e2ae1a","local_time":"20230407010548","is_ascension_mode":true,"campfire_choices":[{"data":"Static Discharge","floor":6,"key":"SMITH"},{"floor":15,"key":"REST"}],"neow_cost":"NONE","seed_source_timestamp":1177088764152900,"circlet_count":0,"master_deck":["AscendersBane","Strike_B","Strike_B","Strike_B","Defend_B","Defend_B","Defend_B","Zap","Dualcast","Sweeping Beam","Static Discharge+1","Barrage","Capacitor","Capacitor","Steam","White Noise"],"relics":["Cracked Core","NeowsBlessing","Eternal Feather","Vajra","Lantern","Juzu Bracelet","Odd Mushroom","Bronze Scales","Art of War"],"potions_floor_usage":[10,14],"damage_taken":[{"damage":0,"enemies":"Jaw Worm","floor":1,"turns":1},{"damage":0,"enemies":"2 Louse","floor":4,"turns":1},{"damage":0,"enemies":"Gremlin Nob","floor":8,"turns":1},{"damage":1,"enemies":"The Mushroom Lair","floor":10,"turns":3},{"damage":25,"enemies":"Lagavulin","floor":12,"turns":6},{"damage":8,"enemies":"Gremlin Nob","floor":14,"turns":3},{"damage":56,"enemies":"The Guardian","floor":16,"turns":8}],"seed_played":"4690978434555801998","potions_obtained":[{"floor":8,"key":"BlessingOfTheForge"},{"floor":12,"key":"Fire Potion"}],"is_trial":false,"path_per_floor":["M","?","?","M","?","R","$","E","T","?","$","E","?","E","R","B"],"character_chosen":"DEFECT","items_purchased":["Vajra","Capacitor"],"campfire_rested":1,"item_purchase_floors":[7,11],"current_hp_per_floor":[64,64,59,59,52,58,58,58,58,57,57,32,32,24,54,0],"gold":106,"neow_bonus":"THREE_ENEMY_KILL","is_prod":false,"is_daily":false,"chose_seed":false,"campfire_upgraded":1,"win_rate":0,"timestamp":1680822348,"path_taken":["M","?","?","M","?","R","$","E","T","?","?","E","?","E","R","BOSS"],"build_version":"2022-12-18","purchased_purges":1,"victory":false,"max_hp_per_floor":[71,71,71,71,71,71,71,71,71,71,71,71,71,71,71,71],"card_choices":[{"not_picked":["Rip and Tear","Chill"],"picked":"Sweeping Beam","floor":1},{"not_picked":["Doom and Gloom","Melter"],"picked":"Static Discharge","floor":4},{"not_picked":["Turbo","Cold Snap"],"picked":"Barrage","floor":8},{"not_picked":["Go for the Eyes","Streamline"],"picked":"Capacitor","floor":10},{"not_picked":["Beam Cell","Hologram"],"picked":"Steam","floor":12},{"not_picked":["Turbo","Self Repair"],"picked":"White Noise","floor":14}],"player_experience":2346453,"relics_obtained":[{"floor":8,"key":"Lantern"},{"floor":9,"key":"Juzu Bracelet"},{"floor":10,"key":"Odd Mushroom"},{"floor":12,"key":"Bronze Scales"},{"floor":14,"key":"Art of War"}],"event_choices":[{"damage_healed":0,"gold_gain":150,"player_choice":"AGREE","damage_taken":0,"max_hp_gain":0,"max_hp_loss":0,"event_name":"Liars Game","floor":2,"gold_loss":0,"cards_obtained":["Doubt"]},{"damage_healed":0,"gold_gain":0,"player_choice":"Success","damage_taken":5,"relics_obtained":["Eternal Feather"],"max_hp_gain":0,"max_hp_loss":0,"event_name":"Scrap Ooze","floor":3,"gold_loss":0},{"cards_removed":["Doubt"],"damage_healed":0,"gold_gain":0,"player_choice":"Card Removal","damage_taken":7,"max_hp_gain":0,"max_hp_loss":0,"event_name":"Golden Wing","floor":5,"gold_loss":0},{"damage_healed":0,"gold_gain":0,"player_choice":"Fought Mushrooms","damage_taken":0,"max_hp_gain":0,"max_hp_loss":0,"event_name":"Mushrooms","floor":10,"gold_loss":0},{"cards_removed":["Strike_B"],"damage_healed":0,"gold_gain":0,"player_choice":"Offered Basic","damage_taken":0,"max_hp_gain":0,"max_hp_loss":0,"event_name":"Bonfire Elementals","floor":13,"gold_loss":0}],"is_beta":false,"boss_relics":[],"items_purged_floors":[7],"is_endless":false,"potions_floor_spawned":[8,12],"killed_by":"The Guardian","ascension_level":20}