{"gold_per_floor":[111,111,123,19,19,52,52,85,110,110,110,110,130,149,149,149],"floor_reached":16,"playtime":480,"items_purged":["Regret"],"score":216,"play_id":"bafc3d7b-f86b-4d7d-85ce-8acd843432f1","local_time":"20230329123138","is_ascension_mode":true,"campfire_choices":[{"floor":7,"key":"REST"},{"floor":12,"key":"REST"},{"data":"Beam Cell","floor":15,"key":"SMITH"}],"neow_cost":"NONE","seed_source_timestamp":440429791158100,"circlet_count":0,"master_deck":["AscendersBane","Strike_B","Strike_B","Strike_B","Strike_B","Defend_B","Defend_B","Defend_B","Defend_B","Zap","Dualcast","All For One","Ball Lightning","Go for the Eyes","Hologram","Gash","Beam Cell+1","Undo","BootSequence"],"relics":["Cracked Core","Nunchaku","Golden Idol","Bird Faced Urn","Bag of Marbles","Happy Flower"],"potions_floor_usage":[16],"damage_taken":[{"damage":0,"enemies":"2 Louse","floor":1,"turns":2},{"damage":14,"enemies":"Jaw Worm","floor":3,"turns":2},{"damage":24,"enemies":"Gremlin Nob","floor":6,"turns":4},{"damage":27,"enemies":"3 Sentries","floor":8,"turns":8},{"damage":0,"enemies":"Small Slimes","floor":13,"turns":3},{"damage":5,"enemies":"3 Louse","floor":14,"turns":4},{"damage":38,"enemies":"Slime Boss","floor":16,"turns":9}],"seed_played":"5994576674326764852","potions_obtained":[{"floor":3,"key":"SpeedPotion"},{"floor":6,"key":"FocusPotion"},{"floor":13,"key":"DistilledChaos"}],"is_trial":false,"path_per_floor":["M","?","M","$","?","E","R","E","T","?","?","R","M","M","R","B"],"character_chosen":"DEFECT","items_purchased":["Hologram"],"campfire_rested":2,"item_purchase_floors":[4],"current_hp_per_floor":[64,64,50,50,50,26,45,18,18,18,18,37,37,32,32,0],"gold":149,"neow_bonus":"ONE_RANDOM_RARE_CARD","is_prod":false,"is_daily":false,"chose_seed":false,"campfire_upgraded":1,"win_rate":0,"timestamp":1680085898,"path_taken":["M","?","M","$","?","E","R","E","T","?","?","R","M","M","R","BOSS"],"build_version":"2022-12-18","purchased_purges":1,"victory":false,"max_hp_per_floor":[71,71,71,71,64,64,64,64,64,64,64,64,64,64,64,64],"card_choices":[{"not_picked":["Leap","Scrape"],"picked":"Ball Lightning","floor":1},{"not_picked":["Rebound","Force Field"],"picked":"Go for the Eyes","floor":3},{"not_picked":["Stack","Conserve Battery"],"picked":"Gash","floor":6},{"not_picked":["Genetic Algorithm","Seek"],"picked":"Beam Cell","floor":8},{"not_picked":["Redo","Defragment"],"picked":"Undo","floor":13},{"not_picked":["Streamline","Capacitor"],"picked":"BootSequence","floor":14}],"player_experience":2296563,"relics_obtained":[{"floor":6,"key":"Bird Faced Urn"},{"floor":8,"key":"Bag of Marbles"},{"floor":9,"key":"Happy Flower"}],"event_choices":[{"damage_healed":0,"gold_gain":0,"player_choice":"Box","damage_taken":0,"relics_obtained":["Nunchaku"],"max_hp_gain":0,"max_hp_loss":0,"event_name":"Big Fish","floor":2,"gold_loss":0,"cards_obtained":["Regret"]},{"damage_healed":0,"gold_gain":0,"player_choice":"Lose Max HP","damage_taken":0,"relics_obtained":["Golden Idol"],"max_hp_gain":0,"max_hp_loss":7,"event_name":"Golden Idol","floor":5,"gold_loss":0},{"damage_healed":0,"gold_gain":0,"player_choice":"Ignored","damage_taken":0,"max_hp_gain":0,"max_hp_loss":0,"event_name":"Shining Light","floor":10,"gold_loss":0},{"damage_healed":0,"gold_gain":0,"player_choice":"Searched \u00270\u0027 times","damage_taken":0,"max_hp_gain":0,"max_hp_loss":0,"event_name":"Dead Adventurer","floor":11,"gold_loss":0}],"is_beta":false,"boss_relics":[],"items_purged_floors":[4],"is_endless":false,"potions_floor_spawned":[3,6,13],"killed_by":"Slime Boss","ascension_level":20}