{"gold_per_floor":[112,125,125,139,139,179,179,223,223,373,373,373,47,67,67,67],"floor_reached":16,"playtime":417,"items_purged":["Doubt"],"score":216,"play_id":"494a9253-be53-4775-803b-d571a8147e4a","local_time":"20230329205134","is_ascension_mode":true,"campfire_choices":[{"floor":7,"key":"REST"},{"floor":12,"key":"REST"},{"data":"Hyperbeam","floor":15,"key":"SMITH"}],"neow_cost":"NONE","seed_source_timestamp":470491358061300,"circlet_count":0,"master_deck":["AscendersBane","Strike_B","Strike_B","Strike_B","Strike_B","Defend_B","Defend_B","Defend_B","Defend_B","Zap","Dualcast","Hyperbeam+1","Reinforced Body","Gash","Parasite","Beam Cell","Core Surge","Stack","Finesse","Go for the Eyes"],"relics":["Cracked Core","Golden Idol","Happy Flower","Frozen Egg 2","Pen Nib","Medical Kit"],"potions_floor_usage":[6,14,14,14,16],"damage_taken":[{"damage":0,"enemies":"Small Slimes","floor":1,"turns":2},{"damage":0,"enemies":"Cultist","floor":2,"turns":3},{"damage":1,"enemies":"2 Louse","floor":4,"turns":2},{"damage":31,"enemies":"Gremlin Nob","floor":6,"turns":4},{"damage":25,"enemies":"Lagavulin","floor":8,"turns":6},{"damage":3,"enemies":"Lots of Slimes","floor":14,"turns":3},{"damage":27,"enemies":"Slime Boss","floor":16,"turns":8}],"seed_played":"-4772248641341289160","potions_obtained":[{"floor":2,"key":"Fire Potion"},{"floor":6,"key":"Explosive Potion"},{"floor":11,"key":"EntropicBrew"},{"floor":11,"key":"Block Potion"},{"floor":14,"key":"SmokeBomb"}],"is_trial":false,"path_per_floor":["M","M","?","M","?","E","R","E","T","?","?","R","$","M","R","B"],"character_chosen":"DEFECT","items_purchased":["Medical Kit","Finesse"],"campfire_rested":2,"item_purchase_floors":[13,13],"current_hp_per_floor":[64,64,64,63,39,8,29,4,4,4,4,25,25,22,22,0],"gold":67,"neow_bonus":"ONE_RANDOM_RARE_CARD","is_prod":false,"is_daily":false,"chose_seed":false,"campfire_upgraded":1,"win_rate":0,"timestamp":1680115894,"path_taken":["M","M","?","?","?","E","R","E","T","?","?","R","$","?","R","BOSS"],"build_version":"2022-12-18","purchased_purges":1,"victory":false,"max_hp_per_floor":[71,71,71,71,71,71,71,71,71,71,71,71,71,71,71,71],"card_choices":[{"not_picked":["Coolheaded","Redo"],"picked":"Reinforced Body","floor":1},{"not_picked":["Sweeping Beam","Coolheaded"],"picked":"Gash","floor":2},{"not_picked":["Cold Snap","Steam Power"],"picked":"Beam Cell","floor":4},{"not_picked":["Steam","Cold Snap"],"picked":"Core Surge","floor":6},{"not_picked":["Loop+1","Turbo"],"picked":"Stack","floor":8},{"not_picked":["Steam","Ball Lightning"],"picked":"Go for the Eyes","floor":14}],"player_experience":2299413,"relics_obtained":[{"floor":6,"key":"Happy Flower"},{"floor":8,"key":"Frozen Egg 2"},{"floor":9,"key":"Pen Nib"}],"event_choices":[{"damage_healed":0,"gold_gain":0,"player_choice":"1 cards matched","damage_taken":0,"max_hp_gain":0,"max_hp_loss":0,"event_name":"Match and Keep!","floor":3,"gold_loss":0,"cards_obtained":["Parasite"]},{"damage_healed":0,"gold_gain":0,"player_choice":"Take Damage","damage_taken":24,"relics_obtained":["Golden Idol"],"max_hp_gain":0,"max_hp_loss":0,"event_name":"Golden Idol","floor":5,"gold_loss":0},{"damage_healed":0,"gold_gain":150,"player_choice":"AGREE","damage_taken":0,"max_hp_gain":0,"max_hp_loss":0,"event_name":"Liars Game","floor":10,"gold_loss":0,"cards_obtained":["Doubt"]},{"damage_healed":0,"gold_gain":0,"player_choice":"Got Potions","damage_taken":0,"max_hp_gain":0,"max_hp_loss":0,"event_name":"Lab","floor":11,"gold_loss":0}],"is_beta":false,"boss_relics":[],"items_purged_floors":[13],"is_endless":false,"potions_floor_spawned":[2,6,14],"killed_by":"Slime Boss","ascension_level":20}