{"gold_per_floor":[114,126,142,142,142,142,171,15,61,74,74,74,108,121,121,198,198,214,129,129,29,43,43,71,71,71,71,71,96,112,137,137,215,215,229,71,88,113,28,61,61,72,72,98,98,98,115,60,60,60,60],"floor_reached":52,"playtime":1980,"items_purged":["Strike_B","Defend_B"],"score":2098,"play_id":"938f7f31-e178-42ab-9764-d7ee9f1a3d98","local_time":"20230402174844","is_ascension_mode":true,"campfire_choices":[{"data":"Barrage","floor":6,"key":"SMITH"},{"data":"Capacitor","floor":12,"key":"SMITH"},{"data":"Zap","floor":15,"key":"SMITH"},{"floor":23,"key":"REST"},{"data":"Dualcast","floor":25,"key":"SMITH"},{"floor":27,"key":"REST"},{"floor":32,"key":"REST"},{"floor":41,"key":"REST"},{"floor":49,"key":"REST"}],"neow_cost":"NONE","seed_source_timestamp":803546091020800,"circlet_count":0,"master_deck":["AscendersBane","Strike_B","Defend_B","Defend_B","Defend_B","Zap+1","Compile Driver","Barrage+1","Cold Snap","Hello World","Reboot+1","Capacitor+1","Glacier","Storm+1","Creative AI+1","Static Discharge+1","Capacitor+1","Buffer+1","Conserve Battery+1","Thunder Strike","Fission","Skim","Panache+1"],"relics":["Cracked Core","NeowsBlessing","Mercury Hourglass","Anchor","Bronze Scales","Frozen Egg 2","Black Star","Ancient Tea Set","Akabeko","Art of War","HornCleat","Juzu Bracelet","Pocketwatch","DataDisk","Blue Candle","Runic Dome","Oddly Smooth Stone","Shovel","Letter Opener","Pear","Mummified Hand","Pantograph","Bottled Flame"],"potions_floor_usage":[13,18,29,30,33,47,51],"damage_taken":[{"damage":0,"enemies":"Cultist","floor":1,"turns":1},{"damage":0,"enemies":"Small Slimes","floor":2,"turns":1},{"damage":0,"enemies":"Jaw Worm","floor":3,"turns":1},{"damage":18,"enemies":"Lagavulin","floor":7,"turns":8},{"damage":1,"enemies":"Blue Slaver","floor":10,"turns":3},{"damage":0,"enemies":"Gremlin Nob","floor":13,"turns":2},{"damage":0,"enemies":"Red Slaver","floor":14,"turns":4},{"damage":26,"enemies":"The Guardian","floor":16,"turns":10},{"damage":10,"enemies":"2 Thieves","floor":18,"turns":3},{"damage":14,"enemies":"Shell Parasite","floor":22,"turns":5},{"damage":15,"enemies":"Book of Stabbing","floor":24,"turns":4},{"damage":19,"enemies":"Slavers","floor":29,"turns":4},{"damage":13,"enemies":"Shelled Parasite and Fungi","floor":30,"turns":3},{"damage":8,"enemies":"Gremlin Leader","floor":31,"turns":5},{"damage":0,"enemies":"Champ","floor":33,"turns":6},{"damage":4,"enemies":"3 Darklings","floor":35,"turns":5},{"damage":1,"enemies":"Orb Walker","floor":37,"turns":2},{"damage":0,"enemies":"Mind Bloom Boss Battle","floor":38,"turns":5},{"damage":57,"enemies":"Reptomancer","floor":40,"turns":6},{"damage":0,"enemies":"Spire Growth","floor":42,"turns":4},{"damage":0,"enemies":"Giant Head","floor":44,"turns":5},{"damage":0,"enemies":"Transient","floor":47,"turns":6},{"damage":7,"enemies":"Donu and Deca","floor":50,"turns":5},{"damage":52,"enemies":"Awakened One","floor":51,"turns":5}],"seed_played":"-1443294961646858508","potions_obtained":[{"floor":1,"key":"Explosive Potion"},{"floor":7,"key":"Fire Potion"},{"floor":14,"key":"Swift Potion"},{"floor":22,"key":"FearPotion"},{"floor":29,"key":"FocusPotion"},{"floor":30,"key":"EssenceOfDarkness"},{"floor":38,"key":"GamblersBrew"},{"floor":44,"key":"SkillPotion"}],"is_trial":false,"path_per_floor":["M","M","M","T","?","R","E","$","T","M","$","R","E","M","R","B",null,"M","?","?","$","M","R","E","R","T","R","?","E","M","E","R","B",null,"M","$","M","?","?","E","R","M","T","E","?","?","M","$","R","B","B",null],"character_chosen":"DEFECT","items_purchased":["Capacitor","Oddly Smooth Stone","SkillPotion"],"campfire_rested":5,"item_purchase_floors":[8,36,48],"current_hp_per_floor":[64,64,64,64,64,64,46,46,46,45,45,45,45,45,45,19,58,48,48,48,48,34,55,40,40,40,61,61,42,29,21,42,42,64,60,60,59,59,59,12,36,36,36,36,36,36,36,36,60,74,29],"gold":60,"neow_bonus":"THREE_ENEMY_KILL","is_prod":false,"is_daily":false,"chose_seed":false,"campfire_upgraded":4,"win_rate":0,"timestamp":1680450524,"path_taken":["M","?","M","?","?","R","E","?","T","M","$","R","E","M","R","BOSS","M","?","?","$","?","R","E","R","T","R","?","E","M","E","R","BOSS","M","?","M","?","?","E","R","M","T","E","?","?","M","$","R","BOSS","BOSS"],"build_version":"2022-12-18","purchased_purges":2,"victory":true,"max_hp_per_floor":[71,71,71,71,71,71,71,71,71,71,71,71,71,71,71,71,71,71,71,71,71,71,71,71,71,71,71,71,71,71,71,71,71,71,71,71,71,71,71,81,81,81,81,81,81,81,81,81,81,81,81],"card_choices":[{"not_picked":["Hello World","Coolheaded"],"picked":"Compile Driver","floor":1},{"not_picked":["Blizzard","Cold Snap"],"picked":"Barrage","floor":2},{"not_picked":["Coolheaded","Redo"],"picked":"Cold Snap","floor":3},{"not_picked":["Conserve Battery","Beam Cell"],"picked":"Reboot","floor":7},{"not_picked":["Storm","Leap"],"picked":"Glacier","floor":10},{"not_picked":["Sunder","Steam Power","Leap"],"picked":"SKIP","floor":13},{"not_picked":["Cold Snap","Barrage"],"picked":"Storm+1","floor":14},{"not_picked":["Rainbow","Multi-Cast"],"picked":"Creative AI+1","floor":16},{"not_picked":["Compile Driver+1","Reprogram","Reinforced Body"],"picked":"SKIP","floor":18},{"not_picked":["Turbo","Redo"],"picked":"Static Discharge+1","floor":22},{"not_picked":["Conserve Battery","Stack"],"picked":"Capacitor+1","floor":24},{"not_picked":["Go for the Eyes","Rip and Tear"],"picked":"Conserve Battery+1","floor":29},{"not_picked":["Hologram+1","Barrage","Redo"],"picked":"SKIP","floor":30},{"not_picked":["Recycle","Sunder"],"picked":"Thunder Strike","floor":31},{"not_picked":["Multi-Cast","Creative AI+1"],"picked":"Fission","floor":33},{"not_picked":["Conserve Battery","Go for the Eyes","Barrage"],"picked":"SKIP","floor":35},{"not_picked":["Rip and Tear+1","Turbo+1","Melter"],"picked":"SKIP","floor":37},{"not_picked":["Ball Lightning","Beam Cell"],"picked":"Skim","floor":38},{"not_picked":["Hologram","Beam Cell+1","Conserve Battery"],"picked":"SKIP","floor":40},{"not_picked":["Sweeping Beam","Leap","Hello World+1"],"picked":"SKIP","floor":42},{"not_picked":["Rip and Tear","Electrodynamics+1","Lockon"],"picked":"SKIP","floor":44},{"not_picked":["Forethought","Swift Strike"],"picked":"Panache+1","floor":45},{"not_picked":["Undo+1","Go for the Eyes","Leap+1"],"picked":"SKIP","floor":47}],"player_experience":2313946,"relics_obtained":[{"floor":4,"key":"Mercury Hourglass"},{"floor":7,"key":"Anchor"},{"floor":9,"key":"Bronze Scales"},{"floor":13,"key":"Frozen Egg 2"},{"floor":24,"key":"Akabeko"},{"floor":24,"key":"Art of War"},{"floor":26,"key":"HornCleat"},{"floor":29,"key":"Juzu Bracelet"},{"floor":29,"key":"Pocketwatch"},{"floor":31,"key":"DataDisk"},{"floor":31,"key":"Blue Candle"},{"floor":38,"key":"Shovel"},{"floor":40,"key":"Pear"},{"floor":40,"key":"Mummified Hand"},{"floor":44,"key":"Pantograph"},{"floor":44,"key":"Bottled Flame"}],"event_choices":[{"damage_healed":0,"gold_gain":0,"cards_transformed":["Strike_B"],"player_choice":"Change","damage_taken":0,"max_hp_gain":0,"max_hp_loss":0,"event_name":"Living Wall","floor":5,"gold_loss":0,"cards_obtained":["Hello World"]},{"damage_healed":0,"gold_gain":0,"player_choice":"Obtained Relic","damage_taken":0,"relics_obtained":["Ancient Tea Set"],"max_hp_gain":0,"max_hp_loss":0,"event_name":"Addict","floor":19,"gold_loss":85},{"damage_healed":0,"gold_gain":0,"player_choice":"Upgraded","damage_taken":0,"max_hp_gain":0,"max_hp_loss":0,"event_name":"Upgrade Shrine","floor":20,"gold_loss":0,"cards_upgraded":["Reboot"]},{"damage_healed":0,"gold_gain":0,"cards_transformed":["Strike_B"],"player_choice":"Transformed","damage_taken":0,"max_hp_gain":0,"max_hp_loss":0,"event_name":"Transmorgrifier","floor":28,"gold_loss":0,"cards_obtained":["Buffer"]},{"damage_healed":0,"gold_gain":0,"player_choice":"Fight","damage_taken":0,"max_hp_gain":0,"max_hp_loss":0,"event_name":"MindBloom","floor":38,"gold_loss":0},{"damage_healed":0,"gold_gain":0,"player_choice":"Paid Gold","damage_taken":0,"relics_obtained":["Letter Opener"],"max_hp_gain":0,"max_hp_loss":0,"event_name":"WeMeetAgain","floor":39,"gold_loss":85},{"damage_healed":0,"gold_gain":0,"player_choice":"Memory 1","damage_taken":0,"max_hp_gain":0,"max_hp_loss":0,"event_name":"SensoryStone","floor":45,"gold_loss":0},{"cards_removed":["Dualcast"],"damage_healed":0,"gold_gain":0,"player_choice":"Removed Skill","damage_taken":0,"max_hp_gain":0,"max_hp_loss":0,"event_name":"Falling","floor":46,"gold_loss":0}],"is_beta":false,"boss_relics":[{"not_picked":["Sozu","Tiny House"],"picked":"Black Star"},{"not_picked":["Inserter","Coffee Dripper"],"picked":"Runic Dome"}],"items_purged_floors":[8,21],"is_endless":false,"potions_floor_spawned":[1,7,14,22,29,30,38,44],"ascension_level":20}