{"gold_per_floor":[111,111,261,336,336,379,406,440,440,440,459,55,83,52,52,136,136,156,174,183,202,213,213,213,213],"floor_reached":25,"playtime":554,"items_purged":["Doubt"],"score":484,"play_id":"9b335f67-047e-4dc3-8285-8aecb448c661","local_time":"20230417233244","is_ascension_mode":true,"campfire_choices":[{"data":"Zap","floor":10,"key":"SMITH"},{"data":"Darkness","floor":15,"key":"SMITH"},{"floor":24,"key":"REST"}],"neow_cost":"NONE","seed_source_timestamp":192946903509400,"circlet_count":0,"master_deck":["AscendersBane","Strike_B","Strike_B","Defend_B","Defend_B","Defend_B","Zap+1","Dualcast","Cold Snap","Conserve Battery","Ball Lightning","Leap","Darkness+1","Lockon","Echo Form","Conserve Battery","Defragment","All For One","Writhe"],"relics":["Cracked Core","NeowsBlessing","CeramicFish","Pantograph","Shuriken","Medical Kit","Bronze Scales","MealTicket","Busted Crown","Pen Nib","Mummified Hand"],"potions_floor_usage":[8,16,18,25],"damage_taken":[{"damage":0,"enemies":"2 Louse","floor":1,"turns":1},{"damage":0,"enemies":"Lagavulin","floor":6,"turns":1},{"damage":0,"enemies":"Small Slimes","floor":7,"turns":1},{"damage":24,"enemies":"3 Sentries","floor":8,"turns":6},{"damage":5,"enemies":"Jaw Worm","floor":11,"turns":3},{"damage":14,"enemies":"Lagavulin","floor":13,"turns":6},{"damage":28,"enemies":"Slime Boss","floor":16,"turns":11},{"damage":0,"enemies":"3 Byrds","floor":18,"turns":2},{"damage":17,"enemies":"Spheric Guardian","floor":21,"turns":4},{"damage":30,"enemies":"Snake Plant","floor":22,"turns":4},{"damage":53,"enemies":"Gremlin Leader","floor":25,"turns":5}],"seed_played":"-5005908863059809743","potions_obtained":[{"floor":6,"key":"Explosive Potion"},{"floor":8,"key":"AttackPotion"},{"floor":11,"key":"EssenceOfSteel"},{"floor":21,"key":"ColorlessPotion"},{"floor":22,"key":"GamblersBrew"}],"is_trial":false,"path_per_floor":["M","?","?","?","?","E","M","E","T","R","M","$","E","$","R","B",null,"M","?","?","M","M","T","R","E"],"character_chosen":"DEFECT","items_purchased":["Medical Kit","Bronze Scales","Lockon"],"campfire_rested":1,"item_purchase_floors":[12,12,14],"current_hp_per_floor":[64,57,57,46,69,69,69,45,45,45,40,40,26,41,41,38,63,63,63,63,46,16,16,37,0],"gold":213,"neow_bonus":"THREE_ENEMY_KILL","is_prod":false,"is_daily":false,"chose_seed":false,"campfire_upgraded":2,"win_rate":0,"timestamp":1681767164,"path_taken":["M","?","?","?","?","E","M","E","T","R","?","$","E","?","R","BOSS","M","?","?","M","M","?","R","E"],"build_version":"2022-12-18","purchased_purges":1,"victory":false,"max_hp_per_floor":[71,71,71,71,71,71,71,71,71,71,71,71,71,71,71,71,71,71,71,71,71,71,71,71,71],"card_choices":[{"not_picked":["Steam","Conserve Battery"],"picked":"Cold Snap","floor":1},{"not_picked":["Scrape","Aggregate"],"picked":"Conserve Battery","floor":6},{"not_picked":["Go for the Eyes","Hologram"],"picked":"Ball Lightning","floor":7},{"not_picked":["Hologram","Sweeping Beam"],"picked":"Leap","floor":8},{"not_picked":["Hologram","Compile Driver"],"picked":"Darkness","floor":11},{"not_picked":["Rebound","Sunder","Steam"],"picked":"SKIP","floor":13},{"not_picked":["Biased Cognition","Thunder Strike"],"picked":"Echo Form","floor":16},{"not_picked":[],"picked":"Conserve Battery","floor":18},{"not_picked":["Streamline"],"picked":"SKIP","floor":21},{"not_picked":["Beam Cell"],"picked":"SKIP","floor":22}],"player_experience":2373631,"relics_obtained":[{"floor":6,"key":"CeramicFish"},{"floor":8,"key":"Pantograph"},{"floor":9,"key":"Shuriken"},{"floor":13,"key":"MealTicket"},{"floor":23,"key":"Mummified Hand"}],"event_choices":[{"cards_removed":["Strike_B"],"damage_healed":0,"gold_gain":0,"player_choice":"Card Removal","damage_taken":7,"max_hp_gain":0,"max_hp_loss":0,"event_name":"Golden Wing","floor":2,"gold_loss":0},{"damage_healed":0,"gold_gain":150,"player_choice":"AGREE","damage_taken":0,"max_hp_gain":0,"max_hp_loss":0,"event_name":"Liars Game","floor":3,"gold_loss":0,"cards_obtained":["Doubt"]},{"damage_healed":0,"gold_gain":75,"player_choice":"Gather Gold","damage_taken":11,"max_hp_gain":0,"max_hp_loss":0,"event_name":"World of Goop","floor":4,"gold_loss":0},{"damage_healed":23,"gold_gain":0,"player_choice":"Banana","damage_taken":0,"max_hp_gain":0,"max_hp_loss":0,"event_name":"Big Fish","floor":5,"gold_loss":0},{"damage_healed":0,"gold_gain":0,"cards_transformed":["Defend_B","Strike_B"],"player_choice":"Became Test Subject","damage_taken":0,"max_hp_gain":0,"max_hp_loss":0,"event_name":"Drug Dealer","floor":19,"gold_loss":0,"cards_obtained":["Defragment","All For One"]},{"damage_healed":0,"gold_gain":0,"player_choice":"Opened","damage_taken":0,"relics_obtained":["Pen Nib"],"max_hp_gain":0,"max_hp_loss":0,"event_name":"The Mausoleum","floor":20,"gold_loss":0,"cards_obtained":["Writhe"]}],"is_beta":false,"boss_relics":[{"not_picked":["Sozu","Empty Cage"],"picked":"Busted Crown"}],"items_purged_floors":[12],"is_endless":false,"potions_floor_spawned":[6,8,11,21,22],"killed_by":"Gremlin Leader","ascension_level":20}