{"gold_per_floor":[17,17,17,37,56,91,56,82,159,234,565,580,580,612,612,612],"floor_reached":16,"playtime":489,"items_purged":[],"score":256,"play_id":"49d298e0-d268-4644-b2bd-30a264390098","local_time":"20230411230148","is_ascension_mode":true,"campfire_choices":[{"floor":13,"key":"REST"},{"floor":15,"key":"REST"}],"neow_cost":"NO_GOLD","seed_source_timestamp":290194429334600,"circlet_count":0,"master_deck":["AscendersBane","Strike_B","Strike_B","Strike_B","Defend_B","Defend_B","Zap","Dualcast","Genetic Algorithm+1","Consume","Redo","Rip and Tear","Defragment","Double Energy","Leap","Skim","Recycle"],"relics":["Cracked Core","Prayer Wheel","Pen Nib","Kunai","Question Card","Old Coin","Dead Branch"],"potions_floor_usage":[8,12,16,16],"damage_taken":[{"damage":7,"enemies":"Jaw Worm","floor":1,"turns":3},{"damage":5,"enemies":"Small Slimes","floor":4,"turns":3},{"damage":0,"enemies":"2 Louse","floor":5,"turns":3},{"damage":33,"enemies":"Lagavulin","floor":6,"turns":6},{"damage":1,"enemies":"Gremlin Nob","floor":8,"turns":3},{"damage":17,"enemies":"Lagavulin","floor":11,"turns":6},{"damage":0,"enemies":"Exordium Wildlife","floor":12,"turns":3},{"damage":31,"enemies":"Gremlin Nob","floor":14,"turns":4},{"damage":24,"enemies":"Hexaghost","floor":16,"turns":9}],"seed_played":"-4668268191018260429","potions_obtained":[{"floor":5,"key":"SkillPotion"},{"floor":11,"key":"GamblersBrew"},{"floor":12,"key":"PotionOfCapacity"},{"floor":14,"key":"ColorlessPotion"}],"is_trial":false,"path_per_floor":["M","?","?","M","M","E","?","E","T","T","E","M","R","E","R","B"],"character_chosen":"DEFECT","items_purchased":[],"campfire_rested":2,"item_purchase_floors":[],"current_hp_per_floor":[57,57,50,45,45,12,29,28,28,28,11,11,32,1,22,0],"gold":612,"neow_bonus":"REMOVE_TWO","is_prod":false,"is_daily":false,"chose_seed":false,"campfire_upgraded":0,"win_rate":0,"timestamp":1681246908,"path_taken":["M","?","?","M","?","E","?","E","T","?","E","M","R","E","R","BOSS"],"build_version":"2022-12-18","purchased_purges":0,"victory":false,"max_hp_per_floor":[71,71,71,71,71,71,71,71,71,71,71,71,71,71,71,71],"card_choices":[{"not_picked":["Leap","Reinforced Body"],"picked":"Genetic Algorithm","floor":1},{"not_picked":["Rebound","Genetic Algorithm"],"picked":"Consume","floor":4},{"not_picked":["Reinforced Body","Storm"],"picked":"Redo","floor":5},{"not_picked":["Chill","White Noise"],"picked":"Rip and Tear","floor":6},{"not_picked":["Reprogram","Go for the Eyes"],"picked":"Defragment","floor":8},{"not_picked":["Storm","Hologram","Rebound"],"picked":"Double Energy","floor":11},{"not_picked":["Cold Snap","All For One","Scrape"],"picked":"Leap","floor":12},{"not_picked":["Gash","Chill","Turbo"],"picked":"Skim","floor":12},{"not_picked":["Reprogram","Amplify","Aggregate"],"picked":"Recycle","floor":14}],"player_experience":2362373,"relics_obtained":[{"floor":6,"key":"Prayer Wheel"},{"floor":8,"key":"Pen Nib"},{"floor":9,"key":"Kunai"},{"floor":10,"key":"Question Card"},{"floor":11,"key":"Old Coin"},{"floor":14,"key":"Dead Branch"}],"event_choices":[{"damage_healed":0,"gold_gain":0,"player_choice":"Grow","damage_taken":0,"max_hp_gain":0,"max_hp_loss":0,"event_name":"Living Wall","floor":2,"gold_loss":0,"cards_upgraded":["Genetic Algorithm"]},{"cards_removed":["Defend_B"],"damage_healed":0,"gold_gain":0,"player_choice":"Card Removal","damage_taken":7,"max_hp_gain":0,"max_hp_loss":0,"event_name":"Golden Wing","floor":3,"gold_loss":0},{"damage_healed":17,"gold_gain":0,"player_choice":"Healed","damage_taken":0,"max_hp_gain":0,"max_hp_loss":0,"event_name":"The Cleric","floor":7,"gold_loss":35}],"is_beta":false,"boss_relics":[],"items_purged_floors":[],"is_endless":false,"potions_floor_spawned":[5,11,12,14],"killed_by":"Hexaghost","ascension_level":20}