{"gold_per_floor":[369,369,369,294,310,348,348,364,364,364,364,407,40,65,65,159,159,180,180,180,261,275,275,308,333,333,333],"floor_reached":27,"playtime":657,"items_purged":[],"score":478,"play_id":"11b04212-1b4d-4be1-8290-d22086582041","local_time":"20230417221549","is_ascension_mode":true,"campfire_choices":[{"floor":7,"key":"REST"},{"data":"Beam Cell","floor":10,"key":"SMITH"},{"floor":15,"key":"REST"},{"data":"Apotheosis","floor":23,"key":"SMITH"}],"neow_cost":"PERCENT_DAMAGE","seed_source_timestamp":188228978802500,"circlet_count":0,"master_deck":["AscendersBane","Strike_B","Strike_B","Defend_B","Defend_B","Defend_B","Defend_B","Zap","Dualcast","Gash","Rebound","Gash","Beam Cell+1","Sweeping Beam","Apotheosis+1","Coolheaded","Fission","Chill","Hologram","Gash"],"relics":["Cracked Core","Golden Idol","HornCleat","Lantern","StrikeDummy","Omamori","Empty Cage","Bottled Flame","Nunchaku","Du-Vu Doll"],"potions_floor_usage":[12,24],"damage_taken":[{"damage":1,"enemies":"2 Louse","floor":1,"turns":2},{"damage":7,"enemies":"Small Slimes","floor":5,"turns":3},{"damage":32,"enemies":"Gremlin Nob","floor":6,"turns":4},{"damage":0,"enemies":"Cultist","floor":8,"turns":3},{"damage":6,"enemies":"3 Sentries","floor":12,"turns":7},{"damage":3,"enemies":"Looter","floor":14,"turns":2},{"damage":15,"enemies":"Hexaghost","floor":16,"turns":9},{"damage":22,"enemies":"2 Thieves","floor":18,"turns":4},{"damage":6,"enemies":"Spheric Guardian","floor":22,"turns":4},{"damage":15,"enemies":"Slavers","floor":24,"turns":6},{"damage":17,"enemies":"Snecko","floor":25,"turns":6},{"damage":32,"enemies":"Book of Stabbing","floor":27,"turns":4}],"seed_played":"782730090867256048","potions_obtained":[{"floor":1,"key":"Energy Potion"},{"floor":6,"key":"Swift Potion"},{"floor":12,"key":"FairyPotion"},{"floor":18,"key":"SkillPotion"},{"floor":25,"key":"Ancient Potion"}],"is_trial":false,"path_per_floor":["M","?","?","?","M","E","R","M","T","R","?","E","$","M","R","B",null,"M","?","?","T","M","R","E","M","T","E"],"character_chosen":"DEFECT","items_purchased":["Apotheosis","Omamori"],"campfire_rested":2,"item_purchase_floors":[13,13],"current_hp_per_floor":[45,45,68,68,61,29,50,50,50,50,40,34,34,31,52,37,63,41,41,41,41,35,35,20,3,3,0],"gold":333,"neow_bonus":"TWO_FIFTY_GOLD","is_prod":false,"is_daily":false,"chose_seed":false,"campfire_upgraded":2,"win_rate":0,"timestamp":1681762549,"path_taken":["M","?","?","?","M","E","R","M","T","R","?","E","$","M","R","BOSS","M","?","?","?","M","R","E","?","T","E"],"build_version":"2022-12-18","purchased_purges":0,"victory":false,"max_hp_per_floor":[71,71,71,71,71,71,71,71,71,71,71,71,71,71,71,71,71,71,71,71,71,71,71,71,71,71,71],"card_choices":[{"not_picked":["Aggregate","Scrape"],"picked":"Gash","floor":1},{"not_picked":["Redo","Loop"],"picked":"Rebound","floor":5},{"not_picked":["Core Surge","Hyperbeam"],"picked":"Gash","floor":6},{"not_picked":["Blizzard","White Noise"],"picked":"Beam Cell","floor":8},{"not_picked":["Chaos","Leap"],"picked":"Sweeping Beam","floor":12},{"not_picked":["Redo","Beam Cell"],"picked":"Coolheaded","floor":14},{"not_picked":["Creative AI","Multi-Cast"],"picked":"Fission","floor":16},{"not_picked":["Steam Power","Beam Cell"],"picked":"Chill","floor":18},{"not_picked":["Ball Lightning","Beam Cell+1"],"picked":"Hologram","floor":22},{"not_picked":["Leap","Go for the Eyes"],"picked":"Gash","floor":24},{"not_picked":["Coolheaded","Cold Snap","Beam Cell"],"picked":"SKIP","floor":25}],"player_experience":2372386,"relics_obtained":[{"floor":6,"key":"HornCleat"},{"floor":9,"key":"Lantern"},{"floor":12,"key":"StrikeDummy"},{"floor":21,"key":"Bottled Flame"},{"floor":24,"key":"Nunchaku"},{"floor":26,"key":"Du-Vu Doll"}],"event_choices":[{"damage_healed":0,"gold_gain":0,"player_choice":"Take Wound","damage_taken":0,"relics_obtained":["Golden Idol"],"max_hp_gain":0,"max_hp_loss":0,"event_name":"Golden Idol","floor":2,"gold_loss":0,"cards_obtained":["Injury"]},{"damage_healed":23,"gold_gain":0,"player_choice":"Banana","damage_taken":0,"max_hp_gain":0,"max_hp_loss":0,"event_name":"Big Fish","floor":3,"gold_loss":0},{"cards_removed":["Injury"],"damage_healed":0,"gold_gain":0,"player_choice":"Card Removal","damage_taken":0,"max_hp_gain":0,"max_hp_loss":0,"event_name":"The Cleric","floor":4,"gold_loss":75},{"damage_healed":0,"gold_gain":0,"player_choice":"Damaged","damage_taken":10,"max_hp_gain":0,"max_hp_loss":0,"event_name":"Wheel of Change","floor":11,"gold_loss":0},{"damage_healed":0,"gold_gain":0,"player_choice":"Ignored","damage_taken":0,"max_hp_gain":0,"max_hp_loss":0,"event_name":"Cursed Tome","floor":19,"gold_loss":0},{"damage_healed":0,"gold_gain":0,"player_choice":"Ignored","damage_taken":0,"max_hp_gain":0,"max_hp_loss":0,"event_name":"Vampires","floor":20,"gold_loss":0}],"is_beta":false,"boss_relics":[{"not_picked":["SacredBark","Sozu"],"picked":"Empty Cage"}],"items_purged_floors":[],"is_endless":false,"potions_floor_spawned":[1,6,12,16,18,22,25],"killed_by":"Book of Stabbing","ascension_level":20}