{"gold_per_floor":[111,261,99,113,113,24,24,24,24,55,73,73,91,91,91,169,169,183,203,42,42,51,51,51],"floor_reached":24,"playtime":509,"items_purged":["Doubt"],"score":434,"play_id":"0e832d6e-6cc4-4ec9-afc8-8e91cc4c9f7c","local_time":"20230411225325","is_ascension_mode":true,"campfire_choices":[{"data":"Zap","floor":12,"key":"SMITH"},{"data":"Echo Form","floor":15,"key":"SMITH"},{"floor":23,"key":"REST"}],"neow_cost":"NONE","seed_source_timestamp":289670046781800,"circlet_count":0,"master_deck":["AscendersBane","Zap+1","Dualcast","Doom and Gloom","Core Surge","Capacitor","Self Repair","Force Field","Echo Form+1","Compile Driver","Multi-Cast","Loop","Double Energy","Consume","Amplify","Recycle","Hello World","Blizzard","Undo","Shame"],"relics":["Cracked Core","NeowsBlessing","Tiny Chest","Potion Belt","Bag of Preparation","Pandora\u0027s Box","Oddly Smooth Stone","Letter Opener","CeramicFish"],"potions_floor_usage":[18,19,19,24],"damage_taken":[{"damage":0,"enemies":"Small Slimes","floor":1,"turns":1},{"damage":0,"enemies":"Jaw Worm","floor":4,"turns":1},{"damage":0,"enemies":"Lagavulin","floor":10,"turns":1},{"damage":2,"enemies":"Cultist","floor":11,"turns":4},{"damage":21,"enemies":"Large Slime","floor":13,"turns":5},{"damage":22,"enemies":"The Guardian","floor":16,"turns":11},{"damage":47,"enemies":"2 Thieves","floor":18,"turns":4},{"damage":11,"enemies":"Spheric Guardian","floor":19,"turns":3},{"damage":60,"enemies":"Slavers","floor":24,"turns":2}],"seed_played":"-4037823772478492292","potions_obtained":[{"floor":1,"key":"Ancient Potion"},{"floor":4,"key":"FearPotion"},{"floor":16,"key":"Energy Potion"},{"floor":18,"key":"AttackPotion"},{"floor":19,"key":"SkillPotion"}],"is_trial":false,"path_per_floor":["M","?","$","M","?","$","?","$","T","E","M","R","M","?","R","B",null,"M","M","$","T","?","R","E"],"character_chosen":"DEFECT","items_purchased":["Core Surge","Self Repair","Oddly Smooth Stone"],"campfire_rested":1,"item_purchase_floors":[3,6,20],"current_hp_per_floor":[64,64,64,64,57,57,62,62,62,62,67,67,46,46,46,38,67,27,30,30,30,30,52,0],"gold":51,"neow_bonus":"THREE_ENEMY_KILL","is_prod":false,"is_daily":false,"chose_seed":false,"campfire_upgraded":2,"win_rate":0,"timestamp":1681246405,"path_taken":["M","?","$","M","?","$","?","?","T","E","M","R","?","?","R","BOSS","M","?","$","?","?","R","E"],"build_version":"2022-12-18","purchased_purges":1,"victory":false,"max_hp_per_floor":[71,71,71,71,71,71,76,76,76,76,76,76,76,76,76,76,76,76,76,76,76,76,76,76],"card_choices":[{"not_picked":["FTL","Go for the Eyes"],"picked":"Doom and Gloom","floor":1},{"not_picked":["Hologram","Loop"],"picked":"Capacitor","floor":4},{"not_picked":["Coolheaded","FTL"],"picked":"Force Field","floor":10},{"not_picked":["Skim","Ball Lightning"],"picked":"Echo Form","floor":11},{"not_picked":["Leap","Auto Shields"],"picked":"Compile Driver","floor":13},{"not_picked":["All For One","Core Surge"],"picked":"Multi-Cast","floor":16},{"not_picked":["Heatsinks","FTL","Sweeping Beam"],"picked":"SKIP","floor":18},{"not_picked":["Storm","Fusion+1"],"picked":"Undo","floor":19}],"player_experience":2361864,"relics_obtained":[{"floor":9,"key":"Tiny Chest"},{"floor":10,"key":"Potion Belt"},{"floor":14,"key":"Bag of Preparation"},{"floor":21,"key":"Letter Opener"}],"event_choices":[{"damage_healed":0,"gold_gain":150,"player_choice":"AGREE","damage_taken":0,"max_hp_gain":0,"max_hp_loss":0,"event_name":"Liars Game","floor":2,"gold_loss":0,"cards_obtained":["Doubt"]},{"cards_removed":["Strike_B"],"damage_healed":0,"gold_gain":0,"player_choice":"Card Removal","damage_taken":7,"max_hp_gain":0,"max_hp_loss":0,"event_name":"Golden Wing","floor":5,"gold_loss":0},{"damage_healed":0,"gold_gain":0,"player_choice":"Donut","damage_taken":0,"max_hp_gain":5,"max_hp_loss":0,"event_name":"Big Fish","floor":7,"gold_loss":0},{"damage_healed":0,"gold_gain":0,"player_choice":"Relic","damage_taken":0,"max_hp_gain":0,"max_hp_loss":0,"event_name":"Wheel of Change","floor":14,"gold_loss":0},{"damage_healed":0,"gold_gain":0,"player_choice":"Stole Relic","damage_taken":0,"relics_obtained":["CeramicFish"],"max_hp_gain":0,"max_hp_loss":0,"event_name":"Addict","floor":22,"gold_loss":0,"cards_obtained":["Shame"]}],"is_beta":false,"boss_relics":[{"not_picked":["Snecko Eye","Cursed Key"],"picked":"Pandora\u0027s Box"}],"items_purged_floors":[3],"is_endless":false,"potions_floor_spawned":[1,4,16,18,19],"killed_by":"Slavers","ascension_level":20}