{"gold_per_floor":[11,11,161,32,32,32,60,70,95,95,128,139,164,174,174,247,247,267,267,267,286,249,249,260,286,286,286],"floor_reached":27,"playtime":697,"items_purged":["Doubt"],"score":498,"play_id":"22183c9a-e635-409b-9a4c-820810f6efbe","local_time":"20230412201728","is_ascension_mode":true,"campfire_choices":[{"floor":10,"key":"REST"},{"data":"Beam Cell","floor":15,"key":"SMITH"},{"floor":23,"key":"REST"}],"neow_cost":"NO_GOLD","seed_source_timestamp":366528629823900,"circlet_count":0,"master_deck":["AscendersBane","Zap+1","Dualcast","Beam Cell+1","White Noise+1","Streamline","Doom and Gloom","Core Surge","Capacitor","Capacitor","Creative AI","Thunder Strike","Blizzard","FTL","Storm","Genetic Algorithm","Aggregate","Barrage","Tempest","Glacier","Coolheaded","Defragment+1"],"relics":["Cracked Core","CaptainsWheel","Oddly Smooth Stone","Singing Bowl","War Paint","Potion Belt","Happy Flower","Centennial Puzzle","Pandora\u0027s Box","Nilry\u0027s Codex","Regal Pillow","Nunchaku"],"potions_floor_usage":[13,21,21,24,25],"damage_taken":[{"damage":0,"enemies":"Small Slimes","floor":1,"turns":3},{"damage":14,"enemies":"Gremlin Nob","floor":7,"turns":4},{"damage":6,"enemies":"Jaw Worm","floor":8,"turns":3},{"damage":16,"enemies":"Lagavulin","floor":11,"turns":7},{"damage":0,"enemies":"2 Louse","floor":12,"turns":2},{"damage":11,"enemies":"Gremlin Nob","floor":13,"turns":3},{"damage":5,"enemies":"Looter","floor":14,"turns":2},{"damage":16,"enemies":"Hexaghost","floor":16,"turns":8},{"damage":4,"enemies":"3 Byrds","floor":18,"turns":2},{"damage":23,"enemies":"Shell Parasite","floor":21,"turns":3},{"damage":0,"enemies":"Snecko","floor":24,"turns":4},{"damage":44,"enemies":"Book of Stabbing","floor":25,"turns":5},{"damage":14,"enemies":"Centurion and Healer","floor":27,"turns":1}],"seed_played":"6665936298443471902","potions_obtained":[{"floor":1,"key":"Swift Potion"},{"floor":11,"key":"AttackPotion"},{"floor":12,"key":"DuplicationPotion"},{"floor":16,"key":"Energy Potion"},{"floor":21,"key":"Regen Potion"},{"floor":24,"key":"SteroidPotion"},{"floor":25,"key":"Weak Potion"}],"is_trial":false,"path_per_floor":["M","?","?","$","?","T","E","M","T","R","E","M","E","M","R","B",null,"M","?","?","M","$","R","M","E","T","M"],"character_chosen":"DEFECT","items_purchased":["Streamline","Glacier"],"campfire_rested":2,"item_purchase_floors":[4,22],"current_hp_per_floor":[64,64,64,64,53,53,39,35,35,56,40,40,31,26,26,10,59,55,34,34,11,11,33,45,1,1,0],"gold":286,"neow_bonus":"ONE_RARE_RELIC","is_prod":false,"is_daily":false,"chose_seed":false,"campfire_upgraded":1,"win_rate":0,"timestamp":1681323448,"path_taken":["M","?","?","?","?","?","E","M","T","R","E","?","E","M","R","BOSS","M","?","?","M","?","R","M","E","T","?"],"build_version":"2022-12-18","purchased_purges":1,"victory":false,"max_hp_per_floor":[71,71,71,71,71,71,71,73,73,73,73,73,75,75,75,75,75,75,75,75,75,75,75,75,75,75,75],"card_choices":[{"not_picked":["Recycle","Compile Driver"],"picked":"Beam Cell","floor":1},{"not_picked":["Gash","Stack"],"picked":"Doom and Gloom","floor":7},{"not_picked":["Force Field","Heatsinks","Gash"],"picked":"Singing Bowl","floor":8},{"not_picked":["Lockon","Barrage"],"picked":"Core Surge","floor":11},{"not_picked":["Sunder","Turbo"],"picked":"Capacitor","floor":12},{"not_picked":["Gash","Streamline","Compile Driver"],"picked":"Singing Bowl","floor":13},{"not_picked":["Turbo","Reprogram"],"picked":"Capacitor","floor":14},{"not_picked":["Multi-Cast","Meteor Strike"],"picked":"Creative AI","floor":16},{"not_picked":["Aggregate","Steam"],"picked":"Barrage","floor":18},{"not_picked":["Turbo","Steam+1"],"picked":"Tempest","floor":21},{"not_picked":["Heatsinks","Undo"],"picked":"Coolheaded","floor":24},{"not_picked":["Reinforced Body","Stack"],"picked":"Defragment+1","floor":25}],"player_experience":2364374,"relics_obtained":[{"floor":6,"key":"Singing Bowl"},{"floor":7,"key":"War Paint"},{"floor":9,"key":"Potion Belt"},{"floor":11,"key":"Happy Flower"},{"floor":13,"key":"Centennial Puzzle"},{"floor":19,"key":"Nilry\u0027s Codex"},{"floor":25,"key":"Regal Pillow"},{"floor":26,"key":"Nunchaku"}],"event_choices":[{"damage_healed":0,"gold_gain":0,"cards_transformed":["Strike_B"],"player_choice":"Change","damage_taken":0,"max_hp_gain":0,"max_hp_loss":0,"event_name":"Living Wall","floor":2,"gold_loss":0,"cards_obtained":["White Noise"]},{"damage_healed":0,"gold_gain":150,"player_choice":"AGREE","damage_taken":0,"max_hp_gain":0,"max_hp_loss":0,"event_name":"Liars Game","floor":3,"gold_loss":0,"cards_obtained":["Doubt"]},{"damage_healed":0,"gold_gain":0,"player_choice":"Success","damage_taken":11,"relics_obtained":["Oddly Smooth Stone"],"max_hp_gain":0,"max_hp_loss":0,"event_name":"Scrap Ooze","floor":5,"gold_loss":0},{"damage_healed":0,"gold_gain":0,"player_choice":"Obtained Book","damage_taken":21,"max_hp_gain":0,"max_hp_loss":0,"event_name":"Cursed Tome","floor":19,"gold_loss":0},{"cards_removed":["Blizzard"],"damage_healed":0,"gold_gain":0,"player_choice":"Elegance","damage_taken":0,"max_hp_gain":0,"max_hp_loss":0,"event_name":"Back to Basics","floor":20,"gold_loss":0}],"is_beta":false,"boss_relics":[{"not_picked":["Velvet Choker","Nuclear Battery"],"picked":"Pandora\u0027s Box"}],"items_purged_floors":[4],"is_endless":false,"potions_floor_spawned":[1,11,12,16,21,24,25],"killed_by":"Centurion and Healer","ascension_level":20}