{"gold_per_floor":[109,69,69,82,82,117,82,82,106,119,162,162,187,222,222,222],"floor_reached":16,"playtime":431,"items_purged":[],"score":286,"play_id":"74cdd3c9-a515-4288-ab3a-00f77b91ad1b","local_time":"20230430195524","is_ascension_mode":true,"campfire_choices":[{"data":"Genetic Algorithm","floor":8,"key":"SMITH"},{"floor":12,"key":"REST"},{"data":"Zap","floor":15,"key":"SMITH"}],"neow_cost":"NONE","seed_source_timestamp":153781512871800,"circlet_count":0,"master_deck":["AscendersBane","Strike_B","Strike_B+1","Strike_B+1","Strike_B","Defend_B","Defend_B","Defend_B","Defend_B","Zap+1","Dualcast","Genetic Algorithm+1","Melter","Capacitor","Chill","Compile Driver","Redo","Ball Lightning","Self Repair"],"relics":["Cracked Core","NeowsBlessing","Golden Idol","MealTicket","Whetstone","Potion Belt","Lantern"],"potions_floor_usage":[11,14,16],"damage_taken":[{"damage":0,"enemies":"Jaw Worm","floor":1,"turns":1},{"damage":0,"enemies":"2 Louse","floor":4,"turns":1},{"damage":0,"enemies":"Lagavulin","floor":6,"turns":2},{"damage":10,"enemies":"Small Slimes","floor":10,"turns":3},{"damage":23,"enemies":"3 Sentries","floor":11,"turns":10},{"damage":0,"enemies":"Exordium Wildlife","floor":13,"turns":3},{"damage":12,"enemies":"Lagavulin","floor":14,"turns":7},{"damage":41,"enemies":"Hexaghost","floor":16,"turns":9}],"seed_played":"-291813701013378260","potions_obtained":[{"floor":1,"key":"Block Potion"},{"floor":11,"key":"Block Potion"},{"floor":13,"key":"Energy Potion"},{"floor":14,"key":"ColorlessPotion"}],"is_trial":false,"path_per_floor":["M","$","?","M","?","E","?","R","T","M","E","R","M","E","R","B"],"character_chosen":"DEFECT","items_purchased":["Melter"],"campfire_rested":1,"item_purchase_floors":[2],"current_hp_per_floor":[64,64,69,69,43,43,62,62,62,52,29,51,51,39,39,0],"gold":222,"neow_bonus":"THREE_ENEMY_KILL","is_prod":false,"is_daily":false,"chose_seed":false,"campfire_upgraded":2,"win_rate":0,"timestamp":1682877324,"path_taken":["M","$","?","M","?","E","?","R","T","M","E","R","M","E","R","BOSS"],"build_version":"2022-12-18","purchased_purges":0,"victory":false,"max_hp_per_floor":[71,71,76,76,76,76,76,76,76,76,76,76,76,76,76,76],"card_choices":[{"not_picked":["Compile Driver","Cold Snap"],"picked":"Genetic Algorithm","floor":1},{"not_picked":["Force Field","Consume"],"picked":"Capacitor","floor":4},{"not_picked":["Go for the Eyes","Conserve Battery"],"picked":"Chill","floor":6},{"not_picked":["Melter","Redo"],"picked":"Compile Driver","floor":10},{"not_picked":["Beam Cell","Rebound"],"picked":"Redo","floor":11},{"not_picked":["Heatsinks","Blizzard"],"picked":"Ball Lightning","floor":13},{"not_picked":["Sweeping Beam","Redo"],"picked":"Self Repair","floor":14}],"player_experience":2388052,"relics_obtained":[{"floor":6,"key":"MealTicket"},{"floor":9,"key":"Whetstone"},{"floor":11,"key":"Potion Belt"},{"floor":14,"key":"Lantern"}],"event_choices":[{"damage_healed":0,"gold_gain":0,"player_choice":"Donut","damage_taken":0,"max_hp_gain":5,"max_hp_loss":0,"event_name":"Big Fish","floor":3,"gold_loss":0},{"damage_healed":0,"gold_gain":0,"player_choice":"Take Damage","damage_taken":26,"relics_obtained":["Golden Idol"],"max_hp_gain":0,"max_hp_loss":0,"event_name":"Golden Idol","floor":5,"gold_loss":0},{"damage_healed":19,"gold_gain":0,"player_choice":"Healed","damage_taken":0,"max_hp_gain":0,"max_hp_loss":0,"event_name":"The Cleric","floor":7,"gold_loss":35}],"is_beta":false,"boss_relics":[],"items_purged_floors":[],"is_endless":false,"potions_floor_spawned":[1,11,13,14],"killed_by":"Hexaghost","ascension_level":20}