{"gold_per_floor":[115,129,203,203,203,203,231,231,284,158,203,214,214,243,243,314,314,334,353,353,353,376,409,409,436,459,493,493,493,510,579,579,656,656,666,684,426,437,92,123,123,141,192,192,217,217,250,250,250,250,250,250,250,29,60,60],"floor_reached":56,"playtime":2640,"items_purged":["Strike_B","Strike_B"],"score":2340,"play_id":"3f1506c9-ec8b-450d-a7ba-2602fff1b84d","local_time":"20230430213451","is_ascension_mode":true,"campfire_choices":[{"data":"Beam Cell","floor":6,"key":"SMITH"},{"data":"Creative AI","floor":8,"key":"SMITH"},{"data":"Zap","floor":13,"key":"SMITH"},{"floor":15,"key":"REST"},{"data":"Dualcast","floor":28,"key":"SMITH"},{"data":"Barrage","floor":32,"key":"SMITH"},{"floor":44,"key":"RECALL"},{"data":"Fission","floor":46,"key":"SMITH"},{"floor":49,"key":"DIG"},{"floor":53,"key":"DIG"}],"neow_cost":"NONE","seed_source_timestamp":157540368860100,"circlet_count":0,"master_deck":["AscendersBane","Defend_B","Defend_B","Zap+1","Dualcast+1","Ball Lightning","Beam Cell+1","Creative AI+1","Ball Lightning","Compile Driver","Coolheaded","Rainbow","Conserve Battery","Barrage+1","Compile Driver","Melter","Meteor Strike","Creative AI","Undo","Blind","Fission+1","Turbo+1","Tempest","Meteor Strike","Hologram+1","Injury","White Noise+1","Echo Form"],"relics":["Cracked Core","NeowsBlessing","HornCleat","Happy Flower","Ornamental Fan","Bronze Scales","Tiny Chest","Bag of Marbles","Nuclear Battery","Pen Nib","Bag of Preparation","Eternal Feather","Anchor","Blood Vial","Shuriken","Cursed Key","DollysMirror","PreservedInsect","Oddly Smooth Stone","Mango","Centennial Puzzle","Shovel","Strawberry","InkBottle","Chemical X","Art of War"],"potions_floor_usage":[23,23,25,33,40,45,47,56,56],"damage_taken":[{"damage":0,"enemies":"Cultist","floor":1,"turns":1},{"damage":0,"enemies":"Jaw Worm","floor":2,"turns":1},{"damage":0,"enemies":"Lagavulin","floor":7,"turns":1},{"damage":6,"enemies":"Small Slimes","floor":12,"turns":2},{"damage":11,"enemies":"3 Sentries","floor":14,"turns":4},{"damage":2,"enemies":"Slime Boss","floor":16,"turns":7},{"damage":0,"enemies":"Spheric Guardian","floor":18,"turns":4},{"damage":4,"enemies":"3 Byrds","floor":19,"turns":2},{"damage":23,"enemies":"Slavers","floor":23,"turns":5},{"damage":3,"enemies":"Gremlin Leader","floor":25,"turns":4},{"damage":8,"enemies":"Book of Stabbing","floor":27,"turns":4},{"damage":0,"enemies":"Snecko","floor":30,"turns":2},{"damage":0,"enemies":"Collector","floor":33,"turns":7},{"damage":2,"enemies":"3 Shapes","floor":35,"turns":5},{"damage":0,"enemies":"Orb Walker","floor":36,"turns":2},{"damage":11,"enemies":"Transient","floor":38,"turns":6},{"damage":0,"enemies":"Giant Head","floor":40,"turns":4},{"damage":0,"enemies":"Spire Growth","floor":42,"turns":3},{"damage":0,"enemies":"Reptomancer","floor":45,"turns":4},{"damage":2,"enemies":"Giant Head","floor":47,"turns":5},{"damage":44,"enemies":"Donu and Deca","floor":50,"turns":7},{"damage":46,"enemies":"Time Eater","floor":51,"turns":9},{"damage":39,"enemies":"Shield and Spear","floor":55,"turns":5},{"damage":75,"enemies":"The Heart","floor":56,"turns":3}],"seed_played":"-8367432714795017127","potions_obtained":[{"floor":14,"key":"EntropicBrew"},{"floor":16,"key":"Energy Potion"},{"floor":23,"key":"DistilledChaos"},{"floor":25,"key":"FearPotion"},{"floor":33,"key":"SmokeBomb"},{"floor":36,"key":"Energy Potion"},{"floor":40,"key":"SneckoOil"},{"floor":47,"key":"PotionOfCapacity"}],"is_trial":false,"path_per_floor":["M","M","T","?","?","R","E","R","T","$","T","M","R","E","R","B",null,"M","M","?","?","T","E","?","E","T","E","R","?","M","T","R","B",null,"M","M","$","M","$","E","?","M","T","R","E","R","E","T","R","B","B",null,"R","$","E","B"],"character_chosen":"DEFECT","items_purchased":["Ball Lightning","DollysMirror","PreservedInsect","Oddly Smooth Stone","Chemical X","BlessingOfTheForge"],"campfire_rested":1,"item_purchase_floors":[10,37,39,39,54,54],"current_hp_per_floor":[64,64,64,53,53,53,53,53,53,53,53,47,47,36,57,55,67,67,63,63,63,63,40,40,37,37,29,41,29,31,31,43,45,65,65,67,67,58,58,74,74,76,76,85,85,85,83,83,92,48,4,70,85,85,48,0],"gold":60,"neow_bonus":"THREE_ENEMY_KILL","is_prod":false,"is_daily":false,"chose_seed":false,"campfire_upgraded":6,"win_rate":0,"timestamp":1682883291,"path_taken":["M","?","?","?","?","R","E","R","T","$","?","?","R","E","R","BOSS","M","M","?","?","?","E","?","E","T","E","R","?","?","?","R","BOSS","M","M","?","M","$","E","?","?","T","R","E","R","E","?","R","BOSS","BOSS","R","$","E","BOSS"],"build_version":"2022-12-18","purchased_purges":2,"victory":false,"max_hp_per_floor":[71,71,71,71,71,71,71,71,71,71,71,71,71,71,71,71,71,71,71,71,71,71,71,71,71,71,71,71,71,71,71,71,71,71,71,71,71,71,71,85,85,85,85,85,85,85,85,85,92,92,92,92,92,92,92,92],"card_choices":[{"not_picked":["Sweeping Beam","Barrage"],"picked":"Ball Lightning","floor":1},{"not_picked":["Go for the Eyes","Redo"],"picked":"Beam Cell","floor":2},{"not_picked":["Hologram","Genetic Algorithm"],"picked":"Creative AI","floor":7},{"not_picked":["Static Discharge","Scrape"],"picked":"Compile Driver","floor":12},{"not_picked":["Steam","Beam Cell"],"picked":"Coolheaded","floor":14},{"not_picked":["Machine Learning","All For One"],"picked":"Rainbow","floor":16},{"not_picked":["Hello World","Cold Snap","Gash"],"picked":"SKIP","floor":18},{"not_picked":["Ball Lightning","Streamline"],"picked":"Conserve Battery","floor":19},{"not_picked":["Recycle","Gash"],"picked":"Compile Driver","floor":23},{"not_picked":["Melter","Hologram"],"picked":"Creative AI","floor":25},{"not_picked":["Hologram","Blizzard"],"picked":"Undo","floor":27},{"not_picked":["Go for the Eyes","Self Repair","Genetic Algorithm"],"picked":"SKIP","floor":30},{"not_picked":["All For One","Hyperbeam"],"picked":"Fission","floor":33},{"not_picked":["Stack","Sweeping Beam"],"picked":"Turbo+1","floor":35},{"not_picked":["Compile Driver","Conserve Battery"],"picked":"Tempest","floor":36},{"not_picked":["Double Energy","Gash+1"],"picked":"Hologram+1","floor":38},{"not_picked":["Self Repair+1","Cold Snap","Sunder"],"picked":"SKIP","floor":40},{"not_picked":["Go for the Eyes","Lockon","Turbo"],"picked":"SKIP","floor":42},{"not_picked":["Cold Snap","Blizzard"],"picked":"White Noise+1","floor":45},{"not_picked":["Beam Cell","Redo","Turbo+1"],"picked":"SKIP","floor":47},{"not_picked":["Compile Driver","Melter+1"],"picked":"Echo Form","floor":55}],"player_experience":2389150,"relics_obtained":[{"floor":3,"key":"HornCleat"},{"floor":7,"key":"Ornamental Fan"},{"floor":9,"key":"Bronze Scales"},{"floor":11,"key":"Tiny Chest"},{"floor":14,"key":"Bag of Marbles"},{"floor":22,"key":"Pen Nib"},{"floor":23,"key":"Bag of Preparation"},{"floor":25,"key":"Eternal Feather"},{"floor":26,"key":"Anchor"},{"floor":27,"key":"Blood Vial"},{"floor":31,"key":"Shuriken"},{"floor":40,"key":"Mango"},{"floor":45,"key":"Centennial Puzzle"},{"floor":47,"key":"Shovel"},{"floor":49,"key":"Strawberry"},{"floor":53,"key":"InkBottle"},{"floor":55,"key":"Art of War"}],"event_choices":[{"damage_healed":0,"gold_gain":0,"player_choice":"Success","damage_taken":11,"relics_obtained":["Happy Flower"],"max_hp_gain":0,"max_hp_loss":0,"event_name":"Scrap Ooze","floor":4,"gold_loss":0},{"damage_healed":0,"gold_gain":0,"player_choice":"Ignored","damage_taken":0,"max_hp_gain":0,"max_hp_loss":0,"event_name":"Shining Light","floor":5,"gold_loss":0},{"cards_removed":["Defend_B"],"damage_healed":0,"gold_gain":0,"player_choice":"Elegance","damage_taken":0,"max_hp_gain":0,"max_hp_loss":0,"event_name":"Back to Basics","floor":20,"gold_loss":0},{"damage_healed":0,"gold_gain":0,"player_choice":"Read","damage_taken":0,"max_hp_gain":0,"max_hp_loss":0,"event_name":"The Library","floor":21,"gold_loss":0,"cards_obtained":["Barrage"]},{"damage_healed":0,"gold_gain":0,"cards_transformed":["Strike_B","Strike_B"],"player_choice":"Became Test Subject","damage_taken":0,"max_hp_gain":0,"max_hp_loss":0,"event_name":"Drug Dealer","floor":24,"gold_loss":0,"cards_obtained":["Melter","Meteor Strike"]},{"damage_healed":0,"gold_gain":0,"player_choice":"CARD ","damage_taken":12,"max_hp_gain":0,"max_hp_loss":0,"event_name":"Knowing Skull","floor":29,"potions_obtained":[],"gold_loss":0,"cards_obtained":["Blind"]},{"cards_removed":["Defend_B"],"damage_healed":0,"gold_gain":0,"player_choice":"Purged","damage_taken":0,"max_hp_gain":0,"max_hp_loss":0,"event_name":"Purifier","floor":41,"gold_loss":0}],"is_beta":false,"boss_relics":[{"not_picked":["Empty Cage","Tiny House"],"picked":"Nuclear Battery"},{"not_picked":["Black Star","Pandora\u0027s Box"],"picked":"Cursed Key"}],"items_purged_floors":[10,37],"is_endless":false,"potions_floor_spawned":[14,16,23,25,27,33,36,40,47],"killed_by":"The Heart","ascension_level":20}