{"gold_per_floor":[114,114,189,234,258,258,302,326,326,339,339,25,46,81,81,81],"floor_reached":16,"playtime":315,"items_purged":["Injury"],"score":270,"play_id":"922fd6f9-0bb8-4710-8059-20a5e28c86f6","local_time":"20230612185827","is_ascension_mode":true,"campfire_choices":[{"data":"Tempest","floor":6,"key":"SMITH"},{"data":"Zap","floor":11,"key":"SMITH"},{"floor":15,"key":"REST"}],"neow_cost":"NONE","seed_source_timestamp":1733434098267900,"circlet_count":0,"master_deck":["AscendersBane","Strike_B","Strike_B","Strike_B","Strike_B","Defend_B","Defend_B","Defend_B","Defend_B","Zap+1","Dualcast","Conserve Battery","Tempest+1","Lockon","Beam Cell","Amplify+1","Capacitor","Coolheaded+1","Defragment"],"relics":["Cracked Core","NeowsBlessing","Golden Idol","Sundial","Toxic Egg 2","OrangePellets","Cables"],"potions_floor_usage":[14,14],"damage_taken":[{"damage":0,"enemies":"2 Louse","floor":1,"turns":1},{"damage":0,"enemies":"Jaw Worm","floor":5,"turns":1},{"damage":0,"enemies":"Lagavulin","floor":7,"turns":1},{"damage":0,"enemies":"Cultist","floor":8,"turns":2},{"damage":12,"enemies":"Lots of Slimes","floor":10,"turns":3},{"damage":0,"enemies":"2 Fungi Beasts","floor":13,"turns":3},{"damage":37,"enemies":"3 Sentries","floor":14,"turns":7},{"damage":27,"enemies":"Slime Boss","floor":16,"turns":3}],"seed_played":"5926969596873535469","potions_obtained":[{"floor":7,"key":"Swift Potion"},{"floor":13,"key":"DistilledChaos"},{"floor":14,"key":"Explosive Potion"}],"is_trial":false,"path_per_floor":["M","?","?","T","M","R","E","M","T","M","R","$","M","E","R","B"],"character_chosen":"DEFECT","items_purchased":["OrangePellets","Capacitor"],"campfire_rested":1,"item_purchase_floors":[12,12],"current_hp_per_floor":[64,64,53,53,53,53,53,53,53,41,41,41,41,4,25,0],"gold":81,"neow_bonus":"THREE_ENEMY_KILL","is_prod":false,"is_daily":false,"chose_seed":false,"campfire_upgraded":2,"win_rate":0,"timestamp":1686589107,"path_taken":["M","?","?","?","?","R","E","M","T","M","R","?","M","E","R","BOSS"],"build_version":"2022-12-18","purchased_purges":1,"victory":false,"max_hp_per_floor":[71,71,71,71,71,71,71,71,71,71,71,71,71,71,71,71],"card_choices":[{"not_picked":["Hello World","Rebound"],"picked":"Conserve Battery","floor":1},{"not_picked":["Go for the Eyes","Cold Snap"],"picked":"Tempest","floor":5},{"not_picked":["Reinforced Body","Hologram"],"picked":"Lockon","floor":7},{"not_picked":["Gash","Hologram"],"picked":"Beam Cell","floor":8},{"not_picked":["Conserve Battery+1","Go for the Eyes"],"picked":"Amplify+1","floor":10},{"not_picked":["Sunder","Sweeping Beam"],"picked":"Coolheaded+1","floor":13},{"not_picked":["Compile Driver","Redo+1"],"picked":"Defragment","floor":14}],"player_experience":2397706,"relics_obtained":[{"floor":7,"key":"Sundial"},{"floor":9,"key":"Toxic Egg 2"},{"floor":14,"key":"Cables"}],"event_choices":[{"damage_healed":0,"gold_gain":0,"player_choice":"Take Wound","damage_taken":0,"relics_obtained":["Golden Idol"],"max_hp_gain":0,"max_hp_loss":0,"event_name":"Golden Idol","floor":2,"gold_loss":0,"cards_obtained":["Injury"]},{"damage_healed":0,"gold_gain":75,"player_choice":"Gather Gold","damage_taken":11,"max_hp_gain":0,"max_hp_loss":0,"event_name":"World of Goop","floor":3,"gold_loss":0}],"is_beta":false,"boss_relics":[],"items_purged_floors":[12],"is_endless":false,"potions_floor_spawned":[7,13,14],"killed_by":"Slime Boss","ascension_level":20}