{"gold_per_floor":[116,133,133,152,117,145,158,158,158,158,185,195,195,212,212,284,284,295,62,62,112,112,112,140,140,140,171,171,206,218,246,246,323,323,336,336,336,96,106,136,150,176,176,176,176,4,4,24,24,24,24],"floor_reached":51,"playtime":2031,"items_purged":["Strike_B","Writhe"],"score":1478,"play_id":"398eafc0-7ce7-4a8a-9ab9-fc591914f28c","local_time":"20230802160753","is_ascension_mode":true,"campfire_choices":[{"data":"The Bomb","floor":8,"key":"SMITH"},{"data":"Hologram","floor":10,"key":"SMITH"},{"data":"Self Repair","floor":13,"key":"SMITH"},{"data":"Zap","floor":15,"key":"SMITH"},{"data":"Turbo","floor":23,"key":"SMITH"},{"data":"Chill","floor":25,"key":"SMITH"},{"floor":32,"key":"REST"},{"data":"Fission","floor":44,"key":"SMITH"},{"data":"Fusion","floor":47,"key":"SMITH"},{"floor":49,"key":"RECALL"}],"neow_cost":"PERCENT_DAMAGE","seed_source_timestamp":800081482397100,"circlet_count":0,"master_deck":["AscendersBane","Strike_B","Strike_B","Defend_B","Defend_B","Defend_B","Defend_B","Zap+1","Dualcast","The Bomb+1","Ball Lightning","Leap","Coolheaded","Self Repair+1","Hologram+1","Turbo+1","Glacier","Electrodynamics","CurseOfTheBell","Chill+1","Fusion+1","Capacitor","Barrage","Creative AI","Rip and Tear","Fission+1","Double Energy","Conserve Battery+1"],"relics":["Cracked Core","Matryoshka","DataDisk","Lizard Tail","Boot","Calling Bell","Tiny Chest","Shuriken","Pocketwatch","Runic Capacitor","Bottled Lightning","Art of War","Mummified Hand","MealTicket","InkBottle","Kunai","Runic Dome","HornCleat","Centennial Puzzle","Thread and Needle","Pear","Medical Kit"],"potions_floor_usage":[4,11,18,27,33,50,51],"damage_taken":[{"damage":4,"enemies":"Jaw Worm","floor":1,"turns":3},{"damage":1,"enemies":"Cultist","floor":2,"turns":3},{"damage":8,"enemies":"Small Slimes","floor":4,"turns":4},{"damage":17,"enemies":"Lagavulin","floor":6,"turns":6},{"damage":7,"enemies":"Blue Slaver","floor":7,"turns":4},{"damage":6,"enemies":"3 Sentries","floor":11,"turns":3},{"damage":1,"enemies":"Red Slaver","floor":12,"turns":3},{"damage":4,"enemies":"Large Slime","floor":14,"turns":4},{"damage":19,"enemies":"Hexaghost","floor":16,"turns":8},{"damage":5,"enemies":"3 Byrds","floor":18,"turns":4},{"damage":7,"enemies":"Gremlin Leader","floor":24,"turns":6},{"damage":21,"enemies":"Book of Stabbing","floor":27,"turns":6},{"damage":15,"enemies":"Gremlin Leader","floor":29,"turns":6},{"damage":13,"enemies":"Shell Parasite","floor":30,"turns":5},{"damage":29,"enemies":"Slavers","floor":31,"turns":3},{"damage":49,"enemies":"Champ","floor":33,"turns":13},{"damage":8,"enemies":"Orb Walker","floor":35,"turns":3},{"damage":0,"enemies":"3 Shapes","floor":39,"turns":3},{"damage":39,"enemies":"Nemesis","floor":40,"turns":5},{"damage":17,"enemies":"Spire Growth","floor":41,"turns":5},{"damage":60,"enemies":"Giant Head","floor":42,"turns":9},{"damage":22,"enemies":"Maw","floor":48,"turns":5},{"damage":34,"enemies":"Donu and Deca","floor":50,"turns":10},{"damage":26,"enemies":"Time Eater","floor":51,"turns":4}],"seed_played":"-2648457076272418488","potions_obtained":[{"floor":1,"key":"Swift Potion"},{"floor":2,"key":"SkillPotion"},{"floor":6,"key":"Block Potion"},{"floor":12,"key":"Swift Potion"},{"floor":18,"key":"FearPotion"},{"floor":24,"key":"FairyPotion"},{"floor":31,"key":"Ancient Potion"},{"floor":42,"key":"CultistPotion"}],"is_trial":false,"path_per_floor":["M","M","?","M","?","E","M","R","T","R","E","M","R","M","R","B",null,"M","$","?","?","?","R","E","R","T","E","T","E","M","E","R","B",null,"M","?","?","$","M","E","M","E","T","R","T","$","R","M","R","B","B"],"character_chosen":"DEFECT","items_purchased":["Runic Capacitor","Fission","FocusPotion","Medical Kit"],"campfire_rested":1,"item_purchase_floors":[19,38,38,46],"current_hp_per_floor":[42,41,41,33,50,33,33,33,33,33,34,40,40,46,46,37,63,58,58,58,58,58,58,61,61,61,50,50,45,42,13,34,27,60,52,66,66,71,71,42,35,32,32,32,42,57,57,45,45,21,0],"gold":24,"neow_bonus":"RANDOM_COLORLESS_2","is_prod":false,"is_daily":false,"chose_seed":false,"campfire_upgraded":8,"win_rate":0,"timestamp":1690985273,"path_taken":["M","M","?","?","?","E","M","R","T","R","E","M","R","M","R","BOSS","M","$","?","?","?","R","E","R","T","E","?","E","M","E","R","BOSS","M","?","?","$","?","E","M","E","T","R","?","$","R","?","R","BOSS","BOSS"],"build_version":"2022-12-18","purchased_purges":2,"victory":false,"max_hp_per_floor":[71,71,71,71,71,71,71,71,71,71,71,71,71,71,71,71,71,71,71,71,71,71,71,71,71,71,71,71,71,71,71,71,71,71,71,71,71,71,71,71,71,71,71,71,81,81,81,81,81,81,81],"card_choices":[{"not_picked":["Magnetism","Secret Weapon"],"picked":"The Bomb","floor":0},{"not_picked":["Skim","Storm"],"picked":"Ball Lightning","floor":1},{"not_picked":["FTL","Redo"],"picked":"Leap","floor":2},{"not_picked":["Stack","Rebound"],"picked":"Coolheaded","floor":4},{"not_picked":["Double Energy","Chaos"],"picked":"Self Repair","floor":6},{"not_picked":["Gash","Steam Power"],"picked":"Hologram","floor":7},{"not_picked":["Hello World","Leap"],"picked":"Turbo","floor":11},{"not_picked":["Sweeping Beam","Steam","Stack"],"picked":"SKIP","floor":12},{"not_picked":["Cold Snap","Barrage"],"picked":"Glacier","floor":14},{"not_picked":["Meteor Strike","All For One"],"picked":"Electrodynamics","floor":16},{"not_picked":["Redo","BootSequence","Steam"],"picked":"SKIP","floor":18},{"not_picked":["Darkness+1","Turbo"],"picked":"Chill","floor":24},{"not_picked":["Turbo","Hello World+1"],"picked":"Fusion","floor":27},{"not_picked":["Recycle","Electrodynamics"],"picked":"Capacitor","floor":29},{"not_picked":["Blizzard","Stack"],"picked":"Barrage","floor":30},{"not_picked":["Lockon","Go for the Eyes+1","White Noise"],"picked":"SKIP","floor":31},{"not_picked":["Meteor Strike","Buffer"],"picked":"Creative AI","floor":33},{"not_picked":["Leap","Turbo","BootSequence+1"],"picked":"SKIP","floor":35},{"not_picked":["Conserve Battery","Steam"],"picked":"Double Energy","floor":39},{"not_picked":["Fusion","Sunder","Go for the Eyes"],"picked":"SKIP","floor":40},{"not_picked":["Sweeping Beam","Cold Snap"],"picked":"Conserve Battery+1","floor":41},{"not_picked":["Rebound","Streamline","Static Discharge+1"],"picked":"SKIP","floor":42},{"not_picked":["Steam","Conserve Battery","Ball Lightning"],"picked":"SKIP","floor":48}],"player_experience":2408319,"relics_obtained":[{"floor":6,"key":"Matryoshka"},{"floor":9,"key":"DataDisk"},{"floor":9,"key":"Lizard Tail"},{"floor":11,"key":"Boot"},{"floor":17,"key":"Tiny Chest"},{"floor":17,"key":"Shuriken"},{"floor":17,"key":"Pocketwatch"},{"floor":24,"key":"Bottled Lightning"},{"floor":26,"key":"Art of War"},{"floor":26,"key":"Mummified Hand"},{"floor":27,"key":"MealTicket"},{"floor":29,"key":"InkBottle"},{"floor":31,"key":"Kunai"},{"floor":40,"key":"HornCleat"},{"floor":42,"key":"Centennial Puzzle"},{"floor":43,"key":"Thread and Needle"},{"floor":45,"key":"Pear"}],"event_choices":[{"cards_removed":["Strike_B"],"damage_healed":0,"gold_gain":0,"player_choice":"Purged","damage_taken":0,"max_hp_gain":0,"max_hp_loss":0,"event_name":"Purifier","floor":3,"gold_loss":0},{"damage_healed":17,"gold_gain":0,"player_choice":"Healed","damage_taken":0,"max_hp_gain":0,"max_hp_loss":0,"event_name":"The Cleric","floor":5,"gold_loss":35},{"damage_healed":0,"gold_gain":0,"player_choice":"Ignored","damage_taken":0,"max_hp_gain":0,"max_hp_loss":0,"event_name":"Vampires","floor":20,"gold_loss":0},{"damage_healed":0,"gold_gain":50,"player_choice":"Stole From Cult","damage_taken":0,"max_hp_gain":0,"max_hp_loss":0,"event_name":"Nest","floor":21,"gold_loss":0},{"damage_healed":0,"gold_gain":0,"player_choice":"0 cards matched","damage_taken":0,"max_hp_gain":0,"max_hp_loss":0,"event_name":"Match and Keep!","floor":22,"gold_loss":0,"cards_obtained":[]},{"damage_healed":14,"gold_gain":0,"player_choice":"Writhe","damage_taken":0,"max_hp_gain":0,"max_hp_loss":0,"event_name":"Winding Halls","floor":36,"gold_loss":0,"cards_obtained":["Writhe"]},{"damage_healed":0,"gold_gain":0,"player_choice":"1 cards matched","damage_taken":0,"max_hp_gain":0,"max_hp_loss":0,"event_name":"Match and Keep!","floor":37,"gold_loss":0,"cards_obtained":["Rip and Tear"]}],"is_beta":false,"boss_relics":[{"not_picked":["Sozu","Fusion Hammer"],"picked":"Calling Bell"},{"not_picked":["Philosopher\u0027s Stone","FrozenCore"],"picked":"Runic Dome"}],"items_purged_floors":[19,38],"is_endless":false,"potions_floor_spawned":[1,2,6,12,18,24,31,42],"killed_by":"Time Eater","ascension_level":20}