{"gold_per_floor":[115,115,130,162,162,162,222,222,222,222,247,262,297,317,317,394,394,404,329,329,339,229,229,259,259],"floor_reached":25,"playtime":1159,"items_purged":[],"score":553,"play_id":"8479475b-4235-4a33-aadf-59d761f1d083","local_time":"20230722230833","is_ascension_mode":true,"campfire_choices":[{"data":"Transmutation","floor":6,"key":"SMITH"},{"floor":10,"key":"REST"},{"data":"Capacitor","floor":15,"key":"SMITH"},{"data":"Biased Cognition","floor":23,"key":"SMITH"}],"neow_cost":"TEN_PERCENT_HP_LOSS","seed_source_timestamp":132422541816699,"circlet_count":0,"master_deck":["AscendersBane","Defend_B","Defend_B","Defend_B+1","Zap","Dualcast","Transmutation+1","Gash","Biased Cognition+1","Tempest+1","Undo","Seek+1","Capacitor+1","All For One","Electrodynamics","Steam+1","Bite","Bite","Bite","Bite+1","Bite","Gash","Steam"],"relics":["Cracked Core","HornCleat","InkBottle","Strawberry","Darkstone Periapt","Runic Pyramid","War Paint"],"potions_floor_usage":[11,11,13,21,24,25],"damage_taken":[{"damage":0,"enemies":"2 Louse","floor":1,"turns":2},{"damage":12,"enemies":"Cultist","floor":3,"turns":4},{"damage":4,"enemies":"Small Slimes","floor":4,"turns":5},{"damage":12,"enemies":"Lagavulin","floor":7,"turns":6},{"damage":0,"enemies":"Gremlin Nob","floor":11,"turns":3},{"damage":0,"enemies":"2 Fungi Beasts","floor":12,"turns":4},{"damage":8,"enemies":"3 Sentries","floor":13,"turns":6},{"damage":11,"enemies":"Exordium Thugs","floor":14,"turns":5},{"damage":41,"enemies":"Slime Boss","floor":16,"turns":9},{"damage":17,"enemies":"Shell Parasite","floor":18,"turns":5},{"damage":11,"enemies":"2 Thieves","floor":21,"turns":4},{"damage":29,"enemies":"Slavers","floor":24,"turns":2},{"damage":23,"enemies":"Sentry and Sphere","floor":25,"turns":5}],"seed_played":"-319230171234661957","potions_obtained":[{"floor":1,"key":"SteroidPotion"},{"floor":3,"key":"FocusPotion"},{"floor":11,"key":"SkillPotion"},{"floor":12,"key":"Energy Potion"},{"floor":18,"key":"SpeedPotion"},{"floor":21,"key":"ColorlessPotion"}],"is_trial":false,"path_per_floor":["M","?","M","M","?","R","E","?","T","R","E","M","E","M","R","B",null,"M","?","?","M","?","R","E","M"],"character_chosen":"DEFECT","items_purchased":[],"campfire_rested":1,"item_purchase_floors":[],"current_hp_per_floor":[64,64,52,48,48,48,36,36,36,55,62,62,54,43,43,2,54,37,37,37,34,34,34,5,0],"gold":259,"neow_bonus":"RANDOM_COLORLESS_2","is_prod":false,"is_daily":false,"chose_seed":false,"campfire_upgraded":3,"win_rate":0,"timestamp":1690060113,"path_taken":["M","?","M","?","?","R","E","?","T","R","E","?","E","?","R","BOSS","M","?","?","M","?","R","E","?"],"build_version":"2022-12-18","purchased_purges":0,"victory":false,"max_hp_per_floor":[64,64,64,64,64,64,64,64,64,64,71,71,71,71,71,71,71,71,71,49,49,49,49,49,49],"card_choices":[{"not_picked":["Sadistic Nature","Thinking Ahead"],"picked":"Transmutation","floor":0},{"not_picked":["Go for the Eyes","Coolheaded"],"picked":"Gash","floor":1},{"not_picked":["Auto Shields","Storm"],"picked":"Tempest","floor":3},{"not_picked":["Force Field","Beam Cell"],"picked":"Undo","floor":4},{"not_picked":["Rebound","Hologram"],"picked":"Seek","floor":7},{"not_picked":["Coolheaded","Rebound"],"picked":"Capacitor","floor":11},{"not_picked":["Ball Lightning","Streamline","Reinforced Body"],"picked":"SKIP","floor":12},{"not_picked":["Chill","Force Field"],"picked":"All For One","floor":13},{"not_picked":["Sweeping Beam","Hologram","Storm"],"picked":"SKIP","floor":14},{"not_picked":["Multi-Cast","Thunder Strike"],"picked":"Electrodynamics","floor":16},{"not_picked":["Streamline","Storm"],"picked":"Steam+1","floor":18},{"not_picked":["Coolheaded","Self Repair"],"picked":"Gash","floor":21},{"not_picked":["Machine Learning","Ball Lightning"],"picked":"Steam","floor":24}],"player_experience":2402940,"relics_obtained":[{"floor":7,"key":"HornCleat"},{"floor":9,"key":"InkBottle"},{"floor":11,"key":"Strawberry"},{"floor":13,"key":"Darkstone Periapt"},{"floor":24,"key":"War Paint"}],"event_choices":[{"damage_healed":0,"gold_gain":0,"player_choice":"1 cards matched","damage_taken":0,"max_hp_gain":0,"max_hp_loss":0,"event_name":"Match and Keep!","floor":2,"gold_loss":0,"cards_obtained":["Biased Cognition"]},{"damage_healed":0,"gold_gain":0,"player_choice":"Ignored","damage_taken":0,"max_hp_gain":0,"max_hp_loss":0,"event_name":"Shining Light","floor":5,"gold_loss":0},{"damage_healed":0,"gold_gain":0,"player_choice":"Forge","damage_taken":0,"max_hp_gain":0,"max_hp_loss":0,"event_name":"Accursed Blacksmith","floor":8,"gold_loss":0,"cards_upgraded":["Tempest"]},{"cards_removed":["Strike_B"],"damage_healed":0,"gold_gain":0,"player_choice":"Gave Gold","damage_taken":0,"max_hp_gain":0,"max_hp_loss":0,"event_name":"Beggar","floor":19,"gold_loss":75},{"damage_healed":0,"gold_gain":0,"player_choice":"Became a vampire","damage_taken":0,"max_hp_gain":0,"max_hp_loss":22,"event_name":"Vampires","floor":20,"gold_loss":0,"cards_obtained":["Bite","Bite","Bite","Bite","Bite"]},{"cards_removed":["Defend_B"],"damage_healed":0,"gold_gain":0,"player_choice":"Upgrade and Remove","damage_taken":0,"max_hp_gain":0,"max_hp_loss":0,"event_name":"Designer","floor":22,"gold_loss":110,"cards_upgraded":["Bite"]}],"is_beta":false,"boss_relics":[{"not_picked":["SlaversCollar","Runic Dome"],"picked":"Runic Pyramid"}],"items_purged_floors":[],"is_endless":false,"potions_floor_spawned":[1,3,11,12,18,21],"killed_by":"Sentry and Sphere","ascension_level":20}