{"gold_per_floor":[118,118,98,110,185,185,210,210,210,239,253,16,34,44,44,123,123,139,139,139,119,25,25],"floor_reached":23,"playtime":535,"items_purged":["Clumsy"],"score":378,"play_id":"16dce650-840f-47c6-a38c-7cdd8e71d56c","local_time":"20230827102430","is_ascension_mode":true,"campfire_choices":[{"floor":6.0,"key":"REST"},{"data":"Zap","floor":8.0,"key":"SMITH"},{"floor":15.0,"key":"REST"}],"neow_cost":"CURSE","seed_source_timestamp":0,"circlet_count":0,"master_deck":["AscendersBane","Strike_B","Strike_B","Strike_B+1","Defend_B","Defend_B","Defend_B","Zap+1","Dualcast","Gash+1","Tempest","Auto Shields","Hello World","Echo Form","Genetic Algorithm","Electrodynamics","Beam Cell","Buffer","Ball Lightning","Ghostly","Ghostly","Ghostly","Fusion","Flash of Steel"],"special_seed":0,"relics":["Cracked Core","Unceasing Top","DataDisk","Dream Catcher","Empty Cage","Blue Candle"],"potions_floor_usage":[],"damage_taken":[{"damage":16.0,"enemies":"Small Slimes","floor":1.0,"turns":4.0},{"damage":12.0,"enemies":"2 Louse","floor":4.0,"turns":3.0},{"damage":25.0,"enemies":"Lagavulin","floor":10.0,"turns":5.0},{"damage":0.0,"enemies":"Cultist","floor":11.0,"turns":3.0},{"damage":1.0,"enemies":"Looter","floor":13.0,"turns":3.0},{"damage":3.0,"enemies":"Blue Slaver","floor":14.0,"turns":3.0},{"damage":17.0,"enemies":"Slime Boss","floor":16.0,"turns":6.0},{"damage":39.0,"enemies":"Shell Parasite","floor":18.0,"turns":7.0},{"damage":16,"enemies":"2 Thieves","floor":21,"turns":4},{"damage":2,"enemies":"Gremlin Leader","floor":23,"turns":3}],"seed_played":"-168960474610921323","potions_obtained":[{"floor":1.0,"key":"Regen Potion"},{"floor":3.0,"key":"LiquidMemories"},{"floor":4.0,"key":"FocusPotion"},{"floor":14.0,"key":"Block Potion"},{"floor":16.0,"key":"FocusPotion"}],"is_trial":false,"path_per_floor":["M","?","?","M","?","R","T","R","T","E","M","$","M","M","R","B",null,"M","T","?","M","$","E"],"character_chosen":"DEFECT","items_purchased":["Echo Form","Flash of Steel"],"campfire_rested":2,"item_purchase_floors":[12,22],"current_hp_per_floor":[48,27,27,15,4,25,25,25,25,14,14,14,13,10,31,14,57,18,18,18,2,2,0],"gold":25,"neow_bonus":"ONE_RARE_RELIC","is_prod":false,"is_daily":false,"chose_seed":false,"campfire_upgraded":1,"win_rate":0,"timestamp":1693124670,"path_taken":["M","?","?","?","?","R","?","R","T","E","M","?","M","?","R","BOSS","M","?","?","M","?","E"],"build_version":"2022-12-18","purchased_purges":1,"victory":false,"max_hp_per_floor":[71,71,71,71,71,71,71,71,71,71,71,71,71,71,71,71,71,71,71,35,35,35,35],"card_choices":[{"not_picked":["Heatsinks","Genetic Algorithm"],"picked":"Gash","floor":1.0},{"not_picked":["Sweeping Beam","Coolheaded"],"picked":"Tempest","floor":4.0},{"not_picked":["Sunder","Rebound"],"picked":"Auto Shields","floor":10.0},{"not_picked":["Barrage","Compile Driver"],"picked":"Hello World","floor":11.0},{"not_picked":["Barrage","BootSequence"],"picked":"Genetic Algorithm","floor":13.0},{"not_picked":["Hologram","BootSequence"],"picked":"Electrodynamics","floor":14.0},{"not_picked":["Coolheaded","Double Energy"],"picked":"Beam Cell","floor":15.0},{"not_picked":["Rainbow","Multi-Cast"],"picked":"Buffer","floor":16.0},{"not_picked":["Beam Cell+1","Cold Snap"],"picked":"Ball Lightning","floor":18},{"not_picked":["Go for the Eyes+1","Sweeping Beam"],"picked":"Fusion","floor":21}],"player_experience":2430120,"relics_obtained":[{"floor":7.0,"key":"DataDisk"},{"floor":10.0,"key":"Dream Catcher"},{"floor":19,"key":"Blue Candle"}],"event_choices":[{"damage_healed":0.0,"max_hp_gain":0.0,"max_hp_loss":0.0,"gold_gain":0.0,"event_name":"Shining Light","player_choice":"Entered Light","floor":2.0,"gold_loss":0.0,"damage_taken":21.0,"cards_upgraded":["Strike_B","Gash"]},{"damage_healed":0.0,"max_hp_gain":0.0,"max_hp_loss":0.0,"gold_gain":0.0,"event_name":"The Woman in Blue","player_choice":"Bought 1 Potion","floor":3.0,"gold_loss":0.0,"damage_taken":0.0},{"damage_healed":0.0,"max_hp_gain":0.0,"max_hp_loss":0.0,"gold_gain":75.0,"event_name":"World of Goop","player_choice":"Gather Gold","floor":5.0,"gold_loss":0.0,"damage_taken":11.0},{"damage_healed":0,"gold_gain":0,"player_choice":"Became a Ghost","damage_taken":0,"max_hp_gain":0,"max_hp_loss":36,"event_name":"Ghosts","floor":20,"gold_loss":0,"cards_obtained":["Ghostly","Ghostly","Ghostly"]}],"is_beta":false,"boss_relics":[{"not_picked":["SacredBark","Sozu"],"picked":"Empty Cage"}],"items_purged_floors":[12],"is_endless":false,"potions_floor_spawned":[1,4,14,16],"killed_by":"Gremlin Leader","ascension_level":20}