{"gold_per_floor":[111,186,186,206,217,246,265,294,294,294],"floor_reached":10,"playtime":356,"items_purged":[],"score":156,"play_id":"b69a7efc-b029-484a-abe8-6679f84e732a","local_time":"20230920215629","is_ascension_mode":true,"campfire_choices":[],"neow_cost":"CURSE","seed_source_timestamp":469830975607500,"circlet_count":0,"master_deck":["AscendersBane","Strike_B","Strike_B","Strike_B","Strike_B","Defend_B","Defend_B","Defend_B","Defend_B","Zap","Dualcast","Echo Form","Barrage","Cold Snap","Compile Driver","Self Repair","FTL"],"relics":["Cracked Core","FossilizedHelix","Happy Flower","Kunai"],"potions_floor_usage":[6,8],"damage_taken":[{"damage":5,"enemies":"2 Louse","floor":1,"turns":3},{"damage":1,"enemies":"Cultist","floor":4,"turns":3},{"damage":0,"enemies":"Jaw Worm","floor":5,"turns":4},{"damage":21,"enemies":"3 Sentries","floor":6,"turns":8},{"damage":6,"enemies":"Blue Slaver","floor":7,"turns":3},{"damage":13,"enemies":"Lagavulin","floor":8,"turns":7},{"damage":50,"enemies":"Gremlin Nob","floor":10,"turns":4}],"seed_played":"3638080144359037132","potions_obtained":[{"floor":5,"key":"Swift Potion"},{"floor":7,"key":"DuplicationPotion"}],"is_trial":false,"path_per_floor":["M","?","?","M","M","E","M","E","T","E"],"character_chosen":"DEFECT","items_purchased":[],"campfire_rested":0,"item_purchase_floors":[],"current_hp_per_floor":[59,48,48,47,47,26,27,28,28,0],"gold":294,"neow_bonus":"THREE_RARE_CARDS","is_prod":false,"is_daily":false,"chose_seed":false,"campfire_upgraded":0,"win_rate":0,"timestamp":1695239789,"path_taken":["M","?","?","?","M","E","M","E","T","E"],"build_version":"2022-12-18","purchased_purges":0,"victory":false,"max_hp_per_floor":[71,71,71,71,71,71,71,71,71,71],"card_choices":[{"not_picked":["Fission","Multi-Cast"],"picked":"Echo Form","floor":0},{"not_picked":["Compile Driver","Leap"],"picked":"Barrage","floor":1},{"not_picked":["Turbo","Beam Cell"],"picked":"Cold Snap","floor":4},{"not_picked":["Hologram","Redo"],"picked":"Compile Driver","floor":5},{"not_picked":["Compile Driver","Conserve Battery"],"picked":"Self Repair","floor":6},{"not_picked":["Compile Driver","Beam Cell"],"picked":"FTL","floor":7},{"not_picked":["Compile Driver","Streamline","Steam"],"picked":"SKIP","floor":8}],"player_experience":2432238,"relics_obtained":[{"floor":6,"key":"FossilizedHelix"},{"floor":8,"key":"Happy Flower"},{"floor":9,"key":"Kunai"}],"event_choices":[{"damage_healed":0,"gold_gain":75,"player_choice":"Gather Gold","damage_taken":11,"max_hp_gain":0,"max_hp_loss":0,"event_name":"World of Goop","floor":2,"gold_loss":0},{"cards_removed":["Injury"],"damage_healed":0,"gold_gain":0,"player_choice":"Purged","damage_taken":0,"max_hp_gain":0,"max_hp_loss":0,"event_name":"Purifier","floor":3,"gold_loss":0}],"is_beta":false,"boss_relics":[],"items_purged_floors":[],"is_endless":false,"potions_floor_spawned":[5,7],"killed_by":"Gremlin Nob","ascension_level":20}