{"gold_per_floor":[111,261,271,271,283,283,302,314,341,366,378,267,296,335,347,438,450,482,506,20,20],"floor_reached":21,"playtime":682,"items_purged":[],"score":482,"play_id":"c2cf6220-01a7-4fde-8cc9-ec05738fad5d","local_time":"20231007224112","is_ascension_mode":true,"campfire_choices":[{"data":"Streamline","floor":6,"key":"SMITH"},{"floor":11,"key":"REST"},{"data":"Loop","floor":15,"key":"SMITH"}],"neow_cost":"NONE","seed_source_timestamp":437927718036200,"circlet_count":0,"master_deck":["AscendersBane","Strike_B+1","Strike_B","Strike_B","Strike_B+1","Defend_B","Defend_B","Defend_B","Defend_B","Zap","Dualcast","Sweeping Beam","Redo","Streamline+1","Coolheaded","Doom and Gloom","Loop+1","Auto Shields","Machine Learning","Fission","Barrage","Force Field"],"relics":["Cracked Core","NeowsBlessing","Whetstone","MawBank","Nunchaku","Dream Catcher","Nuclear Battery","Akabeko","Pen Nib","ClockworkSouvenir"],"potions_floor_usage":[10,13,13,14,16,19],"damage_taken":[{"damage":0,"enemies":"2 Louse","floor":1,"turns":1},{"damage":0,"enemies":"Small Slimes","floor":3,"turns":1},{"damage":0,"enemies":"Cultist","floor":5,"turns":1},{"damage":13,"enemies":"3 Louse","floor":7,"turns":4},{"damage":27,"enemies":"Gremlin Gang","floor":8,"turns":6},{"damage":20,"enemies":"3 Sentries","floor":10,"turns":3},{"damage":2,"enemies":"Blue Slaver","floor":13,"turns":3},{"damage":0,"enemies":"Lagavulin","floor":14,"turns":4},{"damage":7,"enemies":"Hexaghost","floor":16,"turns":8},{"damage":24,"enemies":"3 Byrds","floor":18,"turns":5},{"damage":25,"enemies":"2 Thieves","floor":19,"turns":4},{"damage":9,"enemies":"Snake Plant","floor":21,"turns":1}],"seed_played":"-8295187663305717592","potions_obtained":[{"floor":7,"key":"Swift Potion"},{"floor":8,"key":"BlessingOfTheForge"},{"floor":10,"key":"ColorlessPotion"},{"floor":13,"key":"EssenceOfDarkness"},{"floor":14,"key":"SkillPotion"},{"floor":16,"key":"Block Potion"}],"is_trial":false,"path_per_floor":["M","?","M","?","M","R","M","M","T","E","R","?","M","E","R","B",null,"M","M","$","M"],"character_chosen":"DEFECT","items_purchased":["Akabeko","Pen Nib","ClockworkSouvenir"],"campfire_rested":1,"item_purchase_floors":[20,20,20],"current_hp_per_floor":[64,64,64,64,64,64,51,24,24,4,25,25,23,23,23,16,57,33,8,8,0],"gold":20,"neow_bonus":"THREE_ENEMY_KILL","is_prod":false,"is_daily":false,"chose_seed":false,"campfire_upgraded":2,"win_rate":0,"timestamp":1696711272,"path_taken":["M","?","M","?","M","R","M","?","T","E","R","?","M","E","R","BOSS","M","?","$","M"],"build_version":"2022-12-18","purchased_purges":0,"victory":false,"max_hp_per_floor":[71,71,71,71,71,71,71,71,71,71,71,71,71,71,71,71,71,71,71,71,71],"card_choices":[{"not_picked":["Cold Snap","Double Energy"],"picked":"Sweeping Beam","floor":1},{"not_picked":["Hello World","Sweeping Beam"],"picked":"Redo","floor":3},{"not_picked":["Turbo","Heatsinks"],"picked":"Streamline","floor":5},{"not_picked":["Tempest","Reprogram"],"picked":"Coolheaded","floor":7},{"not_picked":["Cold Snap","Conserve Battery"],"picked":"Doom and Gloom","floor":8},{"not_picked":["FTL","Compile Driver"],"picked":"Loop","floor":10},{"not_picked":["Undo","Scrape"],"picked":"Auto Shields","floor":13},{"not_picked":["Leap","Compile Driver"],"picked":"Machine Learning","floor":14},{"not_picked":["Hyperbeam","Machine Learning"],"picked":"Fission","floor":16},{"not_picked":["Reprogram","Hologram"],"picked":"Barrage","floor":18},{"not_picked":["Beam Cell","Double Energy"],"picked":"Force Field","floor":19}],"player_experience":2432691,"relics_obtained":[{"floor":9,"key":"Whetstone"},{"floor":10,"key":"MawBank"},{"floor":14,"key":"Dream Catcher"}],"event_choices":[{"damage_healed":0,"gold_gain":150,"player_choice":"AGREE","damage_taken":0,"max_hp_gain":0,"max_hp_loss":0,"event_name":"Liars Game","floor":2,"gold_loss":0,"cards_obtained":["Doubt"]},{"cards_removed":["Doubt"],"damage_healed":0,"gold_gain":0,"player_choice":"Purged","damage_taken":0,"max_hp_gain":0,"max_hp_loss":0,"event_name":"Purifier","floor":4,"gold_loss":0},{"damage_healed":0,"gold_gain":0,"player_choice":"Paid Gold","damage_taken":0,"relics_obtained":["Nunchaku"],"max_hp_gain":0,"max_hp_loss":0,"event_name":"WeMeetAgain","floor":12,"gold_loss":123}],"is_beta":false,"boss_relics":[{"not_picked":["Runic Dome","Busted Crown"],"picked":"Nuclear Battery"}],"items_purged_floors":[],"is_endless":false,"potions_floor_spawned":[7,8,10,13,14,16],"killed_by":"Snake Plant","ascension_level":20}