{"gold_per_floor":[118,118,98,110,185,185,210,210,210,239,253,16,34,44,44,123,123,139,139,139,119,25,54,54,54],"floor_reached":25,"playtime":1300,"items_purged":["Clumsy"],"score":488,"play_id":"af518b7e-d812-44aa-aba2-bc48974a1e7d","local_time":"20231213203422","is_ascension_mode":true,"campfire_choices":[{"floor":6.0,"key":"REST"},{"data":"Zap","floor":8.0,"key":"SMITH"},{"floor":15.0,"key":"REST"},{"floor":24.0,"key":"REST"}],"neow_cost":"CURSE","seed_source_timestamp":0,"circlet_count":0,"master_deck":["AscendersBane","Strike_B","Strike_B","Strike_B+1","Defend_B","Defend_B","Defend_B","Zap+1","Dualcast","Gash+1","Tempest","Auto Shields","Hello World","Echo Form","Genetic Algorithm","Electrodynamics","Beam Cell","Buffer","Cold Snap","Fusion","Flash of Steel","Gash","Gash"],"special_seed":0,"relics":["Cracked Core","Unceasing Top","DataDisk","Dream Catcher","Empty Cage","Blue Candle","Sundial"],"potions_floor_usage":[],"damage_taken":[{"damage":16.0,"enemies":"Small Slimes","floor":1.0,"turns":4.0},{"damage":12.0,"enemies":"2 Louse","floor":4.0,"turns":3.0},{"damage":25.0,"enemies":"Lagavulin","floor":10.0,"turns":5.0},{"damage":0.0,"enemies":"Cultist","floor":11.0,"turns":3.0},{"damage":1.0,"enemies":"Looter","floor":13.0,"turns":3.0},{"damage":3.0,"enemies":"Blue Slaver","floor":14.0,"turns":3.0},{"damage":17.0,"enemies":"Slime Boss","floor":16.0,"turns":6.0},{"damage":31.0,"enemies":"Shell Parasite","floor":18.0,"turns":6.0},{"damage":23.0,"enemies":"2 Thieves","floor":21.0,"turns":4.0},{"damage":0.0,"enemies":"Gremlin Leader","floor":23.0,"turns":4.0},{"damage":40,"enemies":"Chosen and Byrds","floor":25,"turns":5}],"seed_played":"-168960474610921323","potions_obtained":[{"floor":1.0,"key":"Regen Potion"},{"floor":3.0,"key":"LiquidMemories"},{"floor":4.0,"key":"FocusPotion"},{"floor":14.0,"key":"Block Potion"},{"floor":16.0,"key":"FocusPotion"}],"is_trial":false,"path_per_floor":["M","?","?","M","?","R","T","R","T","E","M","$","M","M","R","B",null,"M","T","?","M","$","E","R","M"],"character_chosen":"DEFECT","items_purchased":["Echo Form","Flash of Steel"],"campfire_rested":3,"item_purchase_floors":[12,22],"current_hp_per_floor":[48,27,27,15,4,25,25,25,25,14,14,14,13,10,31,14,57,26,26,26,3,3,3,24,0],"gold":54,"neow_bonus":"ONE_RARE_RELIC","is_prod":false,"is_daily":false,"chose_seed":false,"campfire_upgraded":1,"win_rate":0,"timestamp":1702496062,"path_taken":["M","?","?","?","?","R","?","R","T","E","M","?","M","?","R","BOSS","M","?","?","M","?","E","R","M"],"build_version":"2022-12-18","purchased_purges":1,"victory":false,"max_hp_per_floor":[71,71,71,71,71,71,71,71,71,71,71,71,71,71,71,71,71,71,71,71,71,71,71,71,71],"card_choices":[{"not_picked":["Heatsinks","Genetic Algorithm"],"picked":"Gash","floor":1.0},{"not_picked":["Sweeping Beam","Coolheaded"],"picked":"Tempest","floor":4.0},{"not_picked":["Sunder","Rebound"],"picked":"Auto Shields","floor":10.0},{"not_picked":["Barrage","Compile Driver"],"picked":"Hello World","floor":11.0},{"not_picked":["Barrage","BootSequence"],"picked":"Genetic Algorithm","floor":13.0},{"not_picked":["Hologram","BootSequence"],"picked":"Electrodynamics","floor":14.0},{"not_picked":["Coolheaded","Double Energy"],"picked":"Beam Cell","floor":15.0},{"not_picked":["Rainbow","Multi-Cast"],"picked":"Buffer","floor":16.0},{"not_picked":["Beam Cell+1","Ball Lightning"],"picked":"Cold Snap","floor":18.0},{"not_picked":["Go for the Eyes+1","Sweeping Beam"],"picked":"Fusion","floor":21.0},{"not_picked":["Steam","Recycle"],"picked":"Gash","floor":23.0},{"not_picked":["Tempest","Reinforced Body"],"picked":"Gash","floor":24.0}],"player_experience":2446494,"relics_obtained":[{"floor":7.0,"key":"DataDisk"},{"floor":10.0,"key":"Dream Catcher"},{"floor":19.0,"key":"Blue Candle"},{"floor":23.0,"key":"Sundial"}],"event_choices":[{"damage_healed":0.0,"max_hp_gain":0.0,"max_hp_loss":0.0,"gold_gain":0.0,"event_name":"Shining Light","player_choice":"Entered Light","floor":2.0,"gold_loss":0.0,"damage_taken":21.0,"cards_upgraded":["Strike_B","Gash"]},{"damage_healed":0.0,"max_hp_gain":0.0,"max_hp_loss":0.0,"gold_gain":0.0,"event_name":"The Woman in Blue","player_choice":"Bought 1 Potion","floor":3.0,"gold_loss":0.0,"damage_taken":0.0},{"damage_healed":0.0,"max_hp_gain":0.0,"max_hp_loss":0.0,"gold_gain":75.0,"event_name":"World of Goop","player_choice":"Gather Gold","floor":5.0,"gold_loss":0.0,"damage_taken":11.0},{"damage_healed":0.0,"max_hp_gain":0.0,"max_hp_loss":0.0,"gold_gain":0.0,"event_name":"Ghosts","player_choice":"Ignored","floor":20.0,"gold_loss":0.0,"damage_taken":0.0}],"is_beta":false,"boss_relics":[{"not_picked":["SacredBark","Sozu"],"picked":"Empty Cage"}],"items_purged_floors":[12],"is_endless":false,"potions_floor_spawned":[1,4,14,16],"killed_by":"Chosen and Byrds","ascension_level":20}