{"gold_per_floor":[114,39,57,2,2,36,36,68,68,84,111,131,146,146,146,146],"floor_reached":16,"playtime":436,"items_purged":[],"score":340,"play_id":"eb5246c9-46dc-43f5-a0d2-921b5d7384cf","local_time":"20231222021712","is_ascension_mode":true,"campfire_choices":[{"floor":15,"key":"REST"}],"neow_cost":"NONE","seed_source_timestamp":559288206775600,"circlet_count":0,"master_deck":["AscendersBane","Strike_B","Strike_B","Strike_B","Defend_B","Defend_B","Defend_B","Zap","Dualcast","Ball Lightning","Compile Driver","Beam Cell","Reboot","Barrage","Steam","Lockon","Storm","Cold Snap"],"relics":["Cracked Core","NeowsBlessing","Sundial","Anchor","Oddly Smooth Stone","Orichalcum"],"potions_floor_usage":[11,12,13],"damage_taken":[{"damage":0,"enemies":"2 Louse","floor":1,"turns":1},{"damage":0,"enemies":"Jaw Worm","floor":3,"turns":1},{"damage":0,"enemies":"Lagavulin","floor":6,"turns":1},{"damage":55,"enemies":"3 Sentries","floor":8,"turns":8},{"damage":0,"enemies":"Small Slimes","floor":10,"turns":2},{"damage":0,"enemies":"Gremlin Nob","floor":11,"turns":2},{"damage":0,"enemies":"Exordium Wildlife","floor":12,"turns":2},{"damage":0,"enemies":"3 Louse","floor":13,"turns":3},{"damage":27,"enemies":"The Guardian","floor":16,"turns":8}],"seed_played":"-3062744121490654038","potions_obtained":[{"floor":3,"key":"BlessingOfTheForge"},{"floor":10,"key":"Block Potion"},{"floor":11,"key":"DistilledChaos"},{"floor":12,"key":"SkillPotion"}],"is_trial":false,"path_per_floor":["M","?","M","$","?","E","$","E","T","M","E","M","M","?","R","B"],"character_chosen":"DEFECT","items_purchased":["Beam Cell"],"campfire_rested":1,"item_purchase_floors":[4],"current_hp_per_floor":[64,64,64,64,57,57,57,2,2,2,2,2,2,2,23,0],"gold":146,"neow_bonus":"THREE_ENEMY_KILL","is_prod":false,"is_daily":false,"chose_seed":false,"campfire_upgraded":0,"win_rate":0,"timestamp":1703207832,"path_taken":["M","?","M","?","?","E","$","E","T","M","E","M","?","?","R","BOSS"],"build_version":"2022-12-18","purchased_purges":0,"victory":false,"max_hp_per_floor":[71,71,71,71,71,71,71,71,71,71,71,71,71,71,71,71],"card_choices":[{"not_picked":["Recycle","Reinforced Body"],"picked":"Ball Lightning","floor":1},{"not_picked":["Redo","Go for the Eyes"],"picked":"Compile Driver","floor":3},{"not_picked":["Turbo","Gash"],"picked":"Reboot","floor":6},{"not_picked":["Recycle","Sweeping Beam"],"picked":"Barrage","floor":8},{"not_picked":["Aggregate","Rebound"],"picked":"Steam","floor":10},{"not_picked":["Leap","FTL"],"picked":"Lockon","floor":11},{"not_picked":["Compile Driver","Redo"],"picked":"Storm","floor":12},{"not_picked":["Hologram","Turbo"],"picked":"Cold Snap","floor":13}],"player_experience":2456318,"relics_obtained":[{"floor":6,"key":"Sundial"},{"floor":8,"key":"Anchor"},{"floor":9,"key":"Oddly Smooth Stone"},{"floor":11,"key":"Orichalcum"}],"event_choices":[{"cards_removed":["Strike_B"],"damage_healed":0,"gold_gain":0,"player_choice":"Card Removal","damage_taken":0,"max_hp_gain":0,"max_hp_loss":0,"event_name":"The Cleric","floor":2,"gold_loss":75},{"cards_removed":["Defend_B"],"damage_healed":0,"gold_gain":0,"player_choice":"Card Removal","damage_taken":7,"max_hp_gain":0,"max_hp_loss":0,"event_name":"Golden Wing","floor":5,"gold_loss":0},{"damage_healed":0,"gold_gain":0,"player_choice":"Ignored","damage_taken":0,"max_hp_gain":0,"max_hp_loss":0,"event_name":"Shining Light","floor":14,"gold_loss":0}],"is_beta":false,"boss_relics":[],"items_purged_floors":[],"is_endless":false,"potions_floor_spawned":[3,10,11,12],"killed_by":"The Guardian","ascension_level":20}