{"gold_per_floor":[109,68,68,80,80,124,124,160,160,160,175,175,206,227,227,316,316,329,329,349,264,264,264,264,264,264,264,264],"floor_reached":28,"playtime":841,"items_purged":[],"score":494,"play_id":"d0d8b192-0d58-48f9-bfd5-8a07711f2e90","local_time":"20240101223930","is_ascension_mode":true,"campfire_choices":[{"data":"Zap","floor":7,"key":"SMITH"},{"floor":10,"key":"REST"},{"data":"Capacitor","floor":12,"key":"SMITH"},{"data":"Reinforced Body","floor":15,"key":"SMITH"},{"floor":23,"key":"REST"},{"data":"Skim","floor":27,"key":"SMITH"}],"neow_cost":"NONE","seed_source_timestamp":118829779817900,"circlet_count":0,"master_deck":["AscendersBane","Defend_B","Defend_B","Defend_B","Defend_B","Zap+1","Dualcast","Ball Lightning","Capacitor+1","Go for the Eyes","Reinforced Body+1","Steam","Glacier","Cold Snap","Darkness","Core Surge","Aggregate+1","Redo+1","Heatsinks+1","Go for the Eyes+1","Skim+1","Self Repair+1"],"relics":["Cracked Core","NeowsBlessing","Oddly Smooth Stone","Bloody Idol","Frozen Egg 2","Odd Mushroom","Kunai","Sundial","Astrolabe","Ice Cream","Happy Flower","PreservedInsect"],"potions_floor_usage":[12,13],"damage_taken":[{"damage":0,"enemies":"Cultist","floor":1,"turns":1},{"damage":0,"enemies":"Jaw Worm","floor":4,"turns":1},{"damage":0,"enemies":"Lagavulin","floor":6,"turns":1},{"damage":14,"enemies":"The Mushroom Lair","floor":8,"turns":5},{"damage":0,"enemies":"Small Slimes","floor":11,"turns":3},{"damage":24,"enemies":"Gremlin Nob","floor":13,"turns":5},{"damage":0,"enemies":"Looter","floor":14,"turns":3},{"damage":27,"enemies":"The Guardian","floor":16,"turns":10},{"damage":40,"enemies":"3 Byrds","floor":18,"turns":7},{"damage":1,"enemies":"Spheric Guardian","floor":20,"turns":7},{"damage":44,"enemies":"Cultist and Chosen","floor":28,"turns":5}],"seed_played":"602573148998901399","potions_obtained":[{"floor":8,"key":"Fruit Juice"},{"floor":11,"key":"FearPotion"},{"floor":18,"key":"BlessingOfTheForge"}],"is_trial":false,"path_per_floor":["M","$","T","M","?","E","R","?","T","R","M","R","E","M","R","B",null,"M","?","M","?","?","R","?","T","T","R","M"],"character_chosen":"DEFECT","items_purchased":["Capacitor"],"campfire_rested":2,"item_purchase_floors":[2],"current_hp_per_floor":[64,64,64,64,40,40,40,26,26,47,47,52,28,28,28,1,57,17,17,16,16,16,38,38,38,38,38,0],"gold":264,"neow_bonus":"THREE_ENEMY_KILL","is_prod":false,"is_daily":false,"chose_seed":false,"campfire_upgraded":4,"win_rate":0,"timestamp":1704145170,"path_taken":["M","?","?","?","?","E","R","?","T","R","M","R","E","M","R","BOSS","M","?","M","?","?","R","?","?","T","R","M"],"build_version":"2022-12-18","purchased_purges":0,"victory":false,"max_hp_per_floor":[71,71,71,71,71,71,71,71,71,71,71,76,76,76,76,76,76,76,76,76,76,76,76,76,76,76,76,76],"card_choices":[{"not_picked":["Turbo","Scrape"],"picked":"Ball Lightning","floor":1},{"not_picked":["Lockon","Chill"],"picked":"Go for the Eyes","floor":4},{"not_picked":["Conserve Battery","Sunder"],"picked":"Reinforced Body","floor":6},{"not_picked":["Stack","Rebound"],"picked":"Steam","floor":8},{"not_picked":["Melter","Sweeping Beam"],"picked":"Glacier","floor":11},{"not_picked":["Glacier","Aggregate"],"picked":"Cold Snap","floor":13},{"not_picked":["Conserve Battery","Hyperbeam"],"picked":"Darkness","floor":14},{"not_picked":["Reboot","All For One"],"picked":"Core Surge","floor":16},{"not_picked":["Force Field","Chaos"],"picked":"Go for the Eyes+1","floor":18},{"not_picked":["Genetic Algorithm","Steam"],"picked":"Self Repair+1","floor":20}],"player_experience":2458602,"relics_obtained":[{"floor":3,"key":"Oddly Smooth Stone"},{"floor":6,"key":"Frozen Egg 2"},{"floor":8,"key":"Odd Mushroom"},{"floor":9,"key":"Kunai"},{"floor":13,"key":"Sundial"},{"floor":25,"key":"Happy Flower"},{"floor":26,"key":"PreservedInsect"}],"event_choices":[{"damage_healed":0,"gold_gain":0,"player_choice":"Take Damage","damage_taken":24,"relics_obtained":["Golden Idol"],"max_hp_gain":0,"max_hp_loss":0,"event_name":"Golden Idol","floor":5,"gold_loss":0},{"damage_healed":0,"gold_gain":0,"player_choice":"Fought Mushrooms","damage_taken":0,"max_hp_gain":0,"max_hp_loss":0,"event_name":"Mushrooms","floor":8,"gold_loss":0},{"damage_healed":0,"gold_gain":0,"player_choice":"Read","damage_taken":0,"max_hp_gain":0,"max_hp_loss":0,"event_name":"The Library","floor":19,"gold_loss":0,"cards_obtained":["Skim"]},{"damage_healed":0,"gold_gain":0,"player_choice":"Obtained Relic","damage_taken":0,"relics_obtained":["Ice Cream"],"max_hp_gain":0,"max_hp_loss":0,"event_name":"Addict","floor":21,"gold_loss":85},{"damage_healed":0,"gold_gain":0,"player_choice":"Gave Idol","damage_taken":0,"relics_obtained":["Bloody Idol"],"max_hp_gain":0,"max_hp_loss":0,"event_name":"Forgotten Altar","floor":22,"relics_lost":["Golden Idol"],"gold_loss":0},{"cards_removed":["Strike_B"],"damage_healed":0,"gold_gain":0,"player_choice":"Elegance","damage_taken":0,"max_hp_gain":0,"max_hp_loss":0,"event_name":"Back to Basics","floor":24,"gold_loss":0}],"is_beta":false,"boss_relics":[{"not_picked":["Runic Pyramid","Calling Bell"],"picked":"Astrolabe"}],"items_purged_floors":[],"is_endless":false,"potions_floor_spawned":[8,11,18],"killed_by":"Cultist and Chosen","ascension_level":20}