{"gold_per_floor":[118,118,143,163,52,90,55,55,105,57,91,112,112,135,135,231,231,249,272,272,272,286,286,99,99,181,225,239,257,275,275],"floor_reached":31,"playtime":1060,"items_purged":["Parasite","Writhe"],"score":584,"play_id":"5f847fa4-0c42-4c59-a69e-619d55d31c77","local_time":"20240714215339","is_ascension_mode":true,"campfire_choices":[{"data":"Defragment","floor":8,"key":"SMITH"},{"data":"Redo","floor":13,"key":"SMITH"},{"data":"Consume","floor":15,"key":"SMITH"},{"data":"Buffer","floor":23,"key":"SMITH"}],"neow_cost":"CURSE","seed_source_timestamp":223436734357000,"circlet_count":0,"master_deck":["AscendersBane","Zap","Dualcast","Redo+1","Consume+1","Ball Lightning","Defragment+1","Electrodynamics","Force Field","Leap","Glacier","Echo Form","Chaos","Consume","Thunder Strike","Rip and Tear","Tempest","Ball Lightning","Buffer+1","Steam+1","Creative AI","Capacitor+1","Cold Snap","Turbo","Conserve Battery","Capacitor","Defragment","Compile Driver","Coolheaded","Turbo"],"relics":["Cracked Core","TungstenRod","Golden Idol","Happy Flower","Pen Nib","Centennial Puzzle","Pandora\u0027s Box","Prayer Wheel","Pear"],"potions_floor_usage":[6,11,18,18,27,30,31],"damage_taken":[{"damage":0,"enemies":"Small Slimes","floor":1,"turns":3},{"damage":6,"enemies":"Jaw Worm","floor":3,"turns":3},{"damage":0,"enemies":"Cultist","floor":4,"turns":3},{"damage":34,"enemies":"3 Sentries","floor":6,"turns":7},{"damage":0,"enemies":"Gremlin Nob","floor":11,"turns":2},{"damage":6,"enemies":"Exordium Wildlife","floor":12,"turns":2},{"damage":4,"enemies":"Blue Slaver","floor":14,"turns":3},{"damage":14,"enemies":"The Guardian","floor":16,"turns":8},{"damage":9,"enemies":"Shell Parasite","floor":18,"turns":4},{"damage":20,"enemies":"2 Thieves","floor":19,"turns":2},{"damage":9,"enemies":"Chosen and Byrds","floor":22,"turns":5},{"damage":18,"enemies":"Slavers","floor":27,"turns":3},{"damage":0,"enemies":"Snake Plant","floor":28,"turns":5},{"damage":8,"enemies":"Centurion and Healer","floor":29,"turns":4},{"damage":0,"enemies":"Snecko","floor":30,"turns":5},{"damage":38,"enemies":"Gremlin Leader","floor":31,"turns":4}],"seed_played":"1536543237936161446","potions_obtained":[{"floor":1,"key":"SpeedPotion"},{"floor":6,"key":"FocusPotion"},{"floor":11,"key":"Block Potion"},{"floor":16,"key":"LiquidMemories"},{"floor":19,"key":"ColorlessPotion"},{"floor":27,"key":"EssenceOfSteel"},{"floor":28,"key":"FearPotion"},{"floor":29,"key":"Block Potion"}],"is_trial":false,"path_per_floor":["M","?","M","M","$","E","?","R","T","?","E","M","R","M","R","B",null,"M","M","?","?","M","R","$","?","T","E","M","M","M","E"],"character_chosen":"DEFECT","items_purchased":["Defragment","Cold Snap","Turbo"],"campfire_rested":0,"item_purchase_floors":[5,24,24],"current_hp_per_floor":[64,64,58,58,58,24,39,39,39,39,39,33,33,29,29,15,50,41,21,21,61,52,52,52,52,52,44,44,36,36,0],"gold":275,"neow_bonus":"ONE_RARE_RELIC","is_prod":false,"is_daily":false,"chose_seed":false,"campfire_upgraded":4,"win_rate":0,"timestamp":1720986819,"path_taken":["M","?","M","M","$","E","?","R","T","?","E","?","R","M","R","BOSS","M","?","?","?","?","R","?","?","T","E","M","?","M","E"],"build_version":"2022-12-18","purchased_purges":2,"victory":false,"max_hp_per_floor":[71,64,64,64,61,61,61,61,61,61,61,61,61,61,61,61,61,61,61,61,61,61,61,61,61,61,71,71,71,71,71],"card_choices":[{"not_picked":["Streamline","Static Discharge"],"picked":"Redo","floor":1},{"not_picked":["Turbo","Steam"],"picked":"Consume","floor":3},{"not_picked":["Compile Driver","Storm"],"picked":"Ball Lightning","floor":4},{"not_picked":["Recycle","Melter"],"picked":"Electrodynamics","floor":6},{"not_picked":["Consume","Rebound"],"picked":"Force Field","floor":11},{"not_picked":["Double Energy","Redo"],"picked":"Leap","floor":12},{"not_picked":["Chill","Barrage"],"picked":"Glacier","floor":14},{"not_picked":["Core Surge","Multi-Cast"],"picked":"Echo Form","floor":16},{"not_picked":["Sweeping Beam","Hologram"],"picked":"Steam+1","floor":18},{"not_picked":["Steam","Redo"],"picked":"Creative AI","floor":19},{"not_picked":["Recycle","Gash"],"picked":"Capacitor+1","floor":22},{"not_picked":["Go for the Eyes","Darkness","Gash+1"],"picked":"SKIP","floor":22},{"not_picked":["Steam","Stack","Steam Power"],"picked":"SKIP","floor":27},{"not_picked":["Melter","Consume"],"picked":"Defragment","floor":28},{"not_picked":["Meteor Strike","Auto Shields","Hello World"],"picked":"SKIP","floor":28},{"not_picked":["Steam","Redo"],"picked":"Compile Driver","floor":29},{"not_picked":["Hello World","Leap","Rebound"],"picked":"SKIP","floor":29},{"not_picked":["Hologram","Cold Snap"],"picked":"Coolheaded","floor":30},{"not_picked":["Conserve Battery","Stack"],"picked":"Turbo","floor":30}],"player_experience":2564939,"relics_obtained":[{"floor":6,"key":"Happy Flower"},{"floor":9,"key":"Pen Nib"},{"floor":11,"key":"Centennial Puzzle"},{"floor":27,"key":"Pear"}],"event_choices":[{"damage_healed":0,"gold_gain":0,"player_choice":"Lose Max HP","damage_taken":0,"relics_obtained":["Golden Idol"],"max_hp_gain":0,"max_hp_loss":7,"event_name":"Golden Idol","floor":2,"gold_loss":0},{"damage_healed":15,"gold_gain":0,"player_choice":"Healed","damage_taken":0,"max_hp_gain":0,"max_hp_loss":0,"event_name":"The Cleric","floor":7,"gold_loss":35},{"damage_healed":0,"gold_gain":0,"player_choice":"Left Gold","damage_taken":0,"max_hp_gain":0,"max_hp_loss":0,"event_name":"World of Goop","floor":10,"gold_loss":48},{"damage_healed":0,"gold_gain":0,"player_choice":"Opened","damage_taken":0,"relics_obtained":["Prayer Wheel"],"max_hp_gain":0,"max_hp_loss":0,"event_name":"The Mausoleum","floor":20,"gold_loss":0,"cards_obtained":["Writhe"]},{"cards_removed":["Tempest"],"damage_healed":40,"gold_gain":0,"player_choice":"Offered Uncommon","damage_taken":0,"max_hp_gain":0,"max_hp_loss":0,"event_name":"Bonfire Elementals","floor":21,"gold_loss":0},{"damage_healed":0,"gold_gain":0,"player_choice":"2 cards matched","damage_taken":0,"max_hp_gain":0,"max_hp_loss":0,"event_name":"Match and Keep!","floor":25,"gold_loss":0,"cards_obtained":["Conserve Battery","Capacitor"]}],"is_beta":false,"boss_relics":[{"not_picked":["Nuclear Battery","Inserter"],"picked":"Pandora\u0027s Box"}],"items_purged_floors":[5,24],"is_endless":false,"potions_floor_spawned":[1,6,11,16,19,27,28,29],"killed_by":"Gremlin Leader","ascension_level":20}