{"gold_per_floor":[118,118,135,135,151,151,184,184,235,266,283,283,64,79,79,79],"floor_reached":16,"playtime":445,"items_purged":[],"score":220,"play_id":"ab8abb61-bf7b-40a7-97aa-8eefc2e0c501","local_time":"20240714213548","is_ascension_mode":true,"campfire_choices":[{"data":"Zap","floor":6,"key":"SMITH"},{"data":"Redo","floor":8,"key":"SMITH"},{"data":"Chaos","floor":12,"key":"SMITH"},{"data":"Footwork","floor":15,"key":"SMITH"}],"neow_cost":"NONE","seed_source_timestamp":222980916214400,"circlet_count":0,"master_deck":["AscendersBane","Strike_B","Strike_B","Strike_B","Strike_B","Defend_B","Defend_B","Defend_B","Defend_B","Zap+1","Dualcast","Redo+1","Self Repair","Compile Driver","Machine Learning","Beam Cell","Chaos+1","Ball Lightning","Footwork+1"],"relics":["Cracked Core","NeowsBlessing","Bag of Preparation","Anchor","Blood Vial","Boot","PrismaticShard"],"potions_floor_usage":[10],"damage_taken":[{"damage":0,"enemies":"Jaw Worm","floor":1,"turns":1},{"damage":0,"enemies":"Small Slimes","floor":3,"turns":1},{"damage":0,"enemies":"2 Louse","floor":5,"turns":1},{"damage":20,"enemies":"Lagavulin","floor":7,"turns":7},{"damage":28,"enemies":"3 Sentries","floor":10,"turns":6},{"damage":6,"enemies":"Exordium Wildlife","floor":11,"turns":3},{"damage":0,"enemies":"3 Louse","floor":14,"turns":2},{"damage":56,"enemies":"Slime Boss","floor":16,"turns":7}],"seed_played":"-326620920432981154","potions_obtained":[{"floor":5,"key":"PotionOfCapacity"},{"floor":7,"key":"BlessingOfTheForge"},{"floor":11,"key":"EssenceOfSteel"},{"floor":14,"key":"FairyPotion"}],"is_trial":false,"path_per_floor":["M","?","M","?","M","R","E","R","T","E","M","R","$","M","R","B"],"character_chosen":"DEFECT","items_purchased":["PrismaticShard","Ball Lightning"],"campfire_rested":0,"item_purchase_floors":[13,13],"current_hp_per_floor":[64,29,29,52,52,52,39,39,39,23,19,19,19,21,21,0],"gold":79,"neow_bonus":"THREE_ENEMY_KILL","is_prod":false,"is_daily":false,"chose_seed":false,"campfire_upgraded":4,"win_rate":0,"timestamp":1720985748,"path_taken":["M","?","M","?","M","R","E","R","T","E","M","R","?","?","R","BOSS"],"build_version":"2022-12-18","purchased_purges":0,"victory":false,"max_hp_per_floor":[71,71,71,71,71,71,71,71,71,71,71,71,71,71,71,71],"card_choices":[{"not_picked":["Rebound","Force Field"],"picked":"Redo","floor":1},{"not_picked":["Chaos","Conserve Battery"],"picked":"Self Repair","floor":3},{"not_picked":["Steam","Lockon"],"picked":"Compile Driver","floor":5},{"not_picked":["Go for the Eyes","Coolheaded"],"picked":"Machine Learning","floor":7},{"not_picked":["Leap","Redo"],"picked":"Beam Cell","floor":10},{"not_picked":["Stack","Rebound"],"picked":"Chaos","floor":11},{"not_picked":["Protect","Jack Of All Trades"],"picked":"Footwork","floor":14}],"player_experience":2564494,"relics_obtained":[{"floor":7,"key":"Anchor"},{"floor":9,"key":"Blood Vial"},{"floor":10,"key":"Boot"}],"event_choices":[{"damage_healed":0,"gold_gain":0,"player_choice":"Success","damage_taken":35,"relics_obtained":["Bag of Preparation"],"max_hp_gain":0,"max_hp_loss":0,"event_name":"Scrap Ooze","floor":2,"gold_loss":0},{"damage_healed":23,"gold_gain":0,"player_choice":"Banana","damage_taken":0,"max_hp_gain":0,"max_hp_loss":0,"event_name":"Big Fish","floor":4,"gold_loss":0}],"is_beta":false,"boss_relics":[],"items_purged_floors":[],"is_endless":false,"potions_floor_spawned":[5,7,11,14],"killed_by":"Slime Boss","ascension_level":20}