{"gold_per_floor":[99,115,215,20,195,195,222,222,234,234,260,275,275,28,39,136,136,36,36,48,33,51,85,85,85,55,69,22,35,35,35,52,147,147,47,47,58,70,35,35,58,58,58,58,73,100,100,110,122,122],"floor_reached":51,"playtime":3224,"items_purged":["Doubt"],"score":693,"play_id":"82e7a226-da73-460b-92bf-6ee27f91849f","local_time":"20210604211737","is_ascension_mode":false,"campfire_choices":[{"data":"Slimebound:Tackle","floor":1,"key":"SMITH"},{"data":"Slimebound:Split","floor":6,"key":"SMITH"},{"data":"Slimebound:Equalize","floor":8,"key":"SMITH"},{"data":"Slimebound:SplitBruiser","floor":13,"key":"SMITH"},{"floor":18,"key":"RECALL"},{"floor":25,"key":"REST"},{"data":"Rupture","floor":30,"key":"SMITH"},{"data":"Slimebound:RallyTheTroops","floor":35,"key":"SMITH"},{"data":"Slimebound:AcidTongue","floor":40,"key":"SMITH"},{"data":"Slimebound:OozeBath","floor":42,"key":"SMITH"},{"data":"Slimebound:LivingWall","floor":44,"key":"SMITH"}],"neow_cost":"NONE","seed_source_timestamp":314684902947900,"circlet_count":0,"master_deck":["Slimebound:Strike_Slimebound+1","Slimebound:Tackle+1","Slimebound:Defend_Slimebound","Slimebound:Defend_Slimebound","Slimebound:Split+1","Slimebound:CorrosiveSpit","Slimebound:Equalize+1","Slimebound:LivingWall+1","Slimebound:SplitBruiser+1","Slimebound:ProtectTheBoss","Slimebound:SplitLeeching","Slimebound:LeechEnergy","Slimebound:FlameTackle","Slimebound:BestDefense","Slimebound:Schlurp","Slimebound:RallyTheTroops+1","Rupture+1","Slimebound:SplitMire+1","Slimebound:BestDefense","Slimebound:ItLooksTasty+1","Slimebound:GoopSpray+1","Forethought","Slimebound:ComboTackle+1","Slimebound:OozeBath+1","Slimebound:SlimeSpikes","Slimebound:AcidTongue+1","Slimebound:Equalize+1"],"relics":["Slimebound:AbsorbEndCombat","Whetstone","Akabeko","Bag of Preparation","SlaversCollar","downfall:HeartBlessingGreen","Pantograph","InkBottle","Slimebound:SelfDamagePreventRelic","Happy Flower","Empty Cage","downfall:HeartBlessingRed","Pen Nib","Bottled Tornado"],"potions_floor_usage":[11,23,23,32,46,50],"damage_taken":[{"damage":7,"enemies":"Cultist","floor":2,"turns":4},{"damage":3,"enemies":"downfall:FleeingMerchant","floor":4,"turns":4},{"damage":7,"enemies":"Jaw Worm","floor":9,"turns":3},{"damage":26,"enemies":"3 Sentries","floor":11,"turns":13},{"damage":0,"enemies":"Small Slimes","floor":12,"turns":3},{"damage":6,"enemies":"downfall:FleeingMerchant","floor":14,"turns":4},{"damage":3,"enemies":"2 Fungi Beasts","floor":15,"turns":2},{"damage":7,"enemies":"SI_SHIV_ARCHETYPE","floor":16,"turns":5},{"damage":11,"enemies":"downfall:LooterAlt2","floor":20,"turns":5},{"damage":15,"enemies":"downfall:FleeingMerchant","floor":21,"turns":4},{"damage":6,"enemies":"Shell Parasite","floor":22,"turns":4},{"damage":36,"enemies":"Book of Stabbing","floor":23,"turns":5},{"damage":22,"enemies":"Snake Plant","floor":27,"turns":4},{"damage":4,"enemies":"downfall:FleeingMerchant","floor":28,"turns":4},{"damage":11,"enemies":"Cultist and Chosen","floor":29,"turns":6},{"damage":0,"enemies":"Centurion and Healer","floor":32,"turns":4},{"damage":43,"enemies":"DF_ARCHETYPE_CLAW","floor":33,"turns":7},{"damage":0,"enemies":"Orb Walker","floor":37,"turns":3},{"damage":37,"enemies":"3 Darklings","floor":38,"turns":6},{"damage":24,"enemies":"4 Shapes","floor":45,"turns":7},{"damage":45,"enemies":"Nemesis","floor":46,"turns":7},{"damage":2,"enemies":"Transient","floor":48,"turns":5},{"damage":30,"enemies":"Spire Growth","floor":49,"turns":6},{"damage":28,"enemies":"WA_ARCHETYPE_DIVINITY","floor":50,"turns":9}],"seed_played":"3899266686380128445","potions_obtained":[{"floor":2,"key":"SkillPotion"},{"floor":12,"key":"Fire Potion"},{"floor":15,"key":"Explosive Potion"},{"floor":23,"key":"Slimebound:SlimedPotion"},{"floor":29,"key":"AttackPotion"},{"floor":33,"key":"SteroidPotion"},{"floor":48,"key":"Strength Potion"}],"is_trial":false,"path_per_floor":["R","M","?","$","?","R","T","R","M","?","E","M","R","$","M","B",null,"R","?","M","$","M","E","T","R","?","M","$","M","R","?","M","B",null,"R","?","M","M","$","R","T","R","?","R","M","E","?","M","M","B",null],"character_chosen":"SLIMEBOUND","items_purchased":["Slimebound:SplitBruiser","Whetstone","Slimebound:FlameTackle","Slimebound:BestDefense","Slimebound:SelfDamagePreventRelic","CultistPotion","Happy Flower","Slimebound:AcidTongue"],"campfire_rested":1,"item_purchase_floors":[4,4,14,14,28,28,28,39],"current_hp_per_floor":[71,68,68,71,71,71,71,71,66,66,54,54,54,64,69,69,71,71,71,71,62,60,30,30,51,51,47,63,70,70,49,69,48,71,71,71,71,50,50,50,50,50,50,50,40,15,15,45,47,50],"gold":122,"neow_bonus":"TEN_PERCENT_HP_BONUS","is_prod":false,"is_daily":false,"chose_seed":false,"campfire_upgraded":9,"win_rate":0.0,"timestamp":1622855857,"path_taken":["R","M","?","$","?","R","T","R","M","?","E","M","R","$","M","BOSS","R","?","?","$","M","E","T","R","?","M","$","M","R","?","M","BOSS","R","?","?","?","$","R","T","R","?","R","M","E","?","M","M","BOSS"],"build_version":"2020-12-22","purchased_purges":1,"victory":true,"max_hp_per_floor":[71,71,71,71,71,71,71,71,71,71,71,71,71,71,71,71,71,71,71,71,71,71,71,71,71,71,71,71,71,71,71,71,71,71,71,71,71,71,71,71,71,71,71,71,71,71,71,71,71,71],"card_choices":[{"not_picked":["Slimebound:HauntingLick","Slimebound:Nibble"],"picked":"Slimebound:Equalize","floor":2},{"not_picked":["Slimebound:HauntingLick","Slimebound:GoopTackle"],"picked":"Slimebound:LivingWall","floor":4},{"not_picked":["Slimebound:LeechingTouch","Slimebound:SplitLeeching"],"picked":"Slimebound:ProtectTheBoss","floor":9},{"not_picked":["Slimebound:GoopTackle","Slimebound:TongueLash"],"picked":"Slimebound:SplitLeeching","floor":11},{"not_picked":["Slimebound:Dissolve","Slimebound:GrowthPunch"],"picked":"Slimebound:LeechEnergy","floor":12},{"not_picked":["Slimebound:LeechingTouch","Slimebound:LeechEnergy","Slimebound:Teamwork"],"picked":"SKIP","floor":14},{"not_picked":["Slimebound:SlimeBarrage","Slimebound:LeechingTouch"],"picked":"Slimebound:Schlurp","floor":15},{"not_picked":["Slimebound:SelfFormingGoo","Slimebound:WasteNot"],"picked":"Slimebound:RallyTheTroops","floor":16},{"not_picked":["Slimebound:Nibble","Slimebound:Prepare"],"picked":"Slimebound:SplitMire+1","floor":20},{"not_picked":["Slimebound:LeechEnergy","Slimebound:TongueLash"],"picked":"Slimebound:BestDefense","floor":21},{"not_picked":["Slimebound:PressTheAttack+1","Slimebound:SlimeBrawl"],"picked":"Slimebound:ItLooksTasty+1","floor":22},{"not_picked":["Slimebound:RollThrough+1","Slimebound:SplitMire"],"picked":"Slimebound:GoopSpray+1","floor":23},{"not_picked":[],"picked":"Forethought","floor":26},{"not_picked":["Slimebound:LeechingTouch","Slimebound:GoopSpray","Slimebound:Dissolve"],"picked":"SKIP","floor":27},{"not_picked":["Slimebound:Prepare","Slimebound:Overexert","Slimebound:Schlurp+1"],"picked":"SKIP","floor":28},{"not_picked":["Slimebound:LivingWall","Slimebound:LeechEnergy"],"picked":"Slimebound:FinishingTackle+1","floor":29},{"not_picked":["Slimebound:ItLooksTasty","Slimebound:Schlurp"],"picked":"Slimebound:ComboTackle+1","floor":32},{"not_picked":["Slimebound:OneTwoCombo","Slimebound:LeechLife"],"picked":"Slimebound:OozeBath","floor":33},{"not_picked":["Slimebound:FlameTackle+1","Slimebound:SplitAcid+1"],"picked":"Slimebound:SlimeSpikes","floor":37},{"not_picked":["Slimebound:SlimeSpikes","Slimebound:SplitLeeching+1","Slimebound:SamplingLick+1"],"picked":"SKIP","floor":38},{"not_picked":["Slimebound:ComboTackle","Slimebound:TongueLash","Slimebound:SplitMire"],"picked":"SKIP","floor":45},{"not_picked":["Slimebound:LivingWall+1","Slimebound:Replication"],"picked":"Slimebound:Equalize+1","floor":46},{"not_picked":["Slimebound:SplitLeeching","Slimebound:SpikyOuterGoop","Slimebound:LevelUp"],"picked":"SKIP","floor":48},{"not_picked":["Slimebound:HauntingLick","Slimebound:LivingWall+1","Slimebound:LeechingTouch"],"picked":"SKIP","floor":49}],"player_experience":1466646,"relics_obtained":[{"floor":7,"key":"Akabeko"},{"floor":11,"key":"Bag of Preparation"},{"floor":23,"key":"Pantograph"},{"floor":24,"key":"InkBottle"},{"floor":41,"key":"Pen Nib"},{"floor":46,"key":"Bottled Tornado"}],"event_choices":[{"cards_removed":["Slimebound:Defend_Slimebound"],"damage_healed":0,"gold_gain":0,"player_choice":"Took Card","damage_taken":0,"max_hp_gain":0,"max_hp_loss":0,"event_name":"NoteForYourself","floor":19,"gold_loss":0,"cards_obtained":["Rupture"]},{"damage_healed":0,"gold_gain":0,"player_choice":"Got Potions","damage_taken":0,"max_hp_gain":0,"max_hp_loss":0,"event_name":"Lab","floor":36,"gold_loss":0},{"cards_removed":["Slimebound:FinishingTackle"],"damage_healed":0,"gold_gain":0,"player_choice":"Removed Attack","damage_taken":0,"max_hp_gain":0,"max_hp_loss":0,"event_name":"Falling","floor":47,"gold_loss":0}],"is_beta":false,"boss_relics":[{"not_picked":["Slimebound:TarBlob","SacredBark"],"picked":"SlaversCollar"},{"not_picked":["Philosopher\u0027s Stone","Runic Pyramid"],"picked":"Empty Cage"}],"items_purged_floors":[14],"is_endless":false,"potions_floor_spawned":[2,12,15,23,29,33,37,38,48],"ascension_level":0}