{"gold_per_floor":[99,99,99,549,566,566,566,566,366,65,65,90,107,123,139,234,234,234,19,19,19,19,47,47,47,81,81,97,116,134,149,165,262,262,162,262,276,36,49,49,75,104,93,103,120,139,169,189,206,206,206,239,3,3,3,3],"floor_reached":57,"playtime":4446,"items_purged":["Regret","downfall:Icky"],"score":1352,"play_id":"1cb3343d-f174-4904-a935-bd77a4b54dfb","local_time":"20210605170835","is_ascension_mode":false,"campfire_choices":[{"floor":1,"key":"RECALL"},{"data":"Guardian:CrystalBeam","floor":6,"key":"SMITH"},{"data":"Guardian:TwinSlam","floor":9,"key":"SMITH"},{"data":"Apotheosis","floor":11,"key":"SMITH"},{"data":"Guardian:ConstructionForm","floor":18,"key":"SMITH"},{"data":"Guardian:RefractedBeam+1","floor":25,"key":"SMITH"},{"data":"Guardian:RefractedBeam+2","floor":27,"key":"SMITH"},{"data":"Guardian:RefractedBeam+3","floor":35,"key":"SMITH"},{"data":"Guardian:RefractedBeam+4","floor":40,"key":"SMITH"},{"data":"Guardian:TimeSifter","floor":54,"key":"SMITH"}],"neow_cost":"NONE","seed_source_timestamp":384899339648600,"circlet_count":0,"master_deck":["Guardian:Strike_Guardian","Guardian:Strike_Guardian","Guardian:Strike_Guardian+1","Guardian:Defend_Guardian","Guardian:Defend_Guardian","Guardian:Defend_Guardian","Guardian:Defend_Guardian","Guardian:CurlUp","Guardian:TwinSlam+1","Guardian:CrystalBeam+1","Guardian:ConstructionForm+1","Apotheosis+1","Guardian:MultiBeam+1","Guardian:PrismaticBeam+1","Guardian:BronzeOrb+1","Guardian:TimeSifter+1","Guardian:Reroute+1","Guardian:Incinerate+1","Guardian:RefractedBeam+6","Guardian:TimeBomb+1","Guardian:TemporalShield","Guardian:PrismaticBeam+1","Guardian:StasisField","PanicButton","Decay","Guardian:WalkerClaw+1","Guardian:BronzeOrb+1","expansioncontent:DashGenerateEvil+1","Guardian:Suspension","Guardian:ShieldCharger+1","expansioncontent:DashGenerateEvil+1"],"relics":["Guardian:ModeShifter","Centennial Puzzle","Molten Egg 2","downfall:HeartBlessingRed","downfall:HeartBlessingBlue","Potion Belt","SlaversCollar","Chemical X","Pocketwatch","Frozen Egg 2","Gremlin Horn","StrikeDummy","Empty Cage","downfall:HeartBlessingGreen","downfall:GremlinSack","Membership Card","Orichalcum","Lantern","Sundial","Bottled Tornado","TheAbacus","Lizard Tail","Bag of Preparation","Whetstone"],"potions_floor_usage":[23,26,31,33,33,38,44,47,52,52,56,56,56,56,56,56],"damage_taken":[{"damage":7,"enemies":"2 Louse","floor":5,"turns":6},{"damage":14,"enemies":"downfall:FleeingMerchant","floor":10,"turns":4},{"damage":0,"enemies":"Lagavulin","floor":12,"turns":7},{"damage":4,"enemies":"Small Slimes","floor":13,"turns":4},{"damage":5,"enemies":"Jaw Worm","floor":14,"turns":2},{"damage":0,"enemies":"2 Fungi Beasts","floor":15,"turns":2},{"damage":16,"enemies":"DF_ARCHETYPE_STREAMLINE","floor":16,"turns":11},{"damage":3,"enemies":"downfall:FleeingMerchant","floor":19,"turns":4},{"damage":28,"enemies":"Gremlin Leader","floor":23,"turns":6},{"damage":13,"enemies":"Book of Stabbing","floor":26,"turns":5},{"damage":0,"enemies":"Spheric Guardian","floor":28,"turns":2},{"damage":15,"enemies":"downfall:LooterAlt2","floor":29,"turns":4},{"damage":14,"enemies":"Snake Plant","floor":30,"turns":2},{"damage":0,"enemies":"Chosen and Byrds","floor":31,"turns":3},{"damage":0,"enemies":"Centurion and Healer","floor":32,"turns":5},{"damage":14,"enemies":"WA_ARCHETYPE_CALM","floor":33,"turns":9},{"damage":0,"enemies":"WA_ARCHETYPE_CALM","floor":36,"turns":2},{"damage":5,"enemies":"3 Shapes","floor":37,"turns":3},{"damage":0,"enemies":"downfall:FleeingMerchant","floor":38,"turns":4},{"damage":7,"enemies":"Orb Walker","floor":39,"turns":2},{"damage":0,"enemies":"Reptomancer","floor":42,"turns":5},{"damage":0,"enemies":"downfall:FleeingMerchant","floor":43,"turns":1},{"damage":0,"enemies":"Jaw Worm Horde","floor":44,"turns":4},{"damage":0,"enemies":"Spire Growth","floor":45,"turns":4},{"damage":0,"enemies":"Transient","floor":46,"turns":5},{"damage":7,"enemies":"Giant Head","floor":47,"turns":7},{"damage":0,"enemies":"3 Darklings","floor":48,"turns":2},{"damage":0,"enemies":"4 Shapes","floor":49,"turns":4},{"damage":0,"enemies":"SI_POISON_ARCHETYPE","floor":50,"turns":9},{"damage":0,"enemies":"downfall:CharBossMerchant","floor":52,"turns":5},{"damage":0,"enemies":"downfall:NeowBoss","floor":55,"turns":14},{"damage":32,"enemies":"downfall:NeowBossFinal","floor":56,"turns":10}],"seed_played":"7726305718277867825","potions_obtained":[{"floor":13,"key":"Fire Potion"},{"floor":15,"key":"Explosive Potion"},{"floor":21,"key":"CultistPotion"},{"floor":26,"key":"Guardian:DefensiveModePotion"},{"floor":28,"key":"ColorlessPotion"},{"floor":30,"key":"EssenceOfSteel"},{"floor":31,"key":"SkillPotion"},{"floor":36,"key":"DuplicationPotion"},{"floor":42,"key":"SpeedPotion"},{"floor":44,"key":"BlessingOfTheForge"},{"floor":46,"key":"DuplicationPotion"},{"floor":47,"key":"FairyPotion"}],"is_trial":false,"path_per_floor":["R","?","?","?","M","R","T","T","R","$","R","E","M","M","M","B",null,"R","$","?","?","T","E","T","R","E","R","M","M","M","M","M","B",null,"R","?","M","$","M","R","T","E","$","M","M","M","E","M","M","B",null,"E","$","R","B","B",null],"character_chosen":"GUARDIAN","items_purchased":["Apotheosis","Guardian:Gem_Green","Chemical X","Guardian:Incinerate+1","Membership Card","Orichalcum","expansioncontent:DashGenerateEvil+1","Bottled Tornado","Guardian:Suspension","TheAbacus","expansioncontent:DashGenerateEvil+1","Whetstone","EntropicBrew","FearPotion"],"campfire_rested":0,"item_purchase_floors":[10,10,19,19,38,38,43,43,43,43,53,53,53,53],"current_hp_per_floor":[88,88,88,88,81,81,81,81,91,77,77,77,73,68,68,52,98,98,95,95,95,95,67,67,67,54,54,54,39,25,25,25,11,98,98,98,93,93,86,86,86,86,86,86,86,86,79,79,79,79,98,98,98,98,98,66],"gold":3,"neow_bonus":"TEN_PERCENT_HP_BONUS","is_prod":false,"is_daily":false,"chose_seed":false,"campfire_upgraded":9,"win_rate":0.0,"timestamp":1622927315,"path_taken":["R","?","?","?","M","R","T","?","R","$","R","E","M","?","M","BOSS","R","$","?","?","?","E","T","R","E","R","?","M","M","M","M","BOSS","R","?","?","?","?","R","T","E","$","M","M","M","E","M","M","BOSS","E","$","R","BOSS","BOSS"],"build_version":"2020-12-22","purchased_purges":2,"victory":true,"max_hp_per_floor":[88,88,88,88,88,88,88,88,98,98,98,98,98,98,98,98,98,98,98,98,98,98,98,98,98,98,98,98,98,98,98,98,98,98,98,98,98,98,98,98,98,98,98,98,98,98,98,98,98,98,98,98,98,98,98,98],"card_choices":[{"not_picked":["Guardian:RollAttack","Guardian:WalkerClaw"],"picked":"Guardian:CrystalBeam","floor":5},{"not_picked":["Guardian:Recover","Guardian:Emergency"],"picked":"Guardian:ConstructionForm","floor":10},{"not_picked":["Guardian:GuardianWhirl+1","Guardian:SpikerProtocol"],"picked":"Guardian:Gem_Lightblue","floor":12},{"not_picked":["Guardian:ChargeCore+1","Guardian:DonusPower"],"picked":"Guardian:MultiBeam+1","floor":13},{"not_picked":["Guardian:CrystalBeam+1","Guardian:Gem_Lightblue"],"picked":"Guardian:PrismaticBeam+1","floor":14},{"not_picked":["Guardian:Reroute+1","Guardian:SpikerProtocol"],"picked":"Guardian:BronzeOrb+1","floor":15},{"not_picked":["Guardian:StasisStrike+1","Guardian:SphericShield"],"picked":"Guardian:TimeSifter","floor":16},{"not_picked":["Guardian:GuardianWhirl+1","Guardian:Recover"],"picked":"Guardian:Reroute+1","floor":19},{"not_picked":["Guardian:Emergency","Guardian:Recover"],"picked":"Guardian:RefractedBeam+1","floor":23},{"not_picked":["Guardian:Planning","Guardian:Gem_Fragmented"],"picked":"Guardian:Gem_Purple","floor":26},{"not_picked":["Guardian:PrismaticBarrier","Guardian:GuardianWhirl+1","Guardian:ArmoredProtocol+1"],"picked":"SKIP","floor":28},{"not_picked":["Guardian:MultiBeam+1","Guardian:PrimingBeam+1"],"picked":"Guardian:Gem_Cyan","floor":29},{"not_picked":["Guardian:Harden+1","Guardian:SpikerProtocol+1","Guardian:Preprogram"],"picked":"SKIP","floor":30},{"not_picked":["Guardian:ShieldCharger","Guardian:Gem_Cyan"],"picked":"Guardian:TimeBomb+1","floor":31},{"not_picked":["Guardian:ShieldCharger+1","Guardian:GuardianWhirl+1","Guardian:PrimingBeam+1"],"picked":"SKIP","floor":32},{"not_picked":["Guardian:Gem_Synthetic","Guardian:StasisStrike+1"],"picked":"Guardian:Gem_Orange","floor":33},{"not_picked":["Guardian:TemporalShield+1","Guardian:SpikerProtocol+1","Guardian:EvasiveProtocol+1"],"picked":"SKIP","floor":37},{"not_picked":["Guardian:Gem_Orange","Guardian:ShieldCharger+1"],"picked":"Guardian:Gem_Green","floor":38},{"not_picked":["Guardian:PrimingBeam+1","Guardian:Reroute+1"],"picked":"Guardian:WalkerClaw+1","floor":39},{"not_picked":["Guardian:SpikerProtocol+1","Guardian:TemporalShield+1","Guardian:CrystalBeam+1"],"picked":"SKIP","floor":42},{"not_picked":["Guardian:Reroute+1","Guardian:TimeCapacitor+1"],"picked":"Guardian:BronzeOrb+1","floor":43},{"not_picked":["Guardian:ShieldSpikes+1","Guardian:Suspension+1","Guardian:VentSteam"],"picked":"SKIP","floor":44},{"not_picked":["Guardian:PiercingHide","Guardian:Gem_White","Guardian:Gem_Lightblue"],"picked":"SKIP","floor":45},{"not_picked":["Guardian:EvasiveProtocol+1","Guardian:PrismaticBeam+1","Guardian:PrismaticBarrier+1"],"picked":"SKIP","floor":46},{"not_picked":["Guardian:RefractedBeam+1","Guardian:Gem_Fragmented","Guardian:Gem_White"],"picked":"SKIP","floor":47},{"not_picked":["Guardian:PrismaticBarrier+1","Guardian:PrismaticBeam+1","Guardian:EvasiveProtocol+1"],"picked":"SKIP","floor":48},{"not_picked":["Guardian:GuardianWhirl+1","Guardian:Repulse+1","Guardian:Gem_Lightblue"],"picked":"SKIP","floor":49},{"not_picked":["Guardian:FastForward","Guardian:TimeCapacitor+1"],"picked":"Guardian:ShieldCharger+1","floor":52}],"player_experience":1469870,"relics_obtained":[{"floor":8,"key":"Molten Egg 2"},{"floor":12,"key":"Potion Belt"},{"floor":22,"key":"Pocketwatch"},{"floor":23,"key":"Frozen Egg 2"},{"floor":24,"key":"Gremlin Horn"},{"floor":26,"key":"StrikeDummy"},{"floor":36,"key":"downfall:GremlinSack"},{"floor":41,"key":"Lantern"},{"floor":42,"key":"Sundial"},{"floor":47,"key":"Lizard Tail"},{"floor":52,"key":"Bag of Preparation"}],"event_choices":[{"cards_removed":["Guardian:Strike_Guardian"],"damage_healed":0,"gold_gain":0,"player_choice":"Card Removal","damage_taken":0,"max_hp_gain":0,"max_hp_loss":0,"event_name":"The Cleric","floor":2,"gold_loss":0},{"damage_healed":0,"gold_gain":0,"player_choice":"Box","damage_taken":0,"relics_obtained":["Centennial Puzzle"],"max_hp_gain":0,"max_hp_loss":0,"event_name":"Big Fish","floor":3,"gold_loss":0,"cards_obtained":["Regret"]},{"damage_healed":0,"gold_gain":0,"player_choice":"Ignored","damage_taken":0,"max_hp_gain":0,"max_hp_loss":0,"event_name":"Ghosts","floor":20,"gold_loss":0}],"is_beta":false,"boss_relics":[{"not_picked":["Philosopher\u0027s Stone","Busted Crown"],"picked":"SlaversCollar"},{"not_picked":["Runic Pyramid","Sozu"],"picked":"Empty Cage"}],"items_purged_floors":[10,43],"is_endless":false,"potions_floor_spawned":[13,15,26,28,30,31,36,42,44,46,47],"ascension_level":0}