{"gold_per_floor":[99,549,549,563,304,346,400,419,519,553,553,581,624,643,671,783,783,683,122,122,122,122,122],"floor_reached":23,"playtime":2148,"items_purged":["downfall:Icky"],"score":205,"play_id":"58e7f589-c2dc-486b-a5bd-4273a24a03cb","local_time":"20210605175754","is_ascension_mode":false,"campfire_choices":[{"floor":1,"key":"RECALL"},{"floor":11,"key":"REST"},{"data":"hexamod:Sear","floor":18,"key":"SMITH"}],"neow_cost":"NONE","seed_source_timestamp":390182037150300,"circlet_count":0,"master_deck":["hexamod:Defend","hexamod:Defend","hexamod:Defend","hexamod:Defend","hexamod:Sear+1","hexamod:Float","hexamod:CatchUp","hexamod:SwordOfDarkness","hexamod:BurningTouch","hexamod:AdvancingGuard","hexamod:SecondSeal","hexamod:StepThrough","hexamod:FirstSeal","hexamod:InspiringFlames","hexamod:SkipABeat","hexamod:RecurringNightmare","hexamod:TimeOfNeed","hexamod:FifthSeal","hexamod:GhostflameBarrier","hexamod:FourthSeal","expansioncontent:QuickStudy","hexamod:HauntingEcho","Slimebound:Tackle+1","Slimebound:Tackle+1","Slimebound:Tackle+1","hexamod:ThirdSeal"],"relics":["hexamod:SpiritBrand","Potion Belt","hexamod:MatchstickCase","Blue Candle","Empty Cage","downfall:HeartBlessingRed","Bottled Tornado","downfall:RedIOU"],"potions_floor_usage":[10,23,23],"damage_taken":[{"damage":12,"enemies":"Cultist","floor":4,"turns":6},{"damage":0,"enemies":"downfall:FleeingMerchant","floor":5,"turns":4},{"damage":46,"enemies":"Gremlin Nob","floor":6,"turns":6},{"damage":0,"enemies":"2 Louse","floor":8,"turns":2},{"damage":9,"enemies":"3 Sentries","floor":10,"turns":10},{"damage":0,"enemies":"Small Slimes","floor":12,"turns":5},{"damage":8,"enemies":"Lagavulin","floor":13,"turns":6},{"damage":10,"enemies":"2 Fungi Beasts","floor":14,"turns":4},{"damage":1,"enemies":"Large Slime","floor":15,"turns":6},{"damage":17,"enemies":"SI_SHIV_ARCHETYPE","floor":16,"turns":10},{"damage":5,"enemies":"downfall:FleeingMerchant","floor":19,"turns":4},{"damage":78,"enemies":"Gremlin Leader","floor":23,"turns":4}],"seed_played":"-8184860929579000099","potions_obtained":[{"floor":6,"key":"EssenceOfSteel"},{"floor":12,"key":"PowerPotion"},{"floor":15,"key":"PowerPotion"}],"is_trial":false,"path_per_floor":["R","?","?","M","$","E","T","M","?","E","R","M","E","M","M","B",null,"R","$","?","?","?","E"],"character_chosen":"THE_SPIRIT","items_purchased":["hexamod:BurningTouch","hexamod:AdvancingGuard","hexamod:SecondSeal","hexamod:FourthSeal","expansioncontent:QuickStudy","hexamod:HauntingEcho","Bottled Tornado"],"campfire_rested":1,"item_purchase_floors":[5,5,5,19,19,19,19],"current_hp_per_floor":[77,77,77,65,65,19,19,19,19,10,33,40,39,36,42,32,77,77,77,77,77,77,0],"gold":122,"neow_bonus":"TEN_PERCENT_HP_BONUS","is_prod":false,"is_daily":false,"chose_seed":false,"campfire_upgraded":1,"win_rate":0.0,"timestamp":1622930274,"path_taken":["R","?","?","M","$","E","T","M","?","E","R","M","E","M","M","BOSS","R","$","?","?","?","E"],"build_version":"2020-12-22","purchased_purges":1,"victory":false,"max_hp_per_floor":[77,77,77,77,77,77,77,77,77,77,77,77,77,77,77,77,77,77,77,77,77,77,77],"card_choices":[{"not_picked":["hexamod:ThermalTransfer","hexamod:SwordOfDarkness"],"picked":"hexamod:CatchUp","floor":4},{"not_picked":["hexamod:GhostOfSpireFuture","hexamod:NecessarySacrifice"],"picked":"hexamod:SwordOfDarkness","floor":5},{"not_picked":["hexamod:HeatMetal","hexamod:Divider"],"picked":"hexamod:StepThrough","floor":6},{"not_picked":["hexamod:GhostLash","hexamod:InspiringFlames"],"picked":"hexamod:FirstSeal","floor":8},{"not_picked":["hexamod:GhostLash","hexamod:TimeWarp"],"picked":"hexamod:InspiringFlames","floor":10},{"not_picked":["hexamod:Hexaguard","hexamod:SwordOfDarkness"],"picked":"hexamod:SkipABeat","floor":12},{"not_picked":["hexamod:ThermalTransfer","hexamod:InspiringFlames"],"picked":"hexamod:RecurringNightmare","floor":13},{"not_picked":["hexamod:GhostLash","hexamod:GhostShield","hexamod:InspiringFlames"],"picked":"SKIP","floor":14},{"not_picked":["hexamod:ThermalTransfer","hexamod:Floatwork"],"picked":"hexamod:TimeOfNeed","floor":15},{"not_picked":["hexamod:VolcanoVisage","hexamod:Premonition"],"picked":"hexamod:FifthSeal","floor":16},{"not_picked":["hexamod:UnleashSpirits","hexamod:TimeWarp"],"picked":"hexamod:GhostflameBarrier","floor":19}],"player_experience":1474316,"relics_obtained":[{"floor":6,"key":"Tiny Chest"},{"floor":7,"key":"Potion Belt"},{"floor":10,"key":"hexamod:MatchstickCase"},{"floor":13,"key":"Blue Candle"}],"event_choices":[{"cards_removed":["downfall:Icky"],"damage_healed":0,"gold_gain":0,"player_choice":"Card Removal","damage_taken":0,"max_hp_gain":0,"max_hp_loss":0,"event_name":"The Cleric","floor":3,"gold_loss":0},{"damage_healed":0,"gold_gain":0,"player_choice":"Read","damage_taken":0,"max_hp_gain":0,"max_hp_loss":0,"event_name":"The Library","floor":22,"gold_loss":0,"cards_obtained":["hexamod:ThirdSeal"]}],"is_beta":false,"boss_relics":[{"not_picked":["Fusion Hammer","Busted Crown"],"picked":"Empty Cage"}],"items_purged_floors":[5],"is_endless":false,"potions_floor_spawned":[6,12,15],"killed_by":"Gremlin Leader","ascension_level":0}