{"gold_per_floor":[99,99,99,116,128,28,54,154,179,191,207,242,256,266,278,378,378,178,198,298,358,408,408,460,164,193,193,218,291,353,376,405,513,525,537,563,650,712,605,605,605,605,343,371,390,390,136,211,228,228,228,260,3,3,3,3],"floor_reached":57,"playtime":3719,"items_purged":[],"score":1328,"play_id":"e1f1ab74-9261-43f1-8535-20a898611fa0","local_time":"20210612214841","is_ascension_mode":false,"campfire_choices":[{"floor":1.0,"key":"RECALL"},{"data":"hexamod:GhostLash","floor":6.0,"key":"SMITH"},{"data":"hexamod:ForkedFlame","floor":18.0,"key":"SMITH"},{"data":"hexamod:ThermalTransfer","floor":23.0,"key":"SMITH"},{"data":"expansioncontent:QuickStudy","floor":35.0,"key":"SMITH"},{"data":"hexamod:TimeWarp","floor":40.0,"key":"SMITH"},{"data":"hexamod:UnlimitedPower","floor":42.0,"key":"SMITH"},{"data":"Master of Strategy","floor":46.0,"key":"SMITH"},{"floor":54,"key":"REST"}],"neow_cost":"NONE","seed_source_timestamp":0,"circlet_count":0,"master_deck":["hexamod:Strike+1","hexamod:Strike+1","hexamod:Strike+1","hexamod:Defend+1","hexamod:Defend+1","hexamod:Defend+1","hexamod:Sear","hexamod:Float","hexamod:EmpoweredFlame+1","hexamod:GhostLash+1","hexamod:AdvancingGuard","hexamod:SkipABeat","hexamod:Rewind","hexamod:HauntingEcho","hexamod:TimeOfNeed","hexamod:ThermalTransfer+1","hexamod:FirstSeal","hexamod:CatchUp","hexamod:StrikeFromBeyond","hexamod:ForkedFlame+1","hexamod:Firestarter","hexamod:BurningTouch+1","hexamod:FlamesFromBeyond+1","expansioncontent:QuickStudy+1","hexamod:TimeWarp+1","hexamod:FlamesFromBeyond+1","expansioncontent:GuardianWhirl","hexamod:UnlimitedPower+1","hexamod:EtherealExpedition","hexamod:RainOfEmbers","Master of Strategy+1","hexamod:Floatwork+1","hexamod:Hexaguard+1","hexamod:FastForward"],"special_seed":0,"relics":["hexamod:UnbrokenSoul","Blood Vial","downfall:ShatteredFragment","downfall:HeartBlessingRed","Bag of Marbles","SlaversCollar","downfall:HeartBlessingBlue","downfall:HeartBlessingGreen","downfall:CloakOfManyFaces","CultistMask","FaceOfCleric","NlothsMask","GremlinMask","SsserpentHead","downfall:RedIOU","Tiny Chest","Sundial","Bag of Preparation","MawBank","Strawberry","Sling","Thread and Needle","Incense Burner","Pear","Vajra","HandDrill","Nunchaku","Mercury Hourglass","Gremlin Horn"],"potions_floor_usage":[56,56,56],"damage_taken":[{"damage":0.0,"enemies":"2 Louse","floor":4.0,"turns":3.0},{"damage":1.0,"enemies":"Jaw Worm","floor":5.0,"turns":3.0},{"damage":9.0,"enemies":"downfall:Heads","floor":8.0,"turns":4.0},{"damage":8.0,"enemies":"3 Sentries","floor":9.0,"turns":8.0},{"damage":0.0,"enemies":"Cultist","floor":10.0,"turns":3.0},{"damage":0.0,"enemies":"Large Slime","floor":11.0,"turns":5.0},{"damage":9.0,"enemies":"Lagavulin","floor":12.0,"turns":4.0},{"damage":0.0,"enemies":"Gremlin Gang","floor":13.0,"turns":2.0},{"damage":1.0,"enemies":"Exordium Wildlife","floor":14.0,"turns":4.0},{"damage":1.0,"enemies":"2 Fungi Beasts","floor":15.0,"turns":3.0},{"damage":29.0,"enemies":"IC_STATUS_ARCHETYPE","floor":16.0,"turns":5.0},{"damage":1.0,"enemies":"Shell Parasite","floor":19.0,"turns":3.0},{"damage":5.0,"enemies":"downfall:FaceTrader","floor":20.0,"turns":6.0},{"damage":24.0,"enemies":"downfall:LooterAlt2","floor":21.0,"turns":3.0},{"damage":0.0,"enemies":"downfall:FleeingMerchant","floor":25.0,"turns":4.0},{"damage":10.0,"enemies":"Book of Stabbing","floor":26.0,"turns":4.0},{"damage":32.0,"enemies":"Gremlin Leader","floor":28.0,"turns":4.0},{"damage":1.0,"enemies":"Sentry and Sphere","floor":31.0,"turns":4.0},{"damage":0.0,"enemies":"3 Cultists","floor":32.0,"turns":3.0},{"damage":29.0,"enemies":"DF_ARCHETYPE_CLAW","floor":33.0,"turns":6.0},{"damage":4.0,"enemies":"3 Shapes","floor":36.0,"turns":4.0},{"damage":0.0,"enemies":"downfall:FleeingMerchant","floor":39.0,"turns":4.0},{"damage":22.0,"enemies":"Reptomancer","floor":44.0,"turns":4.0},{"damage":0.0,"enemies":"Orb Walker","floor":45.0,"turns":3.0},{"damage":12.0,"enemies":"Jaw Worm Horde","floor":49.0,"turns":4.0},{"damage":23.0,"enemies":"WA_ARCHETYPE_DIVINITY","floor":50.0,"turns":6.0},{"damage":12,"enemies":"downfall:CharBossMerchant","floor":52,"turns":4},{"damage":63,"enemies":"downfall:NeowBoss","floor":55,"turns":13},{"damage":16,"enemies":"downfall:NeowBossFinal","floor":56,"turns":7}],"seed_played":"-8603983160016692402","potions_obtained":[{"floor":3.0,"key":"Block Potion"},{"floor":3.0,"key":"Swift Potion"},{"floor":3.0,"key":"CultistPotion"},{"floor":26.0,"key":"Energy Potion"}],"is_trial":false,"path_per_floor":["R","?","?","M","M","R","T","?","E","M","M","E","M","M","M","B",null,"R","M","?","M","?","R","T","$","E","?","E","T","?","M","M","B",null,"R","M","T","?","$","R","T","R","?","E","M","R","$","T","M","B",null,"E","$","R","B","B",null],"character_chosen":"THE_SPIRIT","items_purchased":["Tiny Chest","expansioncontent:QuickStudy","Sling","hexamod:EtherealExpedition","hexamod:RainOfEmbers","Master of Strategy","Incense Burner","Vajra","HandDrill","Gremlin Horn"],"campfire_rested":1,"item_purchase_floors":[25,25,39,39,39,39,43,47,47,53],"current_hp_per_floor":[70,49,49,51,52,52,52,45,39,41,43,36,38,46,54,34,70,80,79,80,57,57,57,57,67,67,83,59,59,59,61,71,52,87,87,84,91,91,96,96,96,96,96,85,95,95,95,95,93,80,110,99,99,111,56,50],"gold":3,"neow_bonus":"RANDOM_COMMON_RELIC","is_prod":false,"is_daily":false,"chose_seed":false,"campfire_upgraded":7,"win_rate":0.0,"timestamp":1623548921,"path_taken":["R","?","?","M","?","R","T","?","E","M","M","E","M","M","M","BOSS","R","M","?","?","?","R","T","?","E","?","E","?","?","M","M","BOSS","R","M","?","?","$","R","T","R","?","E","M","R","?","?","M","BOSS","E","$","R","BOSS","BOSS"],"build_version":"2020-12-22","purchased_purges":0,"victory":true,"max_hp_per_floor":[70,70,70,70,70,70,70,70,70,70,70,70,70,70,70,70,70,80,80,80,81,81,81,81,82,83,83,84,84,84,85,86,87,87,87,88,95,95,96,96,96,96,96,107,108,108,108,108,109,110,110,111,111,111,112,113],"card_choices":[{"not_picked":["hexamod:SwordOfDarkness","hexamod:SecondSeal"],"picked":"hexamod:EmpoweredFlame","floor":4.0},{"not_picked":["hexamod:ThermalTransfer","hexamod:GhostOfSpireFuture"],"picked":"hexamod:GhostLash","floor":5.0},{"not_picked":["hexamod:SpectralAdrenaline","hexamod:Premonition"],"picked":"hexamod:SkipABeat","floor":8.0},{"not_picked":["hexamod:NightmareStrike","hexamod:ThermalTransfer"],"picked":"hexamod:Rewind","floor":9.0},{"not_picked":["hexamod:SpectersWail","hexamod:HeatMetal"],"picked":"hexamod:HauntingEcho","floor":10.0},{"not_picked":["hexamod:StrikeFromBeyond","hexamod:BacktrackSmack"],"picked":"hexamod:TimeOfNeed","floor":11.0},{"not_picked":["hexamod:HeatShield","hexamod:HeatMetal"],"picked":"hexamod:ThermalTransfer","floor":12.0},{"not_picked":["hexamod:SpectersWail","hexamod:GhostLash"],"picked":"hexamod:FirstSeal","floor":13.0},{"not_picked":["hexamod:HeatMetal","hexamod:SecondSeal"],"picked":"hexamod:CatchUp","floor":14.0},{"not_picked":["hexamod:SwordOfDarkness","hexamod:Divider"],"picked":"hexamod:StrikeFromBeyond","floor":15.0},{"not_picked":["hexamod:GiftsFromTheDead","hexamod:FifthSeal"],"picked":"hexamod:ForkedFlame","floor":16.0},{"not_picked":["hexamod:FourthSeal","hexamod:GhostOfSpireFuture"],"picked":"hexamod:Firestarter","floor":19.0},{"not_picked":["hexamod:Divider","hexamod:GhostShield"],"picked":"hexamod:BurningTouch+1","floor":20.0},{"not_picked":["hexamod:GhostLash+1","hexamod:InspiringFlames+1"],"picked":"hexamod:FlamesFromBeyond+1","floor":21.0},{"not_picked":["hexamod:GhostOfSpirePast","hexamod:GhostShield+1","hexamod:FirstSeal"],"picked":"SKIP","floor":25.0},{"not_picked":["hexamod:Divider","hexamod:TurnItUp","hexamod:ThermalTransfer+1"],"picked":"SKIP","floor":26.0},{"not_picked":["hexamod:SpectersWail","hexamod:BurningTouch","hexamod:SoulSteal"],"picked":"SKIP","floor":28.0},{"not_picked":["hexamod:HeatShield","hexamod:GhostShield","hexamod:SoulSteal"],"picked":"SKIP","floor":31.0},{"not_picked":["hexamod:GhostShield","hexamod:EmpoweredFlame","hexamod:AdvancingGuard"],"picked":"SKIP","floor":32.0},{"not_picked":["hexamod:GhostOfSpirePresent","hexamod:GiftsFromTheDead"],"picked":"hexamod:TimeWarp","floor":33.0},{"not_picked":["hexamod:SwordOfDarkness","hexamod:GhostLash"],"picked":"hexamod:FlamesFromBeyond+1","floor":36.0},{"not_picked":["expansioncontent:LastStand","expansioncontent:PrepareCrush"],"picked":"expansioncontent:GuardianWhirl","floor":38.0},{"not_picked":["hexamod:RecurringNightmare","hexamod:Firestarter+1"],"picked":"hexamod:UnlimitedPower","floor":39.0},{"not_picked":["hexamod:SkipABeat","hexamod:AdvancingGuard+1"],"picked":"hexamod:Floatwork+1","floor":44.0},{"not_picked":["hexamod:NecessarySacrifice+1","hexamod:RecurringNightmare+1"],"picked":"hexamod:Hexaguard+1","floor":45.0},{"not_picked":["hexamod:ThermalTransfer+1","hexamod:BurningTouch+1"],"picked":"hexamod:FastForward","floor":49.0},{"not_picked":["hexamod:FlamesFromBeyond+1","hexamod:ThermalTransfer+1","hexamod:Hexaguard+1"],"picked":"SKIP","floor":52}],"player_experience":1516108,"relics_obtained":[{"floor":9.0,"key":"Orichalcum"},{"floor":12.0,"key":"Bag of Marbles"},{"floor":20.0,"key":"downfall:CloakOfManyFaces"},{"floor":26.0,"key":"Sundial"},{"floor":28.0,"key":"Bag of Preparation"},{"floor":29.0,"key":"MawBank"},{"floor":37.0,"key":"Strawberry"},{"floor":41.0,"key":"Thread and Needle"},{"floor":44.0,"key":"Pear"},{"floor":48.0,"key":"Nunchaku"},{"floor":52,"key":"Mercury Hourglass"}],"event_choices":[{"damage_healed":0.0,"max_hp_gain":0.0,"max_hp_loss":0.0,"gold_gain":0.0,"event_name":"Lab","player_choice":"Got Potions","floor":3.0,"gold_loss":0.0,"damage_taken":0.0}],"is_beta":false,"boss_relics":[{"not_picked":["SacredBark","Snecko Eye"],"picked":"SlaversCollar"},{"not_picked":["Cursed Key","bronze:MakeshiftBattery"],"picked":"hexamod:UnbrokenSoul"}],"items_purged_floors":[],"is_endless":false,"potions_floor_spawned":[4,5,12,14,19,26,32,33,36,44,52],"ascension_level":0}