{"gold_per_floor":[0,0,18,32,32,60,60,85,104,131,145,161,188,208,218,319,319,119,89,89,29,41,73,152,152,184,184,195,195,226,242,262,362,362,362,106,117,117,130,130,130,165,175,190,240,265,165,217,236,236,236,269,45,45,45,45],"floor_reached":56,"playtime":4186,"items_purged":[],"score":1092,"play_id":"d94ae896-1048-41ce-b224-0c5cccc31a99","local_time":"20210620173337","is_ascension_mode":true,"campfire_choices":[{"floor":1.0,"key":"RECALL"},{"data":"champ:CheapShot","floor":18,"key":"SMITH"},{"data":"champ:AdrenalArmor","floor":25,"key":"SMITH"},{"data":"champ:ShieldSlam","floor":29,"key":"SMITH"},{"data":"champ:Execute","floor":35,"key":"SMITH"},{"data":"champ:Defend","floor":40,"key":"SMITH"},{"floor":47,"key":"DIG"},{"floor":54,"key":"DIG"}],"neow_cost":"NO_GOLD","seed_source_timestamp":0,"circlet_count":0,"master_deck":["champ:Defend","champ:Defend","champ:Defend+1","champ:Defend","champ:Execute+1","champ:Taunt+1","champ:AdrenalArmor+1","champ:CheapShot+1","champ:FanOfKnives+1","champ:EnragedBash+1","champ:ShieldSlam+1","champ:ShieldSigil+1","champ:Lariat+1","champ:ArenaPreparation+1","champ:IgnorePain+1","champ:SetATrap+1","champ:UltimateStance+1","CurseOfTheBell","Bite+1","Bite+1","Bite+1","Bite+1","Bite+1","champ:CalledShot+1","champ:Shatter+1","champ:GutPunch+1","champ:SwordSigil+1","champ:CalledShot+1","champ:UltimateStance+1","champ:CalledShot+1","champ:ShieldSlam+1","champ:RageSigil+1","Parasite","champ:VampiricStrike+1","champ:SwordSigil+1","champ:ShieldWall+1","champ:CrookedStrike+1"],"special_seed":0,"relics":["champ:ChampionCrown","Molten Egg 2","Mercury Hourglass","Dream Catcher","Toxic Egg 2","Question Card","Calling Bell","bronze:BronzeIdol","Sundial","Gambling Chip","downfall:HeartBlessingRed","downfall:HeartBlessingGreen","Meat on the Bone","Ornamental Fan","Pear","Bag of Preparation","Black Star","Letter Opener","Darkstone Periapt","White Beast Statue","Shovel","Strawberry","Calipers","downfall:HeartBlessingBlue","Orichalcum","Ice Cream","Shuriken","Mango","Sling","Bottled Flame"],"potions_floor_usage":[23,26,33,33,36,48,50,50,52,55],"damage_taken":[{"damage":7.0,"enemies":"Cultist","floor":3.0,"turns":4.0},{"damage":0.0,"enemies":"Small Slimes","floor":4.0,"turns":4.0},{"damage":17.0,"enemies":"Gremlin Nob","floor":6.0,"turns":5.0},{"damage":4.0,"enemies":"Lagavulin","floor":8.0,"turns":7.0},{"damage":0.0,"enemies":"2 Louse","floor":9.0,"turns":1.0},{"damage":12.0,"enemies":"3 Sentries","floor":10.0,"turns":3.0},{"damage":9.0,"enemies":"Exordium Thugs","floor":11.0,"turns":4.0},{"damage":0.0,"enemies":"Gremlin Gang","floor":12.0,"turns":3.0},{"damage":0.0,"enemies":"Gremlin Nob","floor":13.0,"turns":4.0},{"damage":0.0,"enemies":"2 Fungi Beasts","floor":14.0,"turns":2.0},{"damage":5.0,"enemies":"Large Slime","floor":15.0,"turns":3.0},{"damage":12.0,"enemies":"WA_ARCHETYPE_RETAIN","floor":16.0,"turns":4.0},{"damage":0,"enemies":"downfall:FleeingMerchant","floor":21,"turns":5},{"damage":0,"enemies":"Shell Parasite","floor":22,"turns":4},{"damage":14,"enemies":"Book of Stabbing","floor":23,"turns":5},{"damage":3,"enemies":"Slavers","floor":26,"turns":3},{"damage":11,"enemies":"downfall:LooterAlt2","floor":28,"turns":3},{"damage":0,"enemies":"Book of Stabbing","floor":30,"turns":5},{"damage":0,"enemies":"3 Cultists","floor":31,"turns":4},{"damage":14,"enemies":"Centurion and Healer","floor":32,"turns":3},{"damage":53,"enemies":"SI_MIRROR_ARCHETYPE","floor":33,"turns":11},{"damage":0,"enemies":"downfall:FleeingMerchant","floor":36,"turns":5},{"damage":0,"enemies":"3 Darklings","floor":37,"turns":1},{"damage":0,"enemies":"Orb Walker","floor":39,"turns":2},{"damage":0,"enemies":"Nemesis","floor":42,"turns":4},{"damage":15,"enemies":"Writhing Mass","floor":43,"turns":4},{"damage":0,"enemies":"3 Darklings","floor":44,"turns":3},{"damage":5,"enemies":"3 Darklings","floor":45,"turns":2},{"damage":0,"enemies":"Reptomancer","floor":46,"turns":2},{"damage":0,"enemies":"2 Orb Walkers","floor":48,"turns":4},{"damage":2,"enemies":"4 Shapes","floor":49,"turns":1},{"damage":42,"enemies":"DF_ARCHETYPE_ORBS","floor":50,"turns":9},{"damage":0,"enemies":"downfall:CharBossMerchant","floor":52,"turns":5},{"damage":36,"enemies":"downfall:NeowBoss","floor":55,"turns":24},{"damage":130,"enemies":"downfall:NeowBossFinal","floor":56,"turns":14}],"seed_played":"6734668245815347340","potions_obtained":[{"floor":2.0,"key":"LiquidMemories"},{"floor":2.0,"key":"Block Potion"},{"floor":2.0,"key":"Slimebound:ThreeZeroPotion"},{"floor":6.0,"key":"champ:CounterPotion"},{"floor":11.0,"key":"DuplicationPotion"},{"floor":13.0,"key":"GamblersBrew"},{"floor":14.0,"key":"Regen Potion"},{"floor":16.0,"key":"EssenceOfSteel"},{"floor":22,"key":"champ:UltimateStancePotion"},{"floor":23,"key":"champ:OpenerPotion"},{"floor":26,"key":"SkillPotion"},{"floor":39,"key":"Fire Potion"},{"floor":43,"key":"champ:UltimateStancePotion"},{"floor":44,"key":"ColorlessPotion"},{"floor":48,"key":"Slimebound:ThreeZeroPotion"},{"floor":52,"key":"champ:OpenerPotion"}],"is_trial":false,"path_per_floor":["R","?","M","M","?","E","T","E","M","E","M","M","E","M","M","B",null,"R","?","?","$","M","E","T","R","E","?","M","R","E","M","M","B",null,"R","$","M","?","M","R","T","E","M","M","?","E","R","?","M","B",null,"E","$","R","B","B"],"character_chosen":"THE_CHAMP","items_purchased":["champ:Shatter+1","Letter Opener","Sling","champ:CrookedStrike+1"],"campfire_rested":0,"item_purchase_floors":[21,36,53,53],"current_hp_per_floor":[108,108,101,101,101,84,84,80,80,68,59,59,59,59,68,56,108,108,108,75,75,75,67,67,67,85,77,72,72,81,85,74,53,85,85,85,85,70,70,70,70,79,73,79,80,96,106,108,106,91,108,122,122,122,99,0],"gold":45,"neow_bonus":"TWENTY_PERCENT_HP_BONUS","is_prod":false,"is_daily":false,"chose_seed":false,"campfire_upgraded":5,"win_rate":0,"timestamp":1624224817,"path_taken":["R","?","?","M","?","E","T","E","M","E","M","?","E","M","M","BOSS","R","?","?","$","M","E","T","R","E","?","M","R","E","M","M","BOSS","R","$","M","?","M","R","T","E","?","M","?","E","R","?","M","BOSS","E","$","R","BOSS","BOSS"],"build_version":"2020-12-22","purchased_purges":0,"victory":false,"max_hp_per_floor":[108,108,108,108,108,108,108,108,108,108,108,108,108,108,108,108,108,108,108,75,75,75,75,75,75,85,85,85,85,85,85,85,85,85,85,85,85,85,85,85,85,85,91,91,91,98,108,108,108,108,108,122,122,122,122,122],"card_choices":[{"not_picked":["champ:BringItOn","champ:CrownThrow"],"picked":"champ:AdrenalArmor","floor":3.0},{"not_picked":["champ:Haymaker","champ:StanceDance"],"picked":"champ:CheapShot","floor":4.0},{"not_picked":["champ:FocusedDefense","champ:PreciseThrust+1"],"picked":"champ:FanOfKnives+1","floor":6.0},{"not_picked":["champ:PerfectedStrike+1","champ:LastStand"],"picked":"champ:EnragedBash+1","floor":8.0},{"not_picked":["champ:EnragedBash+1","champ:FlashCut+1"],"picked":"champ:ShieldSlam","floor":9.0},{"not_picked":["champ:GutPunch+1","champ:EnragedBash+1"],"picked":"champ:ShieldSigil+1","floor":10.0},{"not_picked":["champ:FalseCounter+1","champ:FanOfKnives+1"],"picked":"champ:Lariat+1","floor":11.0},{"not_picked":["champ:Shatter+1","champ:FocusedDefense+1"],"picked":"champ:ArenaPreparation+1","floor":12.0},{"not_picked":["champ:BladeFlurry+1","champ:DefensiveStyle"],"picked":"champ:IgnorePain+1","floor":13.0},{"not_picked":["champ:Backstep+1","champ:WindUp+1","champ:FalseCounter+1"],"picked":"champ:SetATrap+1","floor":14.0},{"not_picked":["champ:StanceDance+1","champ:PerfectedStrike+1","champ:CrownThrow+1","champ:BerserkersShout+1"],"picked":"SKIP","floor":15.0},{"not_picked":["champ:EnchantSword+1","champ:GladiatorForm","champ:MurderStrike+1"],"picked":"champ:UltimateStance+1","floor":16.0},{"not_picked":["champ:Backstep+1","champ:PerfectedStrike+1","champ:FocusedDefense+1"],"picked":"champ:CalledShot+1","floor":21},{"not_picked":["champ:FlashCut+1","champ:FalseCounter+1","champ:ShieldWall+1"],"picked":"champ:GutPunch+1","floor":22},{"not_picked":["champ:Backstep+1","champ:DefensiveShout+1","champ:RisingSlash+1","champ:TornadoPunch+1"],"picked":"SKIP","floor":23},{"not_picked":["champ:Devastate+1","champ:RapidStrikes+1","champ:SwordThrow+1"],"picked":"champ:SwordSigil+1","floor":26},{"not_picked":["champ:GladiatorStyle+1","champ:SetATrap+1","champ:TornadoPunch+1","champ:ShieldSigil+1"],"picked":"SKIP","floor":28},{"not_picked":["champ:SkillfulDodge+1","champ:DefensiveStyle","champ:FalseCounter+1"],"picked":"champ:CalledShot+1","floor":30},{"not_picked":["champ:FlashCut+1","champ:PreciseThrust+1","champ:BerserkersShout+1","champ:ShieldSigil+1"],"picked":"SKIP","floor":31},{"not_picked":["champ:ShieldSigil+1","champ:DeathBlow+1","champ:SkillfulDodge+1","champ:Parry+1"],"picked":"SKIP","floor":32},{"not_picked":["champ:DancingMaster","champ:IgnorePain+1","champ:EnchantCrown+1"],"picked":"champ:UltimateStance+1","floor":33},{"not_picked":["champ:FocusedBerserking+1","champ:CrownThrow+1","champ:IronFortress+1"],"picked":"champ:CalledShot+1","floor":36},{"not_picked":["champ:Backstep+1","champ:RapidStrikes+1","champ:ShieldSigil+1","champ:ViciousMockery+1"],"picked":"SKIP","floor":37},{"not_picked":["champ:PreciseThrust+1","champ:WindUp+1","champ:GladiatorStyle"],"picked":"champ:ShieldSlam+1","floor":39},{"not_picked":["champ:BringItOn+1","champ:DefensiveShout+1","champ:PreemptiveStrike+1"],"picked":"champ:RageSigil+1","floor":42},{"not_picked":["champ:BringItOn+1","champ:EnGarde+1","champ:BerserkersShout+1"],"picked":"champ:VampiricStrike+1","floor":43},{"not_picked":["champ:PerfectedStrike+1","champ:CrownThrow+1","champ:EnGarde+1","champ:DefensiveShout+1"],"picked":"SKIP","floor":44},{"not_picked":["champ:PerfectedStrike+1","champ:RageSigil+1","champ:FocusedDefense+1"],"picked":"champ:SwordSigil+1","floor":46},{"not_picked":["champ:FalseCounter+1","champ:RapidStrikes+1","champ:BladeFlurry+1"],"picked":"champ:ShieldWall+1","floor":48},{"not_picked":["champ:Haymaker+1","champ:SkillfulDodge+1","champ:BerserkersShout+1","champ:ShieldSigil+1"],"picked":"SKIP","floor":49},{"not_picked":["champ:ArenaPreparation+1","champ:BladeFlurry+1","champ:EnchantSword+1","champ:Duel+1"],"picked":"SKIP","floor":52}],"player_experience":1528997,"relics_obtained":[{"floor":6.0,"key":"Molten Egg 2"},{"floor":7.0,"key":"Mercury Hourglass"},{"floor":8.0,"key":"Dream Catcher"},{"floor":10.0,"key":"Toxic Egg 2"},{"floor":13.0,"key":"Question Card"},{"floor":17,"key":"bronze:BronzeIdol"},{"floor":17,"key":"Sundial"},{"floor":17,"key":"Gambling Chip"},{"floor":23,"key":"Meat on the Bone"},{"floor":24,"key":"Ornamental Fan"},{"floor":26,"key":"Pear"},{"floor":30,"key":"Bag of Preparation"},{"floor":42,"key":"Darkstone Periapt"},{"floor":42,"key":"White Beast Statue"},{"floor":45,"key":"Shovel"},{"floor":46,"key":"Strawberry"},{"floor":46,"key":"Calipers"},{"floor":47,"key":"Orichalcum"},{"floor":48,"key":"Ice Cream"},{"floor":52,"key":"Shuriken"},{"floor":52,"key":"Mango"},{"floor":54,"key":"Bottled Flame"}],"event_choices":[{"damage_healed":0.0,"max_hp_gain":0.0,"max_hp_loss":0.0,"gold_gain":0.0,"event_name":"Lab","player_choice":"Got Potions","floor":2.0,"gold_loss":0.0,"damage_taken":0.0},{"damage_healed":0,"gold_gain":0,"player_choice":"Became a vampire","damage_taken":0,"max_hp_gain":0,"max_hp_loss":33,"event_name":"Vampires","floor":20,"gold_loss":0,"cards_obtained":["Bite","Bite","Bite","Bite","Bite"]},{"damage_healed":0,"gold_gain":0,"player_choice":"Fight","damage_taken":0,"max_hp_gain":0,"max_hp_loss":0,"event_name":"Mysterious Sphere","floor":48,"gold_loss":0}],"is_beta":false,"boss_relics":[{"not_picked":["Pandora\u0027s Box","Runic Pyramid"],"picked":"Calling Bell"},{"not_picked":["Runic Dome","SlaversCollar"],"picked":"Black Star"}],"items_purged_floors":[],"is_endless":false,"potions_floor_spawned":[6,11,13,14,16,22,23,26,32,39,43,44,45,46,48,49,52],"killed_by":"downfall:NeowBossFinal","ascension_level":1}