{"gold_per_floor":[0,0,0,0,18,18,18,34,52,52,80,80,80,115,133,234,234,134,157,170,170,170,197,197,224,436,448,495,174,174,188,204,204],"floor_reached":33,"playtime":1789,"items_purged":[],"score":291,"play_id":"0201aa0c-e327-4798-83a8-00436783630c","local_time":"20210618170200","is_ascension_mode":false,"campfire_choices":[{"floor":1,"key":"RECALL"},{"data":"champ:Taunt","floor":6,"key":"SMITH"},{"data":"champ:DancingMaster","floor":13,"key":"SMITH"},{"data":"champ:SteelEdge","floor":18,"key":"SMITH"},{"data":"champ:DancingMaster","floor":27,"key":"SMITH"},{"floor":30,"key":"REST"}],"neow_cost":"NO_GOLD","seed_source_timestamp":221542584040200,"circlet_count":0,"master_deck":["champ:Strike","champ:Strike+1","champ:Strike","champ:Defend+1","champ:Defend+1","champ:Defend","champ:Defend","champ:Execute+1","champ:Taunt+1","champ:DancingMaster+1","champ:BladeFlurry","champ:FlashCut","champ:GladiatorStyle","champ:FlashCut","champ:DancingMaster+1","champ:FocusedDefense+1","champ:SteelEdge+1","champ:FanOfKnives","champ:GutPunch","champ:StanceDance","champ:StanceDance","champ:StanceDance","champ:CalledShot+1","champ:ArenaPreparation"],"relics":["champ:ChampionCrown","downfall:BrokenWingStatue","Incense Burner","Question Card","Tiny Chest","Empty Cage","downfall:HeartBlessingRed","Akabeko","PreservedInsect","Matryoshka","Eternal Feather","War Paint","MawBank","Anchor","Membership Card","champ:DefensiveTrainingManual","Ancient Tea Set"],"potions_floor_usage":[14,16,32,33,33],"damage_taken":[{"damage":8,"enemies":"Jaw Worm","floor":5,"turns":3},{"damage":0,"enemies":"Small Slimes","floor":8,"turns":2},{"damage":0,"enemies":"2 Louse","floor":9,"turns":2},{"damage":11,"enemies":"Gremlin Nob","floor":11,"turns":4},{"damage":12,"enemies":"Lagavulin","floor":14,"turns":5},{"damage":0,"enemies":"Exordium Wildlife","floor":15,"turns":4},{"damage":51,"enemies":"WA_ARCHETYPE_RETAIN","floor":16,"turns":10},{"damage":0,"enemies":"Spheric Guardian","floor":20,"turns":1},{"damage":25,"enemies":"Slavers","floor":23,"turns":5},{"damage":17,"enemies":"downfall:LooterAlt2","floor":25,"turns":4},{"damage":7,"enemies":"downfall:LooterAlt2","floor":26,"turns":6},{"damage":27,"enemies":"Gremlin Leader","floor":28,"turns":6},{"damage":20,"enemies":"downfall:FleeingMerchant","floor":29,"turns":4},{"damage":22,"enemies":"Shelled Parasite and Fungi","floor":31,"turns":5},{"damage":31,"enemies":"Sentry and Sphere","floor":32,"turns":6},{"damage":33,"enemies":"IC_MUSHROOM_ARCHETYPE","floor":33,"turns":7}],"seed_played":"4453223576804848975","potions_obtained":[{"floor":5,"key":"champ:UltimateStancePotion"},{"floor":9,"key":"bronze:BurnAndBuffPotion"},{"floor":25,"key":"DuplicationPotion"},{"floor":31,"key":"GamblersBrew"},{"floor":32,"key":"Swift Potion"}],"is_trial":false,"path_per_floor":["R","?","?","?","M","R","T","M","M","?","E","?","R","E","M","B",null,"R","T","M","T","T","E","T","M","?","R","E","$","R","M","M","B"],"character_chosen":"THE_CHAMP","items_purchased":["Membership Card","champ:DefensiveTrainingManual","Ancient Tea Set","champ:StanceDance"],"campfire_rested":1,"item_purchase_floors":[29,29,29,29],"current_hp_per_floor":[90,90,90,90,82,82,82,82,82,82,71,71,71,69,69,28,90,90,90,90,90,90,65,65,48,41,53,36,26,65,53,32,0],"gold":204,"neow_bonus":"THREE_RARE_CARDS","is_prod":false,"is_daily":false,"chose_seed":false,"campfire_upgraded":4,"win_rate":0.0,"timestamp":1624050120,"path_taken":["R","?","?","?","M","R","T","M","?","?","E","?","R","E","M","BOSS","R","?","?","?","?","E","T","?","?","R","E","$","R","M","M","BOSS"],"build_version":"2020-12-22","purchased_purges":0,"victory":false,"max_hp_per_floor":[90,90,90,90,90,90,90,90,90,90,90,90,90,90,90,90,90,90,90,90,90,90,90,90,90,90,90,90,90,90,90,90,90],"card_choices":[{"not_picked":["champ:Devastate","champ:IgnorePain"],"picked":"champ:DancingMaster","floor":0},{"not_picked":["champ:Endure","champ:EnGarde"],"picked":"champ:BladeFlurry","floor":5},{"not_picked":["champ:RecklessLeap","champ:TornadoPunch"],"picked":"champ:PerfectedStrike","floor":8},{"not_picked":["champ:Backstep","champ:EnGarde"],"picked":"champ:FlashCut","floor":9},{"not_picked":["champ:FalseCounter","champ:PreemptiveStrike"],"picked":"champ:GladiatorStyle","floor":11},{"not_picked":["champ:Endure","champ:SkillfulDodge","champ:FaceSlap"],"picked":"champ:DancingMaster","floor":14},{"not_picked":["champ:Haymaker","champ:RecklessLeap","champ:Shatter"],"picked":"champ:FocusedDefense","floor":15},{"not_picked":["champ:IgnorePain","champ:SwordThrow","champ:HoldFirm"],"picked":"champ:SteelEdge","floor":16},{"not_picked":["champ:PerfectedStrike","champ:BringItOn","champ:BerserkersShout"],"picked":"champ:FanOfKnives","floor":20},{"not_picked":["champ:IgnorePain","champ:ShieldWall","champ:CalledShot"],"picked":"champ:GutPunch","floor":23},{"not_picked":["champ:BringItOn","champ:EnGarde+1","champ:EnragedBash+1"],"picked":"champ:StanceDance","floor":25},{"not_picked":["champ:Circumvent","champ:Haymaker+1","champ:IgnorePain","champ:Backstep"],"picked":"SKIP","floor":28},{"not_picked":["champ:FanOfKnives","champ:BerserkersShout","champ:GutPunch"],"picked":"champ:StanceDance","floor":29},{"not_picked":["champ:Backstep","champ:Shatter","champ:EnGarde"],"picked":"champ:CalledShot+1","floor":31},{"not_picked":["champ:Shatter+1","champ:PreciseThrust+1","champ:FalseCounter+1"],"picked":"champ:ArenaPreparation","floor":32}],"player_experience":1519827,"relics_obtained":[{"floor":7,"key":"Incense Burner"},{"floor":11,"key":"Question Card"},{"floor":14,"key":"Tiny Chest"},{"floor":19,"key":"Akabeko"},{"floor":21,"key":"PreservedInsect"},{"floor":22,"key":"Matryoshka"},{"floor":23,"key":"Eternal Feather"},{"floor":24,"key":"War Paint"},{"floor":24,"key":"MawBank"},{"floor":28,"key":"Anchor"}],"event_choices":[{"cards_removed":["downfall:Malfunctioning"],"damage_healed":0,"gold_gain":0,"player_choice":"Card Removal","damage_taken":0,"max_hp_gain":0,"max_hp_loss":0,"event_name":"The Cleric","floor":4,"gold_loss":0}],"is_beta":false,"boss_relics":[{"not_picked":["Velvet Choker","Snecko Eye"],"picked":"Empty Cage"}],"items_purged_floors":[],"is_endless":false,"potions_floor_spawned":[5,9,25,26,31,32],"killed_by":"IC_MUSHROOM_ARCHETYPE","ascension_level":0}