{"gold_per_floor":[349,367,14,14,34,34,34,34,63,79,107,126,151,169,186,282,282,282,282,282,282,282,282,282,282,282,282,282,282,187,187,187,187,187,187,187,187,187,46,46,46,46,46,46,46,46,46,46,46],"floor_reached":49,"playtime":2728,"items_purged":["Regret","Normality"],"score":632,"play_id":"cbbc8c47-30b3-484f-9a22-932b3ee2772b","local_time":"20210619173203","is_ascension_mode":true,"campfire_choices":[{"floor":1,"key":"RECALL"},{"data":"champ:Lariat","floor":6,"key":"SMITH"},{"data":"champ:IronFortress","floor":8,"key":"SMITH"},{"data":"champ:SteelEdge","floor":18,"key":"SMITH"},{"data":"RitualDagger","floor":23,"key":"SMITH"},{"floor":28,"key":"REST"},{"data":"champ:CrookedStrike","floor":35,"key":"SMITH"},{"floor":45,"key":"REST"}],"neow_cost":"CURSE","seed_source_timestamp":308807709552500,"circlet_count":0,"master_deck":["champ:Strike","champ:Defend+1","champ:Defend","champ:Defend","champ:Defend","champ:Execute","champ:Taunt+1","champ:FlashCut","champ:RisingSlash","champ:IronFortress+1","champ:ArenaPreparation","champ:Lariat+1","champ:GutPunch","champ:IronFortress","champ:RageSigil","champ:GutPunch","champ:FancyFootwork","champ:SteelEdge+1","champ:RageSigil","champ:Lariat+1","RitualDagger+1","Pride","champ:DeathBlow+1","champ:ShieldSigil","champ:CrookedStrike+1","champ:SteelEdge","J.A.X.","champ:HoldFirm","champ:SkillfulDodge+1","champ:Backstep+1","champ:IronFortress+1"],"relics":["champ:ChampionCrownUpgraded","Oddly Smooth Stone","Mummified Hand","War Paint","StoneCalendar","Akabeko","downfall:Hecktoplasm","downfall:HeartBlessingRed","Letter Opener","StrikeDummy","champ:DefensiveTrainingManual","The Courier","MutagenicStrength","Sling","Gremlin Horn","downfall:HeartBlessingGreen","downfall:HeartBlessingBlue","Calipers"],"potions_floor_usage":[11,16,20,33,38,40,47,49],"damage_taken":[{"damage":2,"enemies":"2 Louse","floor":2,"turns":2},{"damage":4,"enemies":"downfall:FleeingMerchant","floor":3,"turns":4},{"damage":0,"enemies":"Cultist","floor":5,"turns":3},{"damage":8,"enemies":"Lagavulin","floor":9,"turns":7},{"damage":0,"enemies":"Jaw Worm","floor":10,"turns":1},{"damage":0,"enemies":"Gremlin Nob","floor":11,"turns":3},{"damage":4,"enemies":"Large Slime","floor":12,"turns":2},{"damage":6,"enemies":"Lagavulin","floor":13,"turns":4},{"damage":0,"enemies":"3 Louse","floor":14,"turns":2},{"damage":0,"enemies":"2 Fungi Beasts","floor":15,"turns":2},{"damage":8,"enemies":"IC_STATUS_ARCHETYPE","floor":16,"turns":5},{"damage":2,"enemies":"3 Byrds","floor":20,"turns":3},{"damage":0,"enemies":"Spheric Guardian","floor":26,"turns":2},{"damage":18,"enemies":"Slavers","floor":27,"turns":3},{"damage":20,"enemies":"Book of Stabbing","floor":29,"turns":5},{"damage":0,"enemies":"downfall:FleeingMerchant","floor":30,"turns":4},{"damage":18,"enemies":"downfall:Augmenter","floor":31,"turns":6},{"damage":4,"enemies":"Cultist and Chosen","floor":32,"turns":4},{"damage":21,"enemies":"DF_ARCHETYPE_CLAW","floor":33,"turns":7},{"damage":3,"enemies":"Orb Walker","floor":36,"turns":2},{"damage":23,"enemies":"3 Darklings","floor":38,"turns":5},{"damage":3,"enemies":"downfall:FleeingMerchant","floor":39,"turns":4},{"damage":71,"enemies":"Reptomancer","floor":40,"turns":4},{"damage":0,"enemies":"Maw","floor":42,"turns":7},{"damage":0,"enemies":"4 Shapes","floor":43,"turns":7},{"damage":19,"enemies":"Nemesis","floor":47,"turns":5},{"damage":26,"enemies":"Jaw Worm Horde","floor":48,"turns":3},{"damage":17,"enemies":"Transient","floor":49,"turns":5}],"seed_played":"2391375780301301023","potions_obtained":[{"floor":5,"key":"bronze:BurnAndBuffPotion"},{"floor":9,"key":"Ancient Potion"},{"floor":10,"key":"Fire Potion"},{"floor":13,"key":"Explosive Potion"},{"floor":26,"key":"Energy Potion"},{"floor":29,"key":"Strength Potion"},{"floor":31,"key":"Fire Potion"},{"floor":38,"key":"SteroidPotion"},{"floor":46,"key":"downfall:CursedFountainPotion"},{"floor":48,"key":"Ancient Potion"}],"is_trial":false,"path_per_floor":["R","M","$","?","M","R","T","R","E","M","E","M","E","M","M","B",null,"R","?","M","?","?","R","T","?","M","E","R","E","$","?","M","B",null,"R","M","?","M","$","E","T","M","M","$","R","?","E","M","M"],"character_chosen":"THE_CHAMP","items_purchased":["champ:IronFortress","champ:ArenaPreparation","Oddly Smooth Stone","Sling"],"campfire_rested":2,"item_purchase_floors":[3,3,3,39],"current_hp_per_floor":[90,88,84,84,84,84,84,84,76,76,76,72,66,66,66,58,90,90,90,88,82,82,82,82,64,64,56,84,74,74,66,62,51,95,95,92,92,79,76,5,5,5,5,5,46,46,27,10,0],"gold":46,"neow_bonus":"TWO_FIFTY_GOLD","is_prod":false,"is_daily":false,"chose_seed":false,"campfire_upgraded":5,"win_rate":0,"timestamp":1624138323,"path_taken":["R","M","$","?","?","R","T","R","E","M","E","M","E","M","M","BOSS","R","?","?","?","?","R","T","?","M","E","R","E","$","?","M","BOSS","R","M","?","M","$","E","T","M","M","$","R","?","E","M","M"],"build_version":"2020-12-22","purchased_purges":2,"victory":false,"max_hp_per_floor":[90,90,90,90,90,90,90,90,90,90,90,90,90,90,90,90,90,90,90,90,90,90,90,90,95,95,95,95,95,95,95,95,95,95,95,95,95,95,95,95,95,95,95,95,105,105,105,105,105],"card_choices":[{"not_picked":["champ:DefensiveShout","champ:WindUp"],"picked":"champ:FlashCut","floor":2},{"not_picked":["champ:FocusedDefense","champ:ShieldSlam"],"picked":"champ:RisingSlash","floor":3},{"not_picked":["champ:ShieldSlam","champ:ArenaPreparation"],"picked":"champ:Lariat","floor":5},{"not_picked":["champ:ShieldSlam","champ:FanOfKnives"],"picked":"champ:GutPunch","floor":9},{"not_picked":["champ:AdrenalArmor","champ:BladeFlurry"],"picked":"champ:IronFortress","floor":10},{"not_picked":["champ:Duel","champ:DeathBlow"],"picked":"champ:RageSigil","floor":11},{"not_picked":["champ:CrownThrow","champ:FanOfKnives"],"picked":"champ:GutPunch","floor":12},{"not_picked":["champ:ShieldSigil","champ:FlashCut"],"picked":"champ:FancyFootwork","floor":13},{"not_picked":["champ:GladiatorStyle","champ:Lariat","champ:BerserkersShout"],"picked":"SKIP","floor":14},{"not_picked":["champ:BringItOn","champ:FanOfKnives","champ:EnragedBash"],"picked":"SKIP","floor":15},{"not_picked":["champ:IgnorePain","champ:UltimateStance"],"picked":"champ:SteelEdge","floor":16},{"not_picked":["champ:Haymaker+1","champ:FocusedDefense","champ:BladeFlurry"],"picked":"SKIP","floor":20},{"not_picked":["champ:Lariat","champ:GutPunch+1"],"picked":"champ:DeathBlow+1","floor":26},{"not_picked":["champ:GutPunch","champ:Parry+1"],"picked":"champ:ShieldSigil","floor":27},{"not_picked":["champ:FlashCut","champ:StanceDance","champ:Shatter"],"picked":"SKIP","floor":29},{"not_picked":["champ:GutPunch","champ:IgnorePain","champ:ShieldSigil"],"picked":"SKIP","floor":30},{"not_picked":[],"picked":"J.A.X.","floor":31},{"not_picked":["champ:Haymaker","champ:CrownThrow+1","champ:TornadoPunch"],"picked":"SKIP","floor":32},{"not_picked":["champ:VampiricStrike","champ:Devastate"],"picked":"champ:HoldFirm","floor":33},{"not_picked":["champ:Lariat+1","champ:PerfectedStrike+1"],"picked":"champ:SkillfulDodge+1","floor":36},{"not_picked":["champ:GutPunch+1","champ:FanOfKnives+1"],"picked":"champ:Backstep+1","floor":38},{"not_picked":["champ:Lariat","champ:CheapShot"],"picked":"champ:IronFortress+1","floor":39},{"not_picked":["champ:ArenaPreparation","champ:FalseCounter","champ:ViciousMockery"],"picked":"SKIP","floor":40},{"not_picked":["champ:PerfectedStrike+1","champ:ViciousMockery+1","champ:RecklessLeap+1"],"picked":"SKIP","floor":42},{"not_picked":["champ:TornadoPunch","champ:Haymaker","champ:Shatter+1"],"picked":"SKIP","floor":43},{"not_picked":["champ:FocusedBerserking+1","champ:BerserkersShout","champ:Lariat"],"picked":"SKIP","floor":47},{"not_picked":["champ:GladiatorStyle+1","champ:AdrenalArmor","champ:ShieldSigil+1"],"picked":"SKIP","floor":48}],"player_experience":1526269,"relics_obtained":[{"floor":7,"key":"Mummified Hand"},{"floor":9,"key":"War Paint"},{"floor":11,"key":"StoneCalendar"},{"floor":13,"key":"Akabeko"},{"floor":24,"key":"StrikeDummy"},{"floor":27,"key":"champ:DefensiveTrainingManual"},{"floor":29,"key":"The Courier"},{"floor":31,"key":"MutagenicStrength"},{"floor":40,"key":"Gremlin Horn"},{"floor":47,"key":"Calipers"}],"event_choices":[{"damage_healed":0,"gold_gain":0,"player_choice":"Stole Relic","damage_taken":0,"relics_obtained":["Letter Opener"],"max_hp_gain":0,"max_hp_loss":0,"event_name":"Addict","floor":22,"gold_loss":0,"cards_obtained":["Pride"]}],"is_beta":false,"boss_relics":[{"not_picked":["Astrolabe","SacredBark"],"picked":"downfall:Hecktoplasm"},{"not_picked":["SlaversCollar","Runic Pyramid"],"picked":"champ:ChampionCrownUpgraded"}],"items_purged_floors":[3,30],"is_endless":false,"potions_floor_spawned":[5,9,10,13,14,26,29,31,38,42,48],"killed_by":"Transient","ascension_level":1}