{"gold_per_floor":[99,199,247,247,247,247,247,169,185,218,247,47,32,49,66,162,162,62,47,147,147,158,158,183,183,183,89,123,123,140,155,167,167],"floor_reached":33,"playtime":1825,"items_purged":[],"score":309,"play_id":"000819d5-e11b-4465-81ea-6143b36ac923","local_time":"20210619142159","is_ascension_mode":false,"campfire_choices":[{"floor":1,"key":"RECALL"},{"floor":12,"key":"REST"},{"data":"champ:BerserkerStyle","floor":18,"key":"SMITH"},{"data":"champ:SwordThrow","floor":23,"key":"SMITH"},{"data":"champ:CrookedStrike","floor":25,"key":"SMITH"},{"data":"champ:Duel","floor":29,"key":"SMITH"}],"neow_cost":"NONE","seed_source_timestamp":298306674213400,"circlet_count":0,"master_deck":["champ:Strike","champ:Strike","champ:Strike+1","champ:Strike","champ:Defend","champ:Defend","champ:Defend","champ:Defend","champ:Execute","champ:Taunt","champ:PreciseThrust","champ:Duel+1","champ:StanceDance+1","champ:FocusedBerserking+1","champ:Circumvent+1","champ:CrookedStrike+1","champ:VampiricStrike","champ:BerserkerStyle+1","champ:Lariat+1","champ:Shatter+1","champ:SwordThrow+1","champ:IronFortress","champ:BerserkersShout+1","champ:IronFortress+1"],"relics":["champ:ChampionCrown","downfall:HeartsMalice","champ:DefensiveTrainingManual","Toxic Egg 2","Pantograph","Odd Mushroom","downfall:HeartBlessingRed","downfall:HeartBlessingGreen","Black Star","downfall:HeartBlessingBlue","GremlinMask","Whetstone","Nunchaku","Regal Pillow","Sundial"],"potions_floor_usage":[16,22,22,28,28,33],"damage_taken":[{"damage":0,"enemies":"2 Louse","floor":4,"turns":1},{"damage":0,"enemies":"Jaw Worm","floor":5,"turns":1},{"damage":0,"enemies":"downfall:FleeingMerchant","floor":8,"turns":1},{"damage":0,"enemies":"Small Slimes","floor":9,"turns":3},{"damage":31,"enemies":"Gremlin Nob","floor":10,"turns":5},{"damage":11,"enemies":"The Mushroom Lair","floor":11,"turns":5},{"damage":0,"enemies":"downfall:FleeingMerchant","floor":13,"turns":4},{"damage":12,"enemies":"downfall:LooterAlt","floor":14,"turns":3},{"damage":0,"enemies":"Blue Slaver","floor":15,"turns":3},{"damage":5,"enemies":"IC_STATUS_ARCHETYPE","floor":16,"turns":6},{"damage":7,"enemies":"downfall:FleeingMerchant","floor":19,"turns":4},{"damage":5,"enemies":"downfall:LooterAlt2","floor":22,"turns":4},{"damage":6,"enemies":"downfall:FleeingMerchant","floor":27,"turns":4},{"damage":35,"enemies":"Gremlin Leader","floor":28,"turns":7},{"damage":5,"enemies":"Chosen","floor":30,"turns":3},{"damage":14,"enemies":"Sentry and Sphere","floor":31,"turns":3},{"damage":20,"enemies":"Snecko","floor":32,"turns":5},{"damage":68,"enemies":"DF_ARCHETYPE_CLAW","floor":33,"turns":6}],"seed_played":"-8197760408043980672","potions_obtained":[{"floor":11,"key":"SteroidPotion"},{"floor":14,"key":"hexamod:SoulburnPotion"},{"floor":15,"key":"DistilledChaos"},{"floor":16,"key":"Block Potion"},{"floor":22,"key":"Fire Potion"},{"floor":28,"key":"LiquidBronze"},{"floor":32,"key":"Explosive Potion"}],"is_trial":false,"path_per_floor":["R","?","T","M","M","?","T","$","M","E","?","R","$","M","M","B",null,"R","$","?","?","M","R","T","R","T","$","E","R","M","M","M","B"],"character_chosen":"THE_CHAMP","items_purchased":["champ:FocusedBerserking+1","champ:IronFortress"],"campfire_rested":1,"item_purchase_floors":[8,27],"current_hp_per_floor":[90,90,90,90,90,78,78,78,78,47,36,63,63,56,56,81,90,100,98,98,98,98,98,98,98,98,97,67,67,67,58,43,0],"gold":167,"neow_bonus":"THREE_ENEMY_KILL","is_prod":false,"is_daily":false,"chose_seed":false,"campfire_upgraded":4,"win_rate":0.0,"timestamp":1624126919,"path_taken":["R","?","?","?","M","?","T","$","M","E","?","R","?","M","M","BOSS","R","$","?","?","?","R","T","R","?","?","E","R","?","M","M","BOSS"],"build_version":"2020-12-22","purchased_purges":0,"victory":false,"max_hp_per_floor":[90,90,90,90,90,90,90,90,90,90,90,90,90,90,90,90,90,100,100,100,100,100,100,100,100,100,100,100,100,100,100,100,100],"card_choices":[{"not_picked":["champ:CrownThrow","champ:Haymaker"],"picked":"champ:PreciseThrust","floor":4},{"not_picked":["champ:Endure","champ:WindUp"],"picked":"champ:Duel","floor":5},{"not_picked":["champ:CheapShot","champ:ShieldSlam+1"],"picked":"champ:StanceDance+1","floor":8},{"not_picked":["champ:DefensiveShout+1","champ:BladeFlurry"],"picked":"champ:Circumvent+1","floor":9},{"not_picked":["champ:DefensiveStyle","champ:Endure+1"],"picked":"champ:CrookedStrike","floor":10},{"not_picked":["champ:StanceDance+1","champ:Haymaker"],"picked":"champ:VampiricStrike","floor":11},{"not_picked":["champ:PerfectedStrike","champ:CrookedStrike"],"picked":"champ:BerserkerStyle","floor":13},{"not_picked":["champ:BladeFlurry","champ:Encircle"],"picked":"champ:Lariat+1","floor":14},{"not_picked":["champ:FlashCut","champ:Haymaker"],"picked":"champ:Shatter","floor":15},{"not_picked":["champ:VampiricStrike","champ:IgnorePain+1"],"picked":"champ:SwordThrow","floor":16},{"not_picked":["champ:Shatter","champ:BringItOn+1","champ:PreemptiveStrike"],"picked":"SKIP","floor":19},{"not_picked":["champ:GutPunch","champ:GladiatorStyle","champ:Shatter"],"picked":"SKIP","floor":22},{"not_picked":["champ:DefensiveShout+1","champ:SwordThrow","champ:SkillfulDodge+1"],"picked":"SKIP","floor":27},{"not_picked":["champ:TornadoPunch+1","champ:CrownThrow+1","champ:DefensiveShout+1"],"picked":"SKIP","floor":28},{"not_picked":["champ:FanOfKnives","champ:FancyFootwork+1"],"picked":"champ:BerserkersShout+1","floor":30},{"not_picked":["champ:BerserkerStyle+1","champ:DeathBlow","champ:EnGarde+1"],"picked":"SKIP","floor":31},{"not_picked":["champ:Circumvent+1","champ:FlashCut"],"picked":"champ:IronFortress+1","floor":32}],"player_experience":1521738,"relics_obtained":[{"floor":7,"key":"Toxic Egg 2"},{"floor":10,"key":"Pantograph"},{"floor":11,"key":"Odd Mushroom"},{"floor":24,"key":"Whetstone"},{"floor":26,"key":"Nunchaku"},{"floor":28,"key":"Regal Pillow"},{"floor":28,"key":"Sundial"}],"event_choices":[{"damage_healed":0,"gold_gain":0,"player_choice":"Success","damage_taken":12,"relics_obtained":["champ:DefensiveTrainingManual"],"max_hp_gain":0,"max_hp_loss":0,"event_name":"Scrap Ooze","floor":6,"gold_loss":0},{"damage_healed":0,"gold_gain":0,"player_choice":"Fought Mushrooms","damage_taken":0,"max_hp_gain":0,"max_hp_loss":0,"event_name":"Mushrooms","floor":11,"gold_loss":0},{"damage_healed":0,"gold_gain":0,"player_choice":"Trade","damage_taken":0,"relics_obtained":["GremlinMask"],"max_hp_gain":0,"max_hp_loss":0,"event_name":"FaceTrader","floor":21,"gold_loss":0}],"is_beta":false,"boss_relics":[{"not_picked":["Empty Cage","Philosopher\u0027s Stone"],"picked":"Black Star"}],"items_purged_floors":[],"is_endless":false,"potions_floor_spawned":[11,14,15,16,22,28,32],"killed_by":"DF_ARCHETYPE_CLAW","ascension_level":0}