{"gold_per_floor":[112,112,129,204,224,224,257,273,273,273,289,289,303,332,332,436,436,454,473,81,81,81,114,146,146,170,196,208,182,215,241,241,336,336,349,624,468,468,468,503,503,536,536,536,536,536,159,174,174,174],"floor_reached":50,"playtime":3443,"items_purged":["Regret"],"score":685,"play_id":"12870dde-6062-4a15-8842-203acdcbad99","local_time":"20200208144735","is_ascension_mode":true,"campfire_choices":[{"data":"Pray","floor":6,"key":"SMITH"},{"data":"DevaForm","floor":15,"key":"SMITH"},{"floor":25,"key":"REST"},{"floor":28,"key":"REST"},{"floor":32,"key":"REST"},{"floor":41,"key":"REST"},{"floor":46,"key":"REST"},{"floor":49,"key":"REST"}],"neow_cost":"CURSE","seed_source_timestamp":1615964426559200,"circlet_count":0,"master_deck":["Vigilance","ReachHeaven","SashWhip","Pray+1","Consecrate+1","InnerPeace","FlurryOfBlows+1","WreathOfFlame","DevaForm+1","BowlingBash+1","Blasphemy","CurseOfTheBell","EmptyBody","WaveOfTheHand+1","Mayhem","ThirdEye","JustLucky+1","SignatureMove+1","FollowUp+1","FlyingSleeves+1","ClearTheMind","FlurryOfBlows+1","LikeWater","MasterReality","Swivel","ConjureBlade","Pray","EmptyFist+1","CarveReality+1","Adaptation","Bandage Up","Dramatic Entrance+1","Dark Shackles","Prostrate+1","Halt","BattleHymn"],"relics":["PureWater","HornCleat","Blood Vial","Molten Egg 2","Toy Ornithopter","Calling Bell","Juzu Bracelet","Blue Candle","WingedGreaves","TheAbacus","Gremlin Horn","Nunchaku","MawBank","Lantern","Pen Nib","Pandora\u0027s Box","Bottled Flame","White Beast Statue","Mercury Hourglass","Toolbox","Whetstone"],"potions_floor_usage":[14,16,16,24,40,42,50,50],"damage_taken":[{"damage":8,"enemies":"2 Louse","floor":1,"turns":4},{"damage":0,"enemies":"Small Slimes","floor":3,"turns":3},{"damage":0,"enemies":"Cultist","floor":5,"turns":3},{"damage":23,"enemies":"3 Sentries","floor":7,"turns":6},{"damage":3,"enemies":"Gremlin Gang","floor":8,"turns":4},{"damage":2,"enemies":"Large Slime","floor":11,"turns":6},{"damage":10,"enemies":"Exordium Thugs","floor":13,"turns":2},{"damage":9,"enemies":"Gremlin Nob","floor":14,"turns":4},{"damage":57,"enemies":"The Guardian","floor":16,"turns":8},{"damage":1,"enemies":"Spheric Guardian","floor":18,"turns":3},{"damage":15,"enemies":"Chosen","floor":19,"turns":5},{"damage":47,"enemies":"Gremlin Leader","floor":23,"turns":6},{"damage":7,"enemies":"Slavers","floor":24,"turns":3},{"damage":2,"enemies":"Gremlin Leader","floor":27,"turns":6},{"damage":22,"enemies":"Book of Stabbing","floor":30,"turns":5},{"damage":50,"enemies":"Collector","floor":33,"turns":12},{"damage":10,"enemies":"Orb Walker","floor":35,"turns":2},{"damage":36,"enemies":"Giant Head","floor":40,"turns":7},{"damage":49,"enemies":"Reptomancer","floor":42,"turns":6},{"damage":7,"enemies":"3 Darklings","floor":48,"turns":3},{"damage":71,"enemies":"Awakened One","floor":50,"turns":7}],"seed_played":"1720212969603252227","potions_obtained":[{"floor":3,"key":"SkillPotion"},{"floor":7,"key":"LiquidMemories"},{"floor":8,"key":"BlessingOfTheForge"},{"floor":14,"key":"DistilledChaos"},{"floor":18,"key":"Energy Potion"},{"floor":33,"key":"PowerPotion"},{"floor":42,"key":"FearPotion"},{"floor":48,"key":"Weak Potion"}],"is_trial":false,"path_per_floor":["M","?","M","?","M","R","E","M","T","?","M","?","M","E","R","B",null,"M","M","$","?","?","E","E","R","T","E","R","$","E","T","R","B",null,"M","?","$","?","?","E","R","E","T","?","?","R","$","M","R","B"],"character_chosen":"WATCHER","items_purchased":["Mayhem","TheAbacus","ThirdEye","LikeWater","Adaptation","BattleHymn","Toolbox","Whetstone","BlessingOfTheForge"],"campfire_rested":6,"item_purchase_floors":[20,20,20,29,37,47,47,47,47],"current_hp_per_floor":[64,57,57,46,46,46,23,22,22,15,15,72,62,55,55,10,72,71,57,57,57,57,12,12,33,33,33,54,54,34,34,55,7,72,62,62,62,52,52,27,47,9,9,9,9,29,29,24,44,0],"gold":174,"neow_bonus":"TRANSFORM_TWO_CARDS","is_prod":false,"is_daily":false,"chose_seed":false,"campfire_upgraded":2,"win_rate":0,"timestamp":1581191255,"path_taken":["M","?","M","?","M","R","E","M","T","?","M","?","M","E","R","BOSS","M","M","?","?","?","E","E","R","T","E","R","?","E","?","R","BOSS","M","?","$","?","?","E","R","E","T","?","?","R","$","M","R","BOSS"],"build_version":"2020-01-27","purchased_purges":1,"victory":false,"max_hp_per_floor":[72,72,72,72,72,72,72,72,72,72,72,72,72,72,72,72,72,72,72,72,72,72,72,72,72,72,72,72,72,72,72,72,72,72,72,72,72,72,68,68,68,68,68,68,68,68,68,68,68,68],"card_choices":[{"not_picked":["Perseverance","EmptyFist"],"picked":"SashWhip","floor":1},{"not_picked":["FearNoEvil","Halt"],"picked":"Pray","floor":3},{"not_picked":["Judgement","CutThroughFate"],"picked":"Consecrate","floor":5},{"not_picked":["FlyingSleeves","CutThroughFate"],"picked":"InnerPeace","floor":7},{"not_picked":["Protect","JustLucky"],"picked":"FlurryOfBlows","floor":8},{"not_picked":["EmptyBody","Consecrate+1"],"picked":"WreathOfFlame","floor":11},{"not_picked":["EmptyFist+1","EmptyBody"],"picked":"DevaForm","floor":13},{"not_picked":["Evaluate","Vengeance"],"picked":"BowlingBash+1","floor":14},{"not_picked":["Scrawl","DeusExMachina"],"picked":"Blasphemy","floor":16},{"not_picked":["EmptyFist+1","SashWhip+1"],"picked":"EmptyBody","floor":18},{"not_picked":["SashWhip+1","CrushJoints+1"],"picked":"WaveOfTheHand+1","floor":19},{"not_picked":["Perseverance","DevaForm"],"picked":"FlyingSleeves+1","floor":23},{"not_picked":["ThirdEye+1","Blasphemy"],"picked":"ClearTheMind","floor":24},{"not_picked":["SandsOfTime+1","FollowUp+1"],"picked":"FlurryOfBlows+1","floor":27},{"not_picked":["WindmillStrike+1","EmptyFist+1","Blasphemy"],"picked":"SKIP","floor":30},{"not_picked":["ConjureBlade","Brilliance+1"],"picked":"MasterReality","floor":33},{"not_picked":["FlyingSleeves+1","InnerPeace"],"picked":"CarveReality+1","floor":35},{"not_picked":["Finesse","Good Instincts"],"picked":"Bandage Up","floor":38},{"not_picked":["Thinking Ahead","Bandage Up"],"picked":"Dramatic Entrance+1","floor":38},{"not_picked":["Deep Breath","Forethought"],"picked":"Dark Shackles","floor":38},{"not_picked":["FlyingSleeves+1","Worship+1"],"picked":"Prostrate+1","floor":40},{"not_picked":["SashWhip+1","Omniscience"],"picked":"Halt","floor":42},{"not_picked":["BowlingBash+1","FollowUp+1","JustLucky+1"],"picked":"SKIP","floor":48}],"player_experience":1054546,"relics_obtained":[{"floor":7,"key":"Blood Vial"},{"floor":9,"key":"Molten Egg 2"},{"floor":14,"key":"Toy Ornithopter"},{"floor":17,"key":"Juzu Bracelet"},{"floor":17,"key":"Blue Candle"},{"floor":17,"key":"WingedGreaves"},{"floor":23,"key":"Gremlin Horn"},{"floor":24,"key":"Nunchaku"},{"floor":27,"key":"MawBank"},{"floor":30,"key":"Lantern"},{"floor":31,"key":"Pen Nib"},{"floor":40,"key":"Bottled Flame"},{"floor":42,"key":"White Beast Statue"},{"floor":43,"key":"Mercury Hourglass"}],"event_choices":[{"damage_healed":0,"gold_gain":0,"player_choice":"Success","damage_taken":7,"relics_obtained":["HornCleat"],"max_hp_gain":0,"max_hp_loss":0,"event_name":"Scrap Ooze","floor":2,"gold_loss":0},{"damage_healed":0,"gold_gain":75,"player_choice":"Gather Gold","damage_taken":11,"max_hp_gain":0,"max_hp_loss":0,"event_name":"World of Goop","floor":4,"gold_loss":0},{"cards_removed":["Writhe"],"damage_healed":0,"gold_gain":0,"player_choice":"Card Removal","damage_taken":7,"max_hp_gain":0,"max_hp_loss":0,"event_name":"Golden Wing","floor":10,"gold_loss":0},{"cards_removed":["Meditate"],"damage_healed":57,"gold_gain":0,"player_choice":"Offered Uncommon","damage_taken":0,"max_hp_gain":0,"max_hp_loss":0,"event_name":"Bonfire Elementals","floor":12,"gold_loss":0},{"damage_healed":0,"gold_gain":0,"player_choice":"Read","damage_taken":0,"max_hp_gain":0,"max_hp_loss":0,"event_name":"The Library","floor":21,"gold_loss":0,"cards_obtained":["JustLucky"]},{"damage_healed":0,"gold_gain":0,"cards_transformed":["Strike_P","Defend_P"],"player_choice":"Became Test Subject","damage_taken":0,"max_hp_gain":0,"max_hp_loss":0,"event_name":"Drug Dealer","floor":22,"gold_loss":0,"cards_obtained":["SignatureMove","FollowUp"]},{"damage_healed":0,"gold_gain":275,"player_choice":"Desecrate","damage_taken":0,"max_hp_gain":0,"max_hp_loss":0,"event_name":"Golden Shrine","floor":36,"gold_loss":0,"cards_obtained":["Regret"]},{"damage_healed":0,"gold_gain":0,"player_choice":"Memory 3","damage_taken":10,"max_hp_gain":0,"max_hp_loss":0,"event_name":"SensoryStone","floor":38,"gold_loss":0},{"damage_healed":0,"gold_gain":0,"player_choice":"Max HP","damage_taken":0,"max_hp_gain":0,"max_hp_loss":4,"event_name":"Winding Halls","floor":39,"gold_loss":0},{"damage_healed":0,"gold_gain":0,"player_choice":"Ignored","damage_taken":0,"max_hp_gain":0,"max_hp_loss":0,"event_name":"Mysterious Sphere","floor":44,"gold_loss":0},{"cards_removed":["Eruption"],"damage_healed":0,"gold_gain":0,"player_choice":"Purged","damage_taken":0,"max_hp_gain":0,"max_hp_loss":0,"event_name":"Purifier","floor":45,"gold_loss":0}],"is_beta":false,"boss_relics":[{"not_picked":["Cursed Key","Ectoplasm"],"picked":"Calling Bell"},{"not_picked":["Runic Pyramid","Sozu"],"picked":"Pandora\u0027s Box"}],"items_purged_floors":[37],"is_endless":false,"potions_floor_spawned":[3,7,8,13,14,18,33,42,48],"killed_by":"Awakened One","ascension_level":1}