{"gold_per_floor":[20,20,20,20,20,59,59,92,115,149,149,13,13,53,53,184,184,200,200,224,224,244,244,282,282,282,282,317,317,352,375,375,375],"floor_reached":33,"playtime":1456,"items_purged":[],"score":341,"play_id":"61349e06-a871-45b9-81a0-a70e93c62513","local_time":"20200208151237","is_ascension_mode":true,"campfire_choices":[{"data":"Eruption","floor":7,"key":"SMITH"},{"data":"ForeignInfluence","floor":11,"key":"SMITH"},{"data":"Crescendo","floor":13,"key":"SMITH"},{"floor":15,"key":"REST"},{"floor":23,"key":"REST"},{"floor":25,"key":"REST"},{"data":"BattleHymn","floor":27,"key":"SMITH"},{"floor":29,"key":"REST"},{"floor":32,"key":"REST"}],"neow_cost":"NO_GOLD","seed_source_timestamp":1619454625295300,"circlet_count":0,"master_deck":["Strike_P","Strike_P","Defend_P","Defend_P","Defend_P","Eruption+1","Vigilance","Evaluate+1","InnerPeace+1","Crescendo+1","BattleHymn+1","ForeignInfluence+1","FollowUp","MasterReality","ClearTheMind","ConjureBlade+1","Conclude","Adaptation","FlurryOfBlows+1","Pray+1","EmptyBody+1","Indignation","BattleHymn"],"relics":["PureWater","Golden Idol","Mercury Hourglass","Lantern","War Paint","Happy Flower","Potion Belt","The Courier","VioletLotus","Toy Ornithopter","Juzu Bracelet","Question Card","Kunai"],"potions_floor_usage":[28,30,31,33],"damage_taken":[{"damage":2,"enemies":"Cultist","floor":1,"turns":4},{"damage":6,"enemies":"3 Sentries","floor":6,"turns":9},{"damage":13,"enemies":"Gremlin Nob","floor":8,"turns":3},{"damage":5,"enemies":"3 Sentries","floor":10,"turns":3},{"damage":10,"enemies":"Gremlin Nob","floor":14,"turns":3},{"damage":17,"enemies":"The Guardian","floor":16,"turns":7},{"damage":12,"enemies":"Shell Parasite","floor":18,"turns":3},{"damage":0,"enemies":"3 Byrds","floor":20,"turns":3},{"damage":23,"enemies":"Centurion and Healer","floor":22,"turns":4},{"damage":24,"enemies":"Book of Stabbing","floor":24,"turns":4},{"damage":36,"enemies":"Slavers","floor":28,"turns":4},{"damage":25,"enemies":"Book of Stabbing","floor":30,"turns":3},{"damage":12,"enemies":"Shelled Parasite and Fungi","floor":31,"turns":3},{"damage":60,"enemies":"Collector","floor":33,"turns":6}],"seed_played":"8588437350555448181","potions_obtained":[{"floor":1,"key":"Weak Potion"},{"floor":10,"key":"ColorlessPotion"},{"floor":14,"key":"StancePotion"},{"floor":18,"key":"BlessingOfTheForge"},{"floor":22,"key":"Energy Potion"},{"floor":24,"key":"SteroidPotion"}],"is_trial":false,"path_per_floor":["M","?","?","T","$","E","R","E","T","E","R","$","R","E","R","B",null,"M","?","M","?","M","R","E","R","T","R","E","R","E","M","R","B"],"character_chosen":"WATCHER","items_purchased":["MasterReality"],"campfire_rested":5,"item_purchase_floors":[12],"current_hp_per_floor":[70,70,63,63,63,57,57,44,44,39,39,39,39,29,50,33,72,60,60,60,60,37,58,34,55,55,55,24,45,25,18,39,0],"gold":375,"neow_bonus":"TRANSFORM_TWO_CARDS","is_prod":false,"is_daily":false,"chose_seed":false,"campfire_upgraded":4,"win_rate":0,"timestamp":1581192757,"path_taken":["M","?","?","?","$","E","R","E","T","E","R","?","R","E","R","BOSS","M","?","?","?","M","R","E","R","T","R","E","R","E","M","R","BOSS"],"build_version":"2020-01-27","purchased_purges":0,"victory":false,"max_hp_per_floor":[72,72,72,72,72,72,72,72,72,72,72,72,72,72,72,72,72,72,72,72,72,72,72,72,72,72,72,72,72,72,72,72,72],"card_choices":[{"not_picked":["Meditate","DeceiveReality"],"picked":"Crescendo","floor":1},{"not_picked":["ThirdEye","Pray"],"picked":"BattleHymn","floor":6},{"not_picked":["BattleHymn","Blasphemy"],"picked":"ForeignInfluence","floor":8},{"not_picked":["FlyingSleeves","Collect"],"picked":"FollowUp","floor":10},{"not_picked":["BowlingBash","Crescendo"],"picked":"ClearTheMind","floor":14},{"not_picked":["Omniscience","Alpha"],"picked":"ConjureBlade","floor":16},{"not_picked":["JustLucky","SashWhip"],"picked":"Conclude","floor":18},{"not_picked":["EmptyFist","Consecrate"],"picked":"Adaptation","floor":20},{"not_picked":["SashWhip","Weave"],"picked":"FlurryOfBlows+1","floor":22},{"not_picked":["CrushJoints","Perseverance"],"picked":"Pray+1","floor":24},{"not_picked":["Scrawl","FollowUp"],"picked":"EmptyBody+1","floor":28},{"not_picked":["FollowUp+1","Consecrate+1","Perseverance"],"picked":"Indignation","floor":30},{"not_picked":["FollowUp","Collect","CarveReality"],"picked":"BattleHymn","floor":31}],"player_experience":1057989,"relics_obtained":[{"floor":4,"key":"Mercury Hourglass"},{"floor":6,"key":"Lantern"},{"floor":8,"key":"War Paint"},{"floor":9,"key":"Happy Flower"},{"floor":10,"key":"Potion Belt"},{"floor":14,"key":"The Courier"},{"floor":24,"key":"Toy Ornithopter"},{"floor":26,"key":"Juzu Bracelet"},{"floor":28,"key":"Question Card"},{"floor":30,"key":"Kunai"}],"event_choices":[{"damage_healed":0,"gold_gain":0,"player_choice":"Take Wound","damage_taken":0,"relics_obtained":["Golden Idol"],"max_hp_gain":0,"max_hp_loss":0,"event_name":"Golden Idol","floor":2,"gold_loss":0,"cards_obtained":["Injury"]},{"cards_removed":["Injury"],"damage_healed":0,"gold_gain":0,"player_choice":"Card Removal","damage_taken":7,"max_hp_gain":0,"max_hp_loss":0,"event_name":"Golden Wing","floor":3,"gold_loss":0},{"cards_removed":["Strike_P"],"damage_healed":0,"gold_gain":0,"player_choice":"Purged","damage_taken":0,"max_hp_gain":0,"max_hp_loss":0,"event_name":"Purifier","floor":19,"gold_loss":0},{"damage_healed":0,"gold_gain":0,"player_choice":"Upgraded","damage_taken":0,"max_hp_gain":0,"max_hp_loss":0,"event_name":"Upgrade Shrine","floor":21,"gold_loss":0,"cards_upgraded":["ConjureBlade"]}],"is_beta":false,"boss_relics":[{"not_picked":["Snecko Eye","Empty Cage"],"picked":"VioletLotus"}],"items_purged_floors":[],"is_endless":false,"potions_floor_spawned":[1,10,14,18,22,24],"killed_by":"Collector","ascension_level":1}