{"gold_per_floor":[109,62,62,82,82,82,97,116,143,170,170,198,198,218,218,316,316,316,271,15,15,15,15,15,15,15,15,15,15,15,15,15,15],"floor_reached":33,"playtime":1974,"items_purged":[],"score":299,"play_id":"6173ce56-e11a-4bde-82eb-ceff652ab64c","local_time":"20200207141829","is_ascension_mode":false,"campfire_choices":[{"data":"ThirdEye","floor":6.0,"key":"SMITH"},{"floor":11.0,"key":"REST"},{"floor":13.0,"key":"REST"},{"data":"FlurryOfBlows","floor":15.0,"key":"SMITH"},{"data":"WindmillStrike","floor":23.0,"key":"SMITH"},{"floor":29.0,"key":"REST"},{"floor":32,"key":"REST"}],"neow_cost":"NONE","seed_source_timestamp":0,"circlet_count":0,"master_deck":["Strike_P","Strike_P","Strike_P+1","Defend_P+1","Defend_P","Defend_P+1","Defend_P","Eruption","Vigilance","FlyingSleeves","FollowUp","ThirdEye+1","ReachHeaven","Judgement","InnerPeace","Tantrum","Indignation","FlurryOfBlows+1","Halt","LessonLearned","ClearTheMind","WindmillStrike+1","TalkToTheHand","Nirvana+1","Collect","DevaForm","Evaluate+1","TalkToTheHand","TalkToTheHand"],"special_seed":0,"relics":["PureWater","NeowsBlessing","Omamori","Dream Catcher","Tiny Chest","Ectoplasm","Eternal Feather","Regal Pillow","Art of War","White Beast Statue"],"potions_floor_usage":[33],"damage_taken":[{"damage":0.0,"enemies":"Jaw Worm","floor":1.0,"turns":1.0},{"damage":0.0,"enemies":"Small Slimes","floor":4.0,"turns":1.0},{"damage":0.0,"enemies":"Cultist","floor":7.0,"turns":1.0},{"damage":8.0,"enemies":"Lots of Slimes","floor":8.0,"turns":5.0},{"damage":24.0,"enemies":"Gremlin Nob","floor":10.0,"turns":3.0},{"damage":28.0,"enemies":"Lagavulin","floor":12.0,"turns":7.0},{"damage":0.0,"enemies":"Red Slaver","floor":14.0,"turns":2.0},{"damage":22.0,"enemies":"The Guardian","floor":16.0,"turns":7.0},{"damage":0.0,"enemies":"Spheric Guardian","floor":18.0,"turns":1.0},{"damage":11.0,"enemies":"2 Thieves","floor":19.0,"turns":3.0},{"damage":7.0,"enemies":"Snecko","floor":21.0,"turns":4.0},{"damage":2.0,"enemies":"Centurion and Healer","floor":22.0,"turns":4.0},{"damage":30.0,"enemies":"Gremlin Leader","floor":24.0,"turns":4.0},{"damage":0.0,"enemies":"Snake Plant","floor":27.0,"turns":2.0},{"damage":32.0,"enemies":"Slavers","floor":28.0,"turns":5.0},{"damage":9.0,"enemies":"Chosen and Byrds","floor":30.0,"turns":5.0},{"damage":10,"enemies":"Shelled Parasite and Fungi","floor":31,"turns":4},{"damage":104,"enemies":"Champ","floor":33,"turns":10}],"seed_played":"2974614321474910015","potions_obtained":[{"floor":8.0,"key":"Explosive Potion"},{"floor":10.0,"key":"Strength Potion"},{"floor":14.0,"key":"Block Potion"},{"floor":18.0,"key":"BlessingOfTheForge"},{"floor":22.0,"key":"BlessingOfTheForge"},{"floor":27.0,"key":"SkillPotion"},{"floor":30.0,"key":"Dexterity Potion"},{"floor":31,"key":"Swift Potion"}],"is_trial":false,"path_per_floor":["M","$","?","M","?","R","M","M","T","E","R","E","R","M","R","B",null,"M","M","$","M","M","R","E","$","T","M","E","R","M","M","R","B"],"character_chosen":"WATCHER","items_purchased":["FollowUp","Eternal Feather"],"campfire_rested":4,"item_purchase_floors":[2,20],"current_hp_per_floor":[72,72,58,58,58,58,58,50,50,26,47,19,40,40,40,18,72,72,61,61,54,52,64,34,34,34,34,2,53,44,34,72,0],"gold":15,"neow_bonus":"THREE_ENEMY_KILL","is_prod":false,"is_daily":false,"chose_seed":false,"campfire_upgraded":3,"win_rate":0.0,"timestamp":1581103109,"path_taken":["M","$","?","M","?","R","M","M","T","E","R","E","R","?","R","BOSS","M","M","?","?","M","R","E","$","T","M","E","R","M","M","R","BOSS"],"build_version":"2020-01-27","purchased_purges":0,"victory":false,"max_hp_per_floor":[72,72,72,72,72,72,72,72,72,72,72,72,72,72,72,72,72,72,72,72,72,72,72,72,72,72,72,72,72,72,72,72,72],"card_choices":[{"not_picked":["EmptyBody","Vengeance"],"picked":"FlyingSleeves","floor":1.0},{"not_picked":["Consecrate","Evaluate"],"picked":"ThirdEye","floor":4.0},{"not_picked":["Vengeance","Evaluate"],"picked":"ReachHeaven","floor":7.0},{"not_picked":["Fasting2","EmptyBody"],"picked":"Judgement","floor":8.0},{"not_picked":["PathToVictory","Protect"],"picked":"InnerPeace","floor":10.0},{"not_picked":["CutThroughFate","Evaluate"],"picked":"Tantrum","floor":11.0},{"not_picked":["Brilliance","Vengeance"],"picked":"Indignation","floor":12.0},{"not_picked":["Meditate","FollowUp"],"picked":"FlurryOfBlows","floor":13.0},{"not_picked":["EmptyMind","PathToVictory"],"picked":"Halt","floor":14.0},{"not_picked":["Judgement","ConjureBlade"],"picked":"LessonLearned","floor":16.0},{"not_picked":["SashWhip","EmptyMind"],"picked":"ClearTheMind","floor":18.0},{"not_picked":["Fasting2","SashWhip"],"picked":"WindmillStrike","floor":19.0},{"not_picked":["ClearTheMind","ThirdEye"],"picked":"TalkToTheHand","floor":21.0},{"not_picked":["FlyingSleeves","DeceiveReality","BowlingBash"],"picked":"SKIP","floor":22.0},{"not_picked":["DeceiveReality","WheelKick"],"picked":"Nirvana+1","floor":24.0},{"not_picked":["CrushJoints","TalkToTheHand"],"picked":"Collect","floor":27.0},{"not_picked":["EmptyFist","ConjureBlade"],"picked":"DevaForm","floor":28.0},{"not_picked":["DeceiveReality","Conclude"],"picked":"Evaluate+1","floor":29.0},{"not_picked":["BowlingBash","Study"],"picked":"TalkToTheHand","floor":30.0},{"not_picked":["Indignation","BowlingBash","ThirdEye+1"],"picked":"SKIP","floor":31},{"not_picked":["EmptyFist","CrushJoints+1"],"picked":"TalkToTheHand","floor":32}],"player_experience":1049013,"relics_obtained":[{"floor":9.0,"key":"Omamori"},{"floor":10.0,"key":"Dream Catcher"},{"floor":12.0,"key":"Tiny Chest"},{"floor":24.0,"key":"Regal Pillow"},{"floor":26.0,"key":"Art of War"},{"floor":28.0,"key":"White Beast Statue"}],"event_choices":[{"damage_healed":0.0,"max_hp_gain":0.0,"max_hp_loss":0.0,"gold_gain":0.0,"event_name":"Shining Light","player_choice":"Entered Light","floor":3.0,"gold_loss":0.0,"damage_taken":14.0,"cards_upgraded":["Defend_P","Strike_P"]},{"cards_removed":["Strike_P"],"damage_healed":0.0,"max_hp_gain":0.0,"max_hp_loss":0.0,"gold_gain":0.0,"event_name":"Bonfire Elementals","player_choice":"Offered Basic","floor":5.0,"gold_loss":0.0,"damage_taken":0.0}],"is_beta":false,"boss_relics":[{"not_picked":["Runic Pyramid","Empty Cage"],"picked":"Ectoplasm"}],"items_purged_floors":[],"is_endless":false,"potions_floor_spawned":[8,10,14,18,22,27,30,31],"killed_by":"Champ","ascension_level":0}