{"gold_per_floor":[131,131,174,174,199,274,313,313,313,313,399,74,249,249,249,397,397,438,317,362,362,60,120,120,188,242,315,315,371,371,410,410,561,561,576,133,133,133,154,213,213,213,260,285,285,321,370,414,414,439,439,439,65,106,106],"floor_reached":56,"playtime":3559,"items_purged":["Doubt"],"score":1311,"play_id":"2ab31085-a696-4553-9ad5-7a70ebb79ec8","local_time":"20200208113800","is_ascension_mode":false,"campfire_choices":[{"data":"HandOfGreed","floor":10,"key":"SMITH"},{"floor":15,"key":"REST"},{"floor":28,"key":"REST"},{"floor":30,"key":"REST"},{"floor":32,"key":"RECALL"},{"floor":42,"key":"REST"},{"floor":45,"key":"REST"},{"floor":49,"key":"REST"},{"floor":52,"key":"REST"}],"neow_cost":"TEN_PERCENT_HP_LOSS","seed_source_timestamp":1604448685947700,"circlet_count":0,"master_deck":["Strike_P","Strike_P","Strike_P","Strike_P","Defend_P+1","Defend_P","Defend_P","Defend_P","Eruption+1","Vigilance","HandOfGreed+1","EmptyFist","EmptyMind","Establishment","Evaluate","Crescendo","Apotheosis","Judgement","LikeWater+1","ClearTheMind","FlurryOfBlows+1","LikeWater","Perseverance","FlurryOfBlows+1","Indignation+1","Pray+1","TalkToTheHand","FlurryOfBlows+1","Brilliance","CurseOfTheBell","Collect","Worship+1","LikeWater","Writhe","LikeWater","BattleHymn","FearNoEvil","Fasting2+1","LikeWater"],"relics":["PureWater","Golden Idol","Toy Ornithopter","Letter Opener","Juzu Bracelet","Fusion Hammer","Potion Belt","Damaru","Darkstone Periapt","Regal Pillow","Nunchaku","Calling Bell","Bag of Marbles","Question Card","Thread and Needle","PreservedInsect","Whetstone","Bottled Lightning","Bag of Preparation","Pantograph","Bronze Scales","Toolbox","War Paint"],"potions_floor_usage":[18,29,29,46,50,55,55,55,55,55,55,55,55,55,55],"damage_taken":[{"damage":0,"enemies":"Cultist","floor":1,"turns":2},{"damage":2,"enemies":"Small Slimes","floor":3,"turns":5},{"damage":0,"enemies":"2 Louse","floor":5,"turns":1},{"damage":1,"enemies":"Exordium Wildlife","floor":7,"turns":4},{"damage":37,"enemies":"3 Sentries","floor":11,"turns":8},{"damage":13,"enemies":"The Guardian","floor":16,"turns":14},{"damage":10,"enemies":"3 Byrds","floor":18,"turns":4},{"damage":9,"enemies":"2 Thieves","floor":20,"turns":5},{"damage":7,"enemies":"Gremlin Leader","floor":23,"turns":5},{"damage":11,"enemies":"Slavers","floor":25,"turns":4},{"damage":9,"enemies":"Shelled Parasite and Fungi","floor":27,"turns":6},{"damage":35,"enemies":"Gremlin Leader","floor":29,"turns":6},{"damage":11,"enemies":"Snecko","floor":31,"turns":4},{"damage":50,"enemies":"Champ","floor":33,"turns":13},{"damage":18,"enemies":"Orb Walker","floor":35,"turns":5},{"damage":28,"enemies":"3 Darklings","floor":39,"turns":6},{"damage":9,"enemies":"Giant Head","floor":40,"turns":6},{"damage":10,"enemies":"Sphere and 2 Shapes","floor":44,"turns":4},{"damage":7,"enemies":"Reptomancer","floor":46,"turns":6},{"damage":0,"enemies":"4 Shapes","floor":47,"turns":6},{"damage":15,"enemies":"Spire Growth","floor":48,"turns":6},{"damage":26,"enemies":"Donu and Deca","floor":50,"turns":6},{"damage":38,"enemies":"Shield and Spear","floor":54,"turns":5},{"damage":94,"enemies":"The Heart","floor":55,"turns":11}],"seed_played":"3416750448645375924","potions_obtained":[{"floor":3,"key":"ColorlessPotion"},{"floor":7,"key":"SpeedPotion"},{"floor":11,"key":"Explosive Potion"},{"floor":18,"key":"EntropicBrew"},{"floor":25,"key":"BottledMiracle"},{"floor":27,"key":"FearPotion"},{"floor":31,"key":"DuplicationPotion"},{"floor":38,"key":"LiquidMemories"},{"floor":38,"key":"Energy Potion"},{"floor":46,"key":"StancePotion"},{"floor":54,"key":"Dexterity Potion"}],"is_trial":false,"path_per_floor":["M","?","M","?","M","?","M","?","T","R","E","$","?","?","R","B",null,"M","$","M","?","$","E","?","E","T","M","R","E","R","M","R","B",null,"M","$","?","?","M","E","?","R","T","M","R","E","M","M","R","B",null,"R","$","E","B",null],"character_chosen":"WATCHER","items_purchased":["Apotheosis","Juzu Bracelet","ClearTheMind","LikeWater","Potion Belt","Perseverance","Worship","PreservedInsect","Whetstone","LikeWater","Bronze Scales","Toolbox","LikeWater"],"campfire_rested":7,"item_purchase_floors":[12,12,19,22,22,22,36,36,36,36,53,53,53],"current_hp_per_floor":[65,65,63,68,68,57,56,49,49,49,12,12,12,12,33,20,70,60,60,51,51,51,44,44,33,33,24,60,35,70,59,59,9,76,58,58,82,82,54,45,45,82,82,72,82,80,80,65,82,61,82,82,82,44,25],"gold":106,"neow_bonus":"RANDOM_COLORLESS_2","is_prod":false,"is_daily":false,"chose_seed":false,"campfire_upgraded":1,"win_rate":0.0,"timestamp":1581179880,"path_taken":["M","?","M","?","M","?","?","?","T","R","E","$","?","?","R","BOSS","M","$","M","?","$","E","?","E","T","M","R","E","R","M","R","BOSS","M","$","?","?","M","E","?","R","T","M","R","E","M","M","R","BOSS","R","$","E","BOSS"],"build_version":"2020-01-27","purchased_purges":1,"victory":true,"max_hp_per_floor":[65,65,65,70,70,70,70,70,70,70,70,70,70,70,70,70,70,70,70,70,70,70,70,70,70,70,70,70,70,70,70,70,70,76,76,76,82,82,82,82,82,82,82,82,82,82,82,82,82,82,82,82,82,82,82],"card_choices":[{"not_picked":["The Bomb","Secret Weapon"],"picked":"HandOfGreed","floor":0},{"not_picked":["Swivel","JustLucky"],"picked":"EmptyFist","floor":1},{"not_picked":["WheelKick","EmptyBody"],"picked":"EmptyMind","floor":3},{"not_picked":["BowlingBash","Protect"],"picked":"Establishment","floor":5},{"not_picked":["EmptyFist","Adaptation"],"picked":"Evaluate","floor":7},{"not_picked":["Sanctity","ConjureBlade"],"picked":"Crescendo","floor":11},{"not_picked":["LessonLearned","MasterReality"],"picked":"Judgement","floor":16},{"not_picked":["Protect","FlurryOfBlows"],"picked":"LikeWater+1","floor":18},{"not_picked":["CutThroughFate+1","ThirdEye"],"picked":"FlurryOfBlows+1","floor":20},{"not_picked":["Halt+1","Wallop"],"picked":"FlurryOfBlows","floor":23},{"not_picked":["Tantrum","MasterReality"],"picked":"Indignation+1","floor":25},{"not_picked":["FollowUp+1","Evaluate"],"picked":"Pray+1","floor":27},{"not_picked":["Pray","FlyingSleeves"],"picked":"TalkToTheHand","floor":29},{"not_picked":["CutThroughFate","Evaluate"],"picked":"FlurryOfBlows+1","floor":31},{"not_picked":["Vault","ConjureBlade"],"picked":"Brilliance","floor":33},{"not_picked":["CutThroughFate","FollowUp+1","WreathOfFlame+1"],"picked":"Collect","floor":35},{"not_picked":["FearNoEvil","SandsOfTime","Wallop"],"picked":"LikeWater","floor":39},{"not_picked":["BowlingBash","EmptyBody+1","ThirdEye+1"],"picked":"BattleHymn","floor":40},{"not_picked":["Nirvana","PathToVictory","Evaluate+1"],"picked":"FearNoEvil","floor":44},{"not_picked":["ReachHeaven+1","JustLucky+1","FlyingSleeves+1","Perseverance"],"picked":"SKIP","floor":46},{"not_picked":["FollowUp+1","JustLucky+1","SashWhip","Worship"],"picked":"SKIP","floor":47},{"not_picked":["Adaptation+1","ClearTheMind","Wallop"],"picked":"Fasting2+1","floor":48},{"not_picked":["CrushJoints","EmptyBody","CarveReality+1","SashWhip"],"picked":"SKIP","floor":54}],"player_experience":1050987,"relics_obtained":[{"floor":9,"key":"Toy Ornithopter"},{"floor":11,"key":"Letter Opener"},{"floor":23,"key":"Damaru"},{"floor":25,"key":"Regal Pillow"},{"floor":29,"key":"Nunchaku"},{"floor":34,"key":"Bag of Marbles"},{"floor":34,"key":"Question Card"},{"floor":34,"key":"Thread and Needle"},{"floor":40,"key":"Bottled Lightning"},{"floor":43,"key":"Bag of Preparation"},{"floor":46,"key":"Pantograph"},{"floor":54,"key":"War Paint"}],"event_choices":[{"damage_healed":0,"gold_gain":0,"player_choice":"Take Wound","damage_taken":0,"relics_obtained":["Golden Idol"],"max_hp_gain":0,"max_hp_loss":0,"event_name":"Golden Idol","floor":2,"gold_loss":0,"cards_obtained":["Injury"]},{"damage_healed":0,"gold_gain":0,"player_choice":"Donut","damage_taken":0,"max_hp_gain":5,"max_hp_loss":0,"event_name":"Big Fish","floor":4,"gold_loss":0},{"damage_healed":0,"gold_gain":75,"player_choice":"Gather Gold","damage_taken":11,"max_hp_gain":0,"max_hp_loss":0,"event_name":"World of Goop","floor":6,"gold_loss":0},{"cards_removed":["Injury"],"damage_healed":0,"gold_gain":0,"player_choice":"Card Removal","damage_taken":7,"max_hp_gain":0,"max_hp_loss":0,"event_name":"Golden Wing","floor":8,"gold_loss":0},{"damage_healed":0,"gold_gain":175,"player_choice":"AGREE","damage_taken":0,"max_hp_gain":0,"max_hp_loss":0,"event_name":"Liars Game","floor":13,"gold_loss":0,"cards_obtained":["Doubt"]},{"damage_healed":0,"gold_gain":0,"player_choice":"Ignored","damage_taken":0,"max_hp_gain":0,"max_hp_loss":0,"event_name":"Shining Light","floor":14,"gold_loss":0},{"damage_healed":0,"gold_gain":0,"player_choice":"Ignored","damage_taken":0,"max_hp_gain":0,"max_hp_loss":0,"event_name":"Ghosts","floor":21,"gold_loss":0},{"damage_healed":0,"gold_gain":0,"player_choice":"Opened","damage_taken":0,"relics_obtained":["Darkstone Periapt"],"max_hp_gain":0,"max_hp_loss":0,"event_name":"The Mausoleum","floor":24,"gold_loss":0},{"damage_healed":19,"gold_gain":0,"player_choice":"Writhe","damage_taken":0,"max_hp_gain":0,"max_hp_loss":0,"event_name":"Winding Halls","floor":37,"gold_loss":0,"cards_obtained":["Writhe"]},{"damage_healed":0,"gold_gain":0,"player_choice":"Got Potions","damage_taken":0,"max_hp_gain":0,"max_hp_loss":0,"event_name":"Lab","floor":38,"gold_loss":0},{"damage_healed":0,"gold_gain":0,"player_choice":"Ignored","damage_taken":0,"max_hp_gain":0,"max_hp_loss":0,"event_name":"SecretPortal","floor":41,"gold_loss":0}],"is_beta":false,"boss_relics":[{"not_picked":["Snecko Eye","Ectoplasm"],"picked":"Fusion Hammer"},{"not_picked":["VioletLotus","Black Star"],"picked":"Calling Bell"}],"items_purged_floors":[19],"is_endless":false,"potions_floor_spawned":[3,7,11,18,25,27,31,46,47,48,54],"ascension_level":0}