{"gold_per_floor":[217,234,155,169,129,129,143,178,178,189,199,199,231,247,247,343,343,359,359,359,109,109,143,143,143],"floor_reached":25,"playtime":1659,"items_purged":[],"score":321,"play_id":"551f7f37-1d6d-4184-b914-54c3ae6ef5ba","local_time":"20200219211525","is_ascension_mode":true,"campfire_choices":[{"data":"Eruption","floor":6,"key":"SMITH"},{"floor":15,"key":"REST"},{"floor":24,"key":"REST"}],"neow_cost":"NONE","seed_source_timestamp":879855580203000,"circlet_count":0,"master_deck":["Strike_P","Strike_P","Defend_P","Defend_P","Defend_P+1","Defend_P","Eruption+1","Vigilance","Vengeance+1","ReachHeaven","Wireheading","Halt","SashWhip","Crescendo","Halt","FollowUp","MentalFortress","LikeWater","Wish","Nirvana+1","Scrawl","Study","Shame","Meditate","FollowUp"],"relics":["PureWater","Turnip","Torii","WingedGreaves","SlaversCollar","Letter Opener","Nunchaku","GoldenEye"],"potions_floor_usage":[13,18,18,25],"damage_taken":[{"damage":0,"enemies":"Small Slimes","floor":1,"turns":4},{"damage":0,"enemies":"Cultist","floor":2,"turns":2},{"damage":5,"enemies":"Jaw Worm","floor":4,"turns":4},{"damage":3,"enemies":"Exordium Wildlife","floor":7,"turns":4},{"damage":0,"enemies":"Lagavulin","floor":8,"turns":3},{"damage":7,"enemies":"Looter","floor":10,"turns":3},{"damage":0,"enemies":"2 Fungi Beasts","floor":11,"turns":2},{"damage":2,"enemies":"3 Sentries","floor":13,"turns":6},{"damage":2,"enemies":"Blue Slaver","floor":14,"turns":5},{"damage":0,"enemies":"Slime Boss","floor":16,"turns":6},{"damage":5,"enemies":"3 Byrds","floor":18,"turns":6},{"damage":52,"enemies":"Slavers","floor":23,"turns":4},{"damage":49,"enemies":"Book of Stabbing","floor":25,"turns":3}],"seed_played":"4460414088608333461","potions_obtained":[{"floor":5,"key":"SteroidPotion"},{"floor":5,"key":"DistilledChaos"},{"floor":5,"key":"AttackPotion"},{"floor":10,"key":"PowerPotion"},{"floor":14,"key":"Block Potion"},{"floor":23,"key":"Swift Potion"}],"is_trial":false,"path_per_floor":["M","M","$","M","?","R","M","E","T","M","M","?","E","M","R","B",null,"M","?","?","$","?","E","R","E"],"character_chosen":"WATCHER","items_purchased":["Wireheading","Nunchaku","Meditate","FollowUp"],"campfire_rested":2,"item_purchase_floors":[3,21,21,21],"current_hp_per_floor":[72,72,72,67,67,67,64,64,64,57,57,43,41,39,60,60,72,67,67,67,67,67,15,36,0],"gold":143,"neow_bonus":"HUNDRED_GOLD","is_prod":false,"is_daily":false,"chose_seed":false,"campfire_upgraded":1,"win_rate":0,"timestamp":1582164925,"path_taken":["M","M","$","M","?","R","?","E","T","?","?","?","E","M","R","BOSS","M","?","?","?","?","E","R","E"],"build_version":"2020-01-27","purchased_purges":0,"victory":false,"max_hp_per_floor":[72,72,72,72,72,72,72,72,72,72,72,72,72,72,72,72,72,72,72,72,72,72,72,72,72],"card_choices":[{"not_picked":["Halt","ClearTheMind"],"picked":"Vengeance","floor":1},{"not_picked":["ThirdEye","CutThroughFate"],"picked":"ReachHeaven","floor":2},{"not_picked":["Protect","EmptyMind"],"picked":"Halt","floor":4},{"not_picked":["FlurryOfBlows","CrushJoints"],"picked":"SashWhip","floor":7},{"not_picked":["Consecrate","Scrawl"],"picked":"Crescendo","floor":8},{"not_picked":["ThirdEye","EmptyBody"],"picked":"Halt","floor":10},{"not_picked":["ClearTheMind","CutThroughFate"],"picked":"FollowUp","floor":11},{"not_picked":["Perseverance","FollowUp"],"picked":"MentalFortress","floor":13},{"not_picked":["EmptyBody","CrushJoints"],"picked":"LikeWater","floor":14},{"not_picked":["Scrawl","Establishment"],"picked":"Wish","floor":16},{"not_picked":["EmptyFist","ThirdEye+1"],"picked":"Nirvana+1","floor":18},{"not_picked":["PathToVictory","Tantrum","EmptyMind"],"picked":"SKIP","floor":23}],"player_experience":1062010,"relics_obtained":[{"floor":8,"key":"Turnip"},{"floor":9,"key":"Torii"},{"floor":13,"key":"WingedGreaves"},{"floor":23,"key":"GoldenEye"}],"event_choices":[{"damage_healed":0,"gold_gain":0,"player_choice":"Bought 3 Potions","damage_taken":0,"max_hp_gain":0,"max_hp_loss":0,"event_name":"The Woman in Blue","floor":5,"gold_loss":0},{"damage_healed":0,"gold_gain":0,"player_choice":"Entered Light","damage_taken":14,"max_hp_gain":0,"max_hp_loss":0,"event_name":"Shining Light","floor":12,"gold_loss":0,"cards_upgraded":["Defend_P","Vengeance"]},{"damage_healed":0,"gold_gain":0,"cards_transformed":["Strike_P","Strike_P"],"player_choice":"Became Test Subject","damage_taken":0,"max_hp_gain":0,"max_hp_loss":0,"event_name":"Drug Dealer","floor":19,"gold_loss":0,"cards_obtained":["Scrawl","Study"]},{"damage_healed":0,"gold_gain":0,"player_choice":"Stole Relic","damage_taken":0,"relics_obtained":["Letter Opener"],"max_hp_gain":0,"max_hp_loss":0,"event_name":"Addict","floor":20,"gold_loss":0,"cards_obtained":["Shame"]},{"damage_healed":0,"gold_gain":0,"player_choice":"Ignored","damage_taken":0,"max_hp_gain":0,"max_hp_loss":0,"event_name":"Ghosts","floor":22,"gold_loss":0}],"is_beta":false,"boss_relics":[{"not_picked":["HolyWater","Runic Pyramid"],"picked":"SlaversCollar"}],"items_purged_floors":[],"is_endless":false,"potions_floor_spawned":[7,8,10,11,14,23],"killed_by":"Book of Stabbing","ascension_level":1}