{"gold_per_floor":[111,186,52,68,68,68,98,162,162,162,182,207,218,244,244,342,342,356,369,294,294,71,101,121,121,173,203,203,203,223,148,148,245,295,305,245,52,66,116,116],"floor_reached":40,"playtime":3060,"items_purged":["Defend_P"],"score":590,"play_id":"85de6e05-7528-4c1d-9235-e7b0b605d543","local_time":"20200219221830","is_ascension_mode":true,"campfire_choices":[{"data":"LikeWater","floor":6,"key":"SMITH"},{"data":"WindmillStrike","floor":15,"key":"SMITH"},{"data":"Alpha","floor":25,"key":"SMITH"},{"data":"LikeWater","floor":29,"key":"SMITH"},{"floor":32,"key":"REST"}],"neow_cost":"NONE","seed_source_timestamp":882237762535900,"circlet_count":0,"master_deck":["Eruption","Vigilance","DeusExMachina","LikeWater+1","LikeWater+1","ClearTheMind","LikeWater","ForeignInfluence","ClearTheMind","Establishment+1","WindmillStrike+1","LessonLearned+1","CurseOfTheBell","Indignation","Crescendo+1","Halt","Bite","Bite","Bite","Bite","Bite+1","LikeWater","Alpha+1","Protect+1","ClearTheMind","SandsOfTime","FlurryOfBlows","Devotion","Wish","TalkToTheHand+1","Perseverance","Prostrate+1","Nirvana","SpiritShield","Mayhem","LikeWater+1"],"relics":["PureWater","Sundial","Prayer Wheel","Lantern","Meat on the Bone","FossilizedHelix","Pear","Nunchaku","Calling Bell","Tiny Chest","Kunai","Bird Faced Urn","Orichalcum","Bronze Scales","White Beast Statue","Tiny House","Strawberry"],"potions_floor_usage":[8,19,23,23,24,40],"damage_taken":[{"damage":1,"enemies":"Jaw Worm","floor":1,"turns":3},{"damage":3,"enemies":"Small Slimes","floor":4,"turns":5},{"damage":1,"enemies":"Lagavulin","floor":7,"turns":8},{"damage":5,"enemies":"Lagavulin Event","floor":8,"turns":8},{"damage":2,"enemies":"2 Louse","floor":11,"turns":3},{"damage":0,"enemies":"3 Sentries","floor":12,"turns":11},{"damage":0,"enemies":"2 Fungi Beasts","floor":13,"turns":4},{"damage":0,"enemies":"Lagavulin","floor":14,"turns":8},{"damage":12,"enemies":"Hexaghost","floor":16,"turns":11},{"damage":3,"enemies":"Spheric Guardian","floor":18,"turns":8},{"damage":15,"enemies":"2 Thieves","floor":19,"turns":4},{"damage":15,"enemies":"Slavers","floor":23,"turns":8},{"damage":20,"enemies":"3 Cultists","floor":24,"turns":5},{"damage":14,"enemies":"Book of Stabbing","floor":27,"turns":5},{"damage":17,"enemies":"Snake Plant","floor":30,"turns":6},{"damage":10,"enemies":"Champ","floor":33,"turns":12},{"damage":25,"enemies":"3 Darklings","floor":35,"turns":5},{"damage":15,"enemies":"Orb Walker","floor":38,"turns":3},{"damage":65,"enemies":"Reptomancer","floor":40,"turns":2}],"seed_played":"7098061923761193950","potions_obtained":[{"floor":1,"key":"SteroidPotion"},{"floor":7,"key":"GamblersBrew"},{"floor":8,"key":"DistilledChaos"},{"floor":12,"key":"Fire Potion"},{"floor":18,"key":"Block Potion"},{"floor":19,"key":"GamblersBrew"},{"floor":30,"key":"Strength Potion"},{"floor":33,"key":"DuplicationPotion"},{"floor":34,"key":"Explosive Potion"}],"is_trial":false,"path_per_floor":["M","?","$","M","?","R","E","?","T","T","M","E","M","E","R","B",null,"M","M","?","?","$","E","M","R","T","E","T","R","M","$","R","B",null,"M","?","$","M","T","E"],"character_chosen":"WATCHER","items_purchased":["LikeWater","ClearTheMind","LikeWater","Alpha","Mayhem"],"campfire_rested":1,"item_purchase_floors":[3,3,22,22,37],"current_hp_per_floor":[71,60,60,57,50,50,49,44,44,44,42,52,52,52,52,52,82,79,72,72,57,57,57,39,39,39,37,37,37,34,34,51,47,62,45,45,45,38,45,0],"gold":116,"neow_bonus":"ONE_RANDOM_RARE_CARD","is_prod":false,"is_daily":false,"chose_seed":false,"campfire_upgraded":4,"win_rate":0,"timestamp":1582168710,"path_taken":["M","?","$","M","?","R","E","?","T","?","M","E","M","E","R","BOSS","M","M","?","?","?","E","M","R","T","E","?","R","?","$","R","BOSS","M","?","$","?","?","E"],"build_version":"2020-01-27","purchased_purges":1,"victory":false,"max_hp_per_floor":[72,72,72,72,72,72,72,72,72,72,72,82,82,82,82,82,82,82,82,82,57,57,57,57,57,57,57,57,57,57,57,57,57,62,62,62,62,62,69,69],"card_choices":[{"not_picked":["Meditate","FlyingSleeves"],"picked":"LikeWater","floor":1},{"not_picked":["Meditate","Swivel"],"picked":"LikeWater","floor":4},{"not_picked":["Pray","Adaptation"],"picked":"ForeignInfluence","floor":7},{"not_picked":["FollowUp","BowlingBash"],"picked":"ClearTheMind","floor":11},{"not_picked":["EmptyFist","FlurryOfBlows","CarveReality"],"picked":"SKIP","floor":11},{"not_picked":["SashWhip","Crescendo"],"picked":"Establishment","floor":12},{"not_picked":["WheelKick","JustLucky"],"picked":"WindmillStrike","floor":13},{"not_picked":["FlurryOfBlows","BowlingBash","Evaluate"],"picked":"SKIP","floor":13},{"not_picked":["CrushJoints","Study","TalkToTheHand"],"picked":"SKIP","floor":14},{"not_picked":["Vault","ConjureBlade"],"picked":"LessonLearned","floor":16},{"not_picked":["Collect","Evaluate+1"],"picked":"Indignation","floor":18},{"not_picked":["BowlingBash","EmptyFist","Evaluate+1"],"picked":"SKIP","floor":18},{"not_picked":["CutThroughFate","Halt"],"picked":"Crescendo+1","floor":19},{"not_picked":["Prostrate","CrushJoints+1"],"picked":"Halt","floor":19},{"not_picked":["JustLucky","Vengeance"],"picked":"Protect+1","floor":23},{"not_picked":["FollowUp","Crescendo"],"picked":"ClearTheMind","floor":24},{"not_picked":["EmptyMind+1","Swivel"],"picked":"SandsOfTime","floor":24},{"not_picked":["SashWhip+1","Tantrum"],"picked":"FlurryOfBlows","floor":27},{"not_picked":["LikeWater","EmptyFist"],"picked":"Devotion","floor":30},{"not_picked":["JustLucky","BattleHymn","SashWhip+1"],"picked":"SKIP","floor":30},{"not_picked":["Brilliance","MasterReality"],"picked":"Wish","floor":33},{"not_picked":["SandsOfTime","SashWhip+1"],"picked":"TalkToTheHand+1","floor":34},{"not_picked":["CutThroughFate+1","JustLucky"],"picked":"Perseverance","floor":35},{"not_picked":["Protect","PathToVictory"],"picked":"Prostrate+1","floor":35},{"not_picked":["MentalFortress","Judgement"],"picked":"LikeWater+1","floor":38},{"not_picked":["InnerPeace+1","Protect","SandsOfTime"],"picked":"SKIP","floor":38}],"player_experience":1063669,"relics_obtained":[{"floor":7,"key":"Prayer Wheel"},{"floor":8,"key":"Lantern"},{"floor":9,"key":"Meat on the Bone"},{"floor":10,"key":"FossilizedHelix"},{"floor":12,"key":"Pear"},{"floor":14,"key":"Nunchaku"},{"floor":17,"key":"Tiny Chest"},{"floor":17,"key":"Kunai"},{"floor":17,"key":"Bird Faced Urn"},{"floor":23,"key":"Orichalcum"},{"floor":26,"key":"Bronze Scales"},{"floor":27,"key":"White Beast Statue"},{"floor":39,"key":"Strawberry"}],"event_choices":[{"damage_healed":0,"gold_gain":75,"player_choice":"Gather Gold","damage_taken":11,"max_hp_gain":0,"max_hp_loss":0,"event_name":"World of Goop","floor":2,"gold_loss":0},{"damage_healed":0,"gold_gain":0,"player_choice":"Success","damage_taken":7,"relics_obtained":["Sundial"],"max_hp_gain":0,"max_hp_loss":0,"event_name":"Scrap Ooze","floor":5,"gold_loss":0},{"damage_healed":0,"gold_gain":30,"player_choice":"Searched \u00272\u0027 times","damage_taken":0,"max_hp_gain":0,"max_hp_loss":0,"event_name":"Dead Adventurer","floor":8,"gold_loss":0},{"cards_removed":["Defend_P"],"damage_healed":0,"gold_gain":0,"player_choice":"Gave Gold","damage_taken":0,"max_hp_gain":0,"max_hp_loss":0,"event_name":"Beggar","floor":20,"gold_loss":75},{"damage_healed":0,"gold_gain":0,"player_choice":"Became a vampire","damage_taken":0,"max_hp_gain":0,"max_hp_loss":25,"event_name":"Vampires","floor":21,"gold_loss":0,"cards_obtained":["Bite","Bite","Bite","Bite","Bite"]},{"damage_healed":0,"gold_gain":0,"cards_transformed":["Defend_P","Defend_P"],"player_choice":"Transformed Cards","damage_taken":0,"max_hp_gain":0,"max_hp_loss":0,"event_name":"Designer","floor":36,"gold_loss":60,"cards_obtained":["Nirvana","SpiritShield"]}],"is_beta":false,"boss_relics":[{"not_picked":["Runic Dome","SacredBark"],"picked":"Calling Bell"},{"not_picked":["Empty Cage","Snecko Eye"],"picked":"Tiny House"}],"items_purged_floors":[31],"is_endless":false,"potions_floor_spawned":[1,7,8,12,18,19,30,33,35,38],"killed_by":"Reptomancer","ascension_level":1}