{"gold_per_floor":[118,118,118,83,133,166,180,205,230,258,258,289,139,154,154,259,259,277,277,277,277,294,294,321,339,366,366,366,366,366,465,465,570,570,583,583,439,439,470,470,500,500,500,513,513],"floor_reached":45,"playtime":2565,"items_purged":[],"score":532,"play_id":"e2b34972-a990-45c4-9c70-6ac441bab53f","local_time":"20200218215800","is_ascension_mode":true,"campfire_choices":[{"floor":11.0,"key":"REST"},{"data":"WreathOfFlame","floor":15.0,"key":"SMITH"},{"floor":23.0,"key":"REST"},{"floor":27,"key":"REST"},{"data":"Eruption","floor":29,"key":"SMITH"},{"data":"LikeWater","floor":32,"key":"SMITH"},{"floor":40,"key":"RECALL"},{"floor":42,"key":"REST"}],"neow_cost":"PERCENT_DAMAGE","seed_source_timestamp":795005253107400,"circlet_count":0,"master_deck":["Strike_P","Strike_P","Defend_P+1","Defend_P+1","Defend_P","Defend_P+1","Eruption+1","Vigilance","Panache+1","FlurryOfBlows","FlyingSleeves","Vengeance","LessonLearned+1","Establishment+1","Protect","FlurryOfBlows+1","WreathOfFlame+1","Devotion","FlurryOfBlows","Swivel","Halt","ClearTheMind","LikeWater+1","DevaForm","HandOfGreed","Dark Shackles","Crescendo","FlyingSleeves+1"],"special_seed":0,"relics":["PureWater","Gremlin Horn","Happy Flower","Bottled Flame","Blood Vial","Oddly Smooth Stone","Pen Nib","Kunai","Omamori","Black Star","Strawberry","InkBottle","Mango","Juzu Bracelet","Runic Pyramid","Medical Kit","Toy Ornithopter","Centennial Puzzle","The Courier"],"potions_floor_usage":[],"damage_taken":[{"damage":4.0,"enemies":"Jaw Worm","floor":1.0,"turns":4.0},{"damage":31.0,"enemies":"Lagavulin","floor":6.0,"turns":4.0},{"damage":0.0,"enemies":"Small Slimes","floor":7.0,"turns":2.0},{"damage":3.0,"enemies":"3 Sentries","floor":8.0,"turns":4.0},{"damage":8.0,"enemies":"Gremlin Nob","floor":10.0,"turns":4.0},{"damage":11.0,"enemies":"Lagavulin","floor":12.0,"turns":7.0},{"damage":0.0,"enemies":"2 Louse","floor":14.0,"turns":2.0},{"damage":31.0,"enemies":"The Guardian","floor":16.0,"turns":16.0},{"damage":1.0,"enemies":"3 Byrds","floor":18.0,"turns":4.0},{"damage":15.0,"enemies":"Shell Parasite","floor":22.0,"turns":8.0},{"damage":20.0,"enemies":"Gremlin Leader","floor":24.0,"turns":6.0},{"damage":34,"enemies":"Centurion and Healer","floor":25,"turns":5},{"damage":15,"enemies":"Collector","floor":33,"turns":13},{"damage":23,"enemies":"3 Shapes","floor":35,"turns":6},{"damage":11,"enemies":"Orb Walker","floor":39,"turns":3},{"damage":8,"enemies":"Reptomancer","floor":41,"turns":6},{"damage":20,"enemies":"Jaw Worm Horde","floor":44,"turns":4},{"damage":73,"enemies":"2 Orb Walkers","floor":45,"turns":4}],"seed_played":"3181344415279097596","potions_obtained":[{"floor":7.0,"key":"Regen Potion"},{"floor":10.0,"key":"Explosive Potion"},{"floor":14.0,"key":"Weak Potion"},{"floor":18.0,"key":"LiquidBronze"},{"floor":22.0,"key":"Explosive Potion"}],"is_trial":false,"path_per_floor":["M","?","?","?","T","E","M","E","T","E","R","E","$","M","R","B",null,"M","?","?","?","M","R","E","M","T","R","?","R","?","?","R","B",null,"M","?","$","?","M","R","E","R","T","M","?"],"character_chosen":"WATCHER","items_purchased":["Omamori","Medical Kit"],"campfire_rested":4,"item_purchase_floors":[13,37],"current_hp_per_floor":[47,47,29,47,47,16,16,13,13,19,40,31,31,33,33,4,72,71,78,78,63,50,75,71,39,39,68,68,68,68,68,68,55,98,75,65,65,65,56,56,50,79,79,61,0],"gold":513,"neow_bonus":"RANDOM_COLORLESS_2","is_prod":false,"is_daily":false,"chose_seed":false,"campfire_upgraded":3,"win_rate":0,"timestamp":1582081080,"path_taken":["M","?","?","?","?","E","?","E","T","E","R","E","$","M","R","BOSS","M","?","?","?","M","R","E","M","T","R","?","R","?","?","R","BOSS","M","?","$","?","M","R","E","R","T","M","?"],"build_version":"2020-01-27","purchased_purges":0,"victory":false,"max_hp_per_floor":[72,72,72,72,72,72,72,72,72,72,72,72,72,72,72,72,72,72,79,79,84,84,84,98,98,98,98,98,98,98,98,98,98,98,98,98,98,98,98,98,98,98,98,98,98],"card_choices":[{"not_picked":["Metamorphosis","Master of Strategy"],"picked":"Panache","floor":0.0},{"not_picked":["ThirdEye","JustLucky"],"picked":"FlurryOfBlows","floor":1.0},{"not_picked":["CarveReality","EmptyFist"],"picked":"Vengeance","floor":6.0},{"not_picked":["Collect","Vengeance"],"picked":"LessonLearned","floor":7.0},{"not_picked":["Halt","ForeignInfluence"],"picked":"Establishment","floor":8.0},{"not_picked":["ClearTheMind","SashWhip"],"picked":"Protect","floor":10.0},{"not_picked":["PathToVictory","Fasting2"],"picked":"FlurryOfBlows","floor":12.0},{"not_picked":["Brilliance","FlyingSleeves"],"picked":"WreathOfFlame","floor":14.0},{"not_picked":["Brilliance","Blasphemy"],"picked":"Devotion","floor":16.0},{"not_picked":["SashWhip+1","JustLucky"],"picked":"FlurryOfBlows","floor":18.0},{"not_picked":["Consecrate","EmptyBody"],"picked":"Swivel","floor":22.0},{"not_picked":["ConjureBlade","Evaluate","BowlingBash"],"picked":"SKIP","floor":24.0},{"not_picked":["SashWhip","BowlingBash"],"picked":"Halt","floor":25},{"not_picked":["Judgement","Scrawl"],"picked":"DevaForm","floor":33},{"not_picked":["Protect","EmptyMind+1","Consecrate+1"],"picked":"SKIP","floor":35},{"not_picked":["Trip","Secret Weapon"],"picked":"HandOfGreed","floor":36},{"not_picked":["Blind","Magnetism"],"picked":"Dark Shackles","floor":36},{"not_picked":["Study+1","ThirdEye"],"picked":"Crescendo","floor":39},{"not_picked":["Study","CutThroughFate"],"picked":"FlyingSleeves+1","floor":41},{"not_picked":["EmptyFist+1","Halt+1","Study+1"],"picked":"SKIP","floor":44}],"player_experience":1059445,"relics_obtained":[{"floor":5.0,"key":"Happy Flower"},{"floor":6.0,"key":"Bottled Flame"},{"floor":8.0,"key":"Blood Vial"},{"floor":9.0,"key":"Oddly Smooth Stone"},{"floor":10.0,"key":"Pen Nib"},{"floor":12.0,"key":"Kunai"},{"floor":24.0,"key":"InkBottle"},{"floor":24.0,"key":"Mango"},{"floor":26,"key":"Juzu Bracelet"},{"floor":41,"key":"Toy Ornithopter"},{"floor":41,"key":"Centennial Puzzle"},{"floor":43,"key":"The Courier"}],"event_choices":[{"damage_healed":0.0,"max_hp_gain":0.0,"max_hp_loss":0.0,"gold_gain":0.0,"cards_transformed":["Strike_P"],"event_name":"Living Wall","player_choice":"Change","floor":2.0,"gold_loss":0.0,"damage_taken":0.0,"cards_obtained":["FlyingSleeves"]},{"damage_healed":0.0,"max_hp_gain":0.0,"max_hp_loss":0.0,"gold_gain":0.0,"event_name":"Scrap Ooze","player_choice":"Success","floor":3.0,"gold_loss":0.0,"damage_taken":18.0,"relics_obtained":["Gremlin Horn"]},{"damage_healed":18.0,"max_hp_gain":0.0,"max_hp_loss":0.0,"gold_gain":0.0,"event_name":"The Cleric","player_choice":"Healed","floor":4.0,"gold_loss":35.0,"damage_taken":0.0},{"damage_healed":0.0,"max_hp_gain":0.0,"max_hp_loss":0.0,"gold_gain":0.0,"event_name":"The Mausoleum","player_choice":"Opened","floor":19.0,"gold_loss":0.0,"damage_taken":0.0,"relics_obtained":["Strawberry"]},{"damage_healed":0.0,"max_hp_gain":0.0,"max_hp_loss":0.0,"gold_gain":0.0,"event_name":"Ghosts","player_choice":"Ignored","floor":20.0,"gold_loss":0.0,"damage_taken":0.0},{"damage_healed":0.0,"max_hp_gain":5.0,"max_hp_loss":0.0,"gold_gain":0.0,"event_name":"Forgotten Altar","player_choice":"Shed Blood","floor":21.0,"gold_loss":0.0,"damage_taken":20.0},{"damage_healed":0,"gold_gain":0,"player_choice":"Read","damage_taken":0,"max_hp_gain":0,"max_hp_loss":0,"event_name":"The Library","floor":28,"gold_loss":0,"cards_obtained":["ClearTheMind"]},{"damage_healed":0,"gold_gain":0,"player_choice":"1 cards matched","damage_taken":0,"max_hp_gain":0,"max_hp_loss":0,"event_name":"Match and Keep!","floor":30,"gold_loss":0,"cards_obtained":["LikeWater"]},{"damage_healed":0,"gold_gain":99,"player_choice":"Stole From Cult","damage_taken":0,"max_hp_gain":0,"max_hp_loss":0,"event_name":"Nest","floor":31,"gold_loss":0},{"damage_healed":0,"gold_gain":0,"player_choice":"Memory 3","damage_taken":10,"max_hp_gain":0,"max_hp_loss":0,"event_name":"SensoryStone","floor":36,"gold_loss":0},{"cards_removed":["Strike_P"],"damage_healed":0,"gold_gain":0,"player_choice":"Removed Attack","damage_taken":0,"max_hp_gain":0,"max_hp_loss":0,"event_name":"Falling","floor":38,"gold_loss":0},{"damage_healed":0,"gold_gain":0,"player_choice":"Fight","damage_taken":0,"max_hp_gain":0,"max_hp_loss":0,"event_name":"Mysterious Sphere","floor":45,"gold_loss":0}],"is_beta":false,"boss_relics":[{"not_picked":["Sozu","HolyWater"],"picked":"Black Star"},{"not_picked":["Snecko Eye","Runic Dome"],"picked":"Runic Pyramid"}],"items_purged_floors":[],"is_endless":false,"potions_floor_spawned":[7,10,14,18,22],"killed_by":"2 Orb Walkers","ascension_level":1}