{"gold_per_floor":[109,109,120,144,219,246,258,289,289,303,316,344,17,17,17,112,112,130,130,104,104,91,91,124,136,218,218,235,262,262,279,279,378,378,391,391,71,85,101,127,145,178,178,68,68,84,112,130,130,130],"floor_reached":51,"playtime":5342,"items_purged":[],"score":887,"play_id":"c4889d64-fec5-4b12-a45d-3f8ad57659ed","local_time":"20200221162543","is_ascension_mode":true,"campfire_choices":[{"floor":15,"key":"REST"},{"data":"Wallop","floor":23,"key":"SMITH"},{"floor":27,"key":"REST"},{"data":"LikeWater","floor":30,"key":"SMITH"},{"floor":32,"key":"REST"},{"floor":49,"key":"REST"}],"neow_cost":"NONE","seed_source_timestamp":1024731481100900,"circlet_count":0,"master_deck":["Strike_P","Strike_P","Strike_P","Defend_P","Defend_P","Defend_P","Defend_P+1","Eruption","Vigilance+1","Prostrate","JustLucky","Wallop+1","CrushJoints","Halt","ClearTheMind","ForeignInfluence+1","Consecrate+1","LikeWater+1","JustLucky+1","CurseOfTheBell","SignatureMove+1","FollowUp+1","Crescendo+1","EmptyBody+1","Worship+1","Alpha+1","Fasting2","Prostrate+1","WreathOfFlame+1","FlurryOfBlows+1","Scrawl+1","Prostrate+1"],"relics":["SlaversCollar","War Paint","Pear","Lizard Tail","Molten Egg 2","Shuriken","Toxic Egg 2","Calling Bell","MealTicket","Sundial","Ice Cream","Ornamental Fan","Singing Bowl","Bottled Tornado","Fusion Hammer","Kunai","The Courier","Omamori","Strawberry"],"potions_floor_usage":[12,12,16,16,35,41,42,42],"damage_taken":[{"damage":1,"enemies":"2 Louse","floor":1,"turns":4},{"damage":6,"enemies":"Jaw Worm","floor":3,"turns":5},{"damage":10,"enemies":"Lagavulin","floor":6,"turns":7},{"damage":0,"enemies":"Small Slimes","floor":7,"turns":3},{"damage":33,"enemies":"3 Sentries","floor":8,"turns":12},{"damage":1,"enemies":"Exordium Wildlife","floor":10,"turns":5},{"damage":18,"enemies":"Exordium Thugs","floor":11,"turns":5},{"damage":6,"enemies":"Gremlin Nob","floor":12,"turns":5},{"damage":26,"enemies":"Hexaghost","floor":16,"turns":12},{"damage":7,"enemies":"3 Byrds","floor":18,"turns":5},{"damage":7,"enemies":"2 Thieves","floor":22,"turns":4},{"damage":41,"enemies":"Book of Stabbing","floor":24,"turns":6},{"damage":0,"enemies":"3 Cultists","floor":25,"turns":4},{"damage":34,"enemies":"Snake Plant","floor":28,"turns":4},{"damage":0,"enemies":"Gremlin Leader","floor":29,"turns":5},{"damage":1,"enemies":"Cultist and Chosen","floor":31,"turns":5},{"damage":43,"enemies":"Collector","floor":33,"turns":15},{"damage":31,"enemies":"3 Darklings","floor":35,"turns":7},{"damage":12,"enemies":"Orb Walker","floor":38,"turns":3},{"damage":9,"enemies":"Sphere and 2 Shapes","floor":39,"turns":3},{"damage":13,"enemies":"Giant Head","floor":40,"turns":8},{"damage":17,"enemies":"Spire Growth","floor":41,"turns":5},{"damage":14,"enemies":"Reptomancer","floor":42,"turns":8},{"damage":48,"enemies":"Writhing Mass","floor":46,"turns":8},{"damage":6,"enemies":"Giant Head","floor":47,"turns":6},{"damage":45,"enemies":"4 Shapes","floor":48,"turns":4},{"damage":63,"enemies":"Donu and Deca","floor":50,"turns":9}],"seed_played":"-4260797220570738964","potions_obtained":[{"floor":3,"key":"SpeedPotion"},{"floor":10,"key":"ColorlessPotion"},{"floor":11,"key":"SpeedPotion"},{"floor":12,"key":"PowerPotion"},{"floor":22,"key":"Ancient Potion"},{"floor":28,"key":"EssenceOfSteel"},{"floor":29,"key":"SpeedPotion"},{"floor":31,"key":"LiquidMemories"},{"floor":39,"key":"SkillPotion"},{"floor":41,"key":"Ambrosia"},{"floor":46,"key":"FairyPotion"},{"floor":48,"key":"SneckoOil"}],"is_trial":false,"path_per_floor":["M","?","M","T","?","E","M","E","T","M","M","E","$","?","R","B",null,"M","?","$","?","M","R","E","M","T","R","M","E","R","M","R","B",null,"M","?","$","M","M","E","M","E","T","$","?","M","E","M","R","B",null],"character_chosen":"WATCHER","items_purchased":["Toxic Egg 2","LikeWater","FollowUp+1","Kunai","Fasting2","Scrawl+1"],"campfire_rested":4,"item_purchase_floors":[13,13,20,37,37,44],"current_hp_per_floor":[71,76,70,70,59,59,59,26,26,25,7,1,1,1,27,1,87,80,63,78,102,95,95,54,54,54,84,50,50,50,51,82,39,104,75,75,90,80,71,58,41,29,29,44,44,57,58,15,51,26],"gold":130,"neow_bonus":"BOSS_RELIC","is_prod":false,"is_daily":false,"chose_seed":false,"campfire_upgraded":2,"win_rate":0,"timestamp":1582320343,"path_taken":["M","?","M","?","?","E","M","E","T","M","?","E","$","?","R","BOSS","M","?","?","?","M","R","E","?","T","R","M","E","R","M","R","BOSS","M","?","$","M","M","E","?","E","T","$","?","?","E","M","R","BOSS"],"build_version":"2020-01-27","purchased_purges":0,"victory":true,"max_hp_per_floor":[72,77,77,77,77,87,87,87,87,87,87,87,87,87,87,87,87,87,92,92,102,102,102,102,102,102,102,102,102,102,104,104,104,104,106,106,106,108,108,108,108,110,110,110,110,112,119,121,121,121],"card_choices":[{"not_picked":["Crescendo","Indignation"],"picked":"Prostrate","floor":1},{"not_picked":["Crescendo","ClearTheMind"],"picked":"JustLucky","floor":3},{"not_picked":["Indignation","Crescendo"],"picked":"Wallop","floor":6},{"not_picked":["EmptyFist","CutThroughFate"],"picked":"CrushJoints","floor":7},{"not_picked":["ClearTheMind","EmptyMind"],"picked":"Halt","floor":8},{"not_picked":["DeceiveReality","ThirdEye"],"picked":"ClearTheMind","floor":10},{"not_picked":["Evaluate","Halt"],"picked":"ForeignInfluence","floor":11},{"not_picked":["FlyingSleeves+1","Protect"],"picked":"Consecrate+1","floor":12},{"not_picked":["DevaForm","Establishment"],"picked":"SpiritShield+1","floor":16},{"not_picked":["Consecrate+1","BowlingBash+1"],"picked":"SignatureMove+1","floor":18},{"not_picked":["Sanctity+1","Swivel+1","ThirdEye+1"],"picked":"SKIP","floor":22},{"not_picked":["CutThroughFate+1","Alpha+1","SandsOfTime+1"],"picked":"SKIP","floor":24},{"not_picked":["Wallop+1","Halt+1"],"picked":"Crescendo+1","floor":25},{"not_picked":["CutThroughFate+1","WindmillStrike+1"],"picked":"EmptyBody+1","floor":28},{"not_picked":["Evaluate+1","Consecrate+1"],"picked":"Worship+1","floor":29},{"not_picked":["Protect+1","SashWhip+1","PathToVictory+1"],"picked":"Singing Bowl","floor":31},{"not_picked":["DevaForm","SpiritShield+1"],"picked":"Alpha+1","floor":33},{"not_picked":["Collect+1","SashWhip+1","Crescendo+1"],"picked":"Singing Bowl","floor":35},{"not_picked":["PathToVictory+1","BattleHymn","Evaluate+1"],"picked":"Singing Bowl","floor":38},{"not_picked":["Pray+1","ClearTheMind+1"],"picked":"Prostrate+1","floor":39},{"not_picked":["JustLucky+1","SignatureMove+1"],"picked":"WreathOfFlame+1","floor":40},{"not_picked":["Tantrum+1","Wallop+1"],"picked":"FlurryOfBlows+1","floor":41},{"not_picked":["CrushJoints+1","EmptyBody+1","FlyingSleeves+1"],"picked":"Singing Bowl","floor":42},{"not_picked":["Worship+1","BattleHymn","ClearTheMind+1"],"picked":"Singing Bowl","floor":46},{"not_picked":["Wish+1","Collect+1"],"picked":"Prostrate+1","floor":47},{"not_picked":["Pray+1","WreathOfFlame+1","Evaluate+1"],"picked":"Singing Bowl","floor":48}],"player_experience":1072175,"relics_obtained":[{"floor":4,"key":"War Paint"},{"floor":6,"key":"Pear"},{"floor":8,"key":"Lizard Tail"},{"floor":9,"key":"Molten Egg 2"},{"floor":12,"key":"Shuriken"},{"floor":17,"key":"MealTicket"},{"floor":17,"key":"Sundial"},{"floor":17,"key":"Ice Cream"},{"floor":24,"key":"Ornamental Fan"},{"floor":26,"key":"Singing Bowl"},{"floor":29,"key":"Bottled Tornado"},{"floor":40,"key":"The Courier"},{"floor":42,"key":"Omamori"},{"floor":47,"key":"Strawberry"}],"event_choices":[{"damage_healed":0,"gold_gain":0,"player_choice":"Donut","damage_taken":0,"max_hp_gain":5,"max_hp_loss":0,"event_name":"Big Fish","floor":2,"gold_loss":0},{"damage_healed":0,"gold_gain":75,"player_choice":"Gather Gold","damage_taken":11,"max_hp_gain":0,"max_hp_loss":0,"event_name":"World of Goop","floor":5,"gold_loss":0},{"damage_healed":0,"gold_gain":0,"cards_transformed":["Strike_P"],"player_choice":"Change","damage_taken":0,"max_hp_gain":0,"max_hp_loss":0,"event_name":"Living Wall","floor":14,"gold_loss":0,"cards_obtained":["JustLucky"]},{"damage_healed":0,"gold_gain":0,"player_choice":"Shed Blood","damage_taken":22,"max_hp_gain":5,"max_hp_loss":0,"event_name":"Forgotten Altar","floor":19,"gold_loss":0},{"cards_removed":["SpiritShield"],"damage_healed":14,"gold_gain":0,"player_choice":"Offered Rare","damage_taken":0,"max_hp_gain":10,"max_hp_loss":0,"event_name":"Bonfire Elementals","floor":21,"gold_loss":0},{"damage_healed":0,"gold_gain":0,"player_choice":"Upgraded","damage_taken":0,"max_hp_gain":0,"max_hp_loss":0,"event_name":"Upgrade Shrine","floor":36,"gold_loss":0,"cards_upgraded":["ForeignInfluence"]},{"damage_healed":0,"gold_gain":0,"player_choice":"Ignored","damage_taken":0,"max_hp_gain":0,"max_hp_loss":0,"event_name":"SecretPortal","floor":45,"gold_loss":0}],"is_beta":false,"boss_relics":[{"not_picked":["Sozu","Philosopher\u0027s Stone"],"picked":"Calling Bell"},{"not_picked":["Velvet Choker","Coffee Dripper"],"picked":"Fusion Hammer"}],"items_purged_floors":[],"is_endless":false,"potions_floor_spawned":[3,10,11,12,22,28,29,31,39,40,41,46,48],"ascension_level":1}