{"gold_per_floor":[110,110,110,87,102,102,102,116,116,116,141,153,265,317,329,460,472,502,530,566,503,515,527,564,576,641,699,711,764,776,385,385,515,515,547,457,303,328,337,337,337,353,376,376,410,86,86,124,124,124],"floor_reached":51,"playtime":1917,"items_purged":[],"score":928,"play_id":"b1f6b63b-30b3-4c1f-a90e-5f9083391eb2","local_time":"20200303185831","is_ascension_mode":true,"campfire_choices":[{"data":"PathToVictory","floor":6,"key":"SMITH"},{"floor":15,"key":"REST"},{"data":"Prostrate","floor":23,"key":"SMITH"},{"data":"TalkToTheHand","floor":25,"key":"SMITH"},{"floor":28,"key":"REST"},{"floor":30,"key":"RECALL"},{"data":"Eruption","floor":32,"key":"SMITH"},{"floor":41,"key":"REST"},{"floor":44,"key":"REST"},{"floor":47,"key":"REST"},{"floor":49,"key":"REST"}],"neow_cost":"NONE","seed_source_timestamp":936467057673100,"circlet_count":0,"master_deck":["Strike_P","Strike_P","Defend_P","Defend_P","Defend_P+1","Eruption+1","Vigilance","SashWhip","Prostrate+1","Prostrate+1","Wireheading","TalkToTheHand+1","Brilliance+1","Vengeance+1","CrushJoints+1","Worship+1","ConjureBlade","Sanctity","ConjureBlade","Transmutation"],"relics":["PureWater","Tiny Chest","Pear","Orichalcum","MawBank","Golden Idol","StrikeDummy","Philosopher\u0027s Stone","Happy Flower","War Paint","CeramicFish","Bag of Marbles","Ice Cream","Fusion Hammer","Strawberry","HornCleat","Lantern","Molten Egg 2","Oddly Smooth Stone","Blue Candle"],"potions_floor_usage":[11,31,33,42],"damage_taken":[{"damage":0,"enemies":"2 Louse","floor":1,"turns":3},{"damage":7,"enemies":"Small Slimes","floor":5,"turns":3},{"damage":0,"enemies":"Cultist","floor":8,"turns":3},{"damage":19,"enemies":"Gremlin Nob","floor":11,"turns":3},{"damage":36,"enemies":"3 Sentries","floor":14,"turns":10},{"damage":12,"enemies":"The Guardian","floor":16,"turns":8},{"damage":6,"enemies":"Chosen","floor":18,"turns":4},{"damage":21,"enemies":"Spheric Guardian","floor":19,"turns":5},{"damage":6,"enemies":"Cultist and Chosen","floor":24,"turns":4},{"damage":22,"enemies":"Book of Stabbing","floor":29,"turns":3},{"damage":26,"enemies":"Automaton","floor":33,"turns":6},{"damage":35,"enemies":"3 Shapes","floor":35,"turns":4},{"damage":16,"enemies":"Orb Walker","floor":38,"turns":3},{"damage":28,"enemies":"Transient","floor":42,"turns":5},{"damage":31,"enemies":"Nemesis","floor":45,"turns":5},{"damage":6,"enemies":"Reptomancer","floor":48,"turns":5},{"damage":70,"enemies":"Time Eater","floor":50,"turns":11}],"seed_played":"537921377859737737","potions_obtained":[{"floor":8,"key":"SteroidPotion"},{"floor":11,"key":"Energy Potion"},{"floor":24,"key":"SneckoOil"},{"floor":33,"key":"SkillPotion"},{"floor":42,"key":"Fire Potion"},{"floor":45,"key":"DistilledChaos"},{"floor":48,"key":"Swift Potion"}],"is_trial":false,"path_per_floor":["M","?","?","$","M","R","T","M","T","$","E","?","?","E","R","B",null,"M","M","T","?","?","R","M","R","T","T","R","E","R","$","R","B",null,"M","?","$","M","?","T","R","M","T","R","E","$","R","E","R","B",null],"character_chosen":"WATCHER","items_purchased":["Prostrate","Ice Cream","Fruit Juice","Strawberry","Oddly Smooth Stone","Transmutation"],"campfire_rested":6,"item_purchase_floors":[4,31,31,37,46,46],"current_hp_per_floor":[72,65,65,65,58,58,68,68,68,68,49,49,49,13,37,25,82,76,55,55,55,55,55,49,49,49,49,73,51,51,56,56,30,87,52,52,59,43,43,43,71,43,43,71,40,40,68,62,90,20],"gold":124,"neow_bonus":"RANDOM_COMMON_RELIC","is_prod":false,"is_daily":false,"chose_seed":false,"campfire_upgraded":4,"win_rate":0,"timestamp":1583279911,"path_taken":["M","?","?","$","?","R","?","M","T","$","E","?","?","E","R","BOSS","M","?","?","?","?","R","?","R","T","?","R","E","R","$","R","BOSS","M","?","?","M","?","?","R","?","T","R","E","$","R","E","R","BOSS"],"build_version":"2020-01-27","purchased_purges":0,"victory":true,"max_hp_per_floor":[72,72,72,72,72,72,82,82,82,82,82,82,82,82,82,82,82,82,82,82,82,82,82,82,82,82,82,82,82,82,87,87,87,87,87,87,94,94,94,94,94,94,94,94,94,94,94,94,94,94],"card_choices":[{"not_picked":["FollowUp","EmptyFist"],"picked":"PathToVictory","floor":1},{"not_picked":["EmptyFist","EmptyBody"],"picked":"Prostrate","floor":5},{"not_picked":["Vengeance","Wallop","Swivel"],"picked":"SKIP","floor":8},{"not_picked":["Adaptation","Nirvana"],"picked":"Wireheading","floor":11},{"not_picked":["ConjureBlade","EmptyBody"],"picked":"TalkToTheHand","floor":14},{"not_picked":["Omniscience","Vault"],"picked":"Brilliance","floor":16},{"not_picked":["ClearTheMind","Tantrum"],"picked":"Vengeance+1","floor":18},{"not_picked":["LikeWater","ClearTheMind"],"picked":"CrushJoints+1","floor":19},{"not_picked":["SashWhip+1","ClearTheMind"],"picked":"Worship+1","floor":24},{"not_picked":["JustLucky","SandsOfTime","FlyingSleeves"],"picked":"SKIP","floor":29},{"not_picked":["Brilliance","DeusExMachina"],"picked":"ConjureBlade","floor":33},{"not_picked":["Wireheading","LikeWater+1"],"picked":"Sanctity","floor":35},{"not_picked":["Study","Protect+1","SignatureMove+1"],"picked":"SKIP","floor":38},{"not_picked":["EmptyFist","BowlingBash+1","Protect+1"],"picked":"SKIP","floor":42},{"not_picked":["Protect+1","WheelKick+1","Consecrate+1"],"picked":"SKIP","floor":45},{"not_picked":["FlyingSleeves+1","Halt","ReachHeaven+1"],"picked":"SKIP","floor":48}],"player_experience":1089187,"relics_obtained":[{"floor":7,"key":"Pear"},{"floor":9,"key":"Orichalcum"},{"floor":11,"key":"MawBank"},{"floor":14,"key":"StrikeDummy"},{"floor":20,"key":"Happy Flower"},{"floor":26,"key":"War Paint"},{"floor":27,"key":"CeramicFish"},{"floor":29,"key":"Bag of Marbles"},{"floor":40,"key":"HornCleat"},{"floor":43,"key":"Lantern"},{"floor":45,"key":"Molten Egg 2"},{"floor":48,"key":"Blue Candle"}],"event_choices":[{"cards_removed":["Strike_P"],"damage_healed":0,"gold_gain":0,"player_choice":"Card Removal","damage_taken":7,"max_hp_gain":0,"max_hp_loss":0,"event_name":"Golden Wing","floor":2,"gold_loss":0},{"damage_healed":0,"gold_gain":0,"cards_transformed":["Defend_P"],"player_choice":"Transformed","damage_taken":0,"max_hp_gain":0,"max_hp_loss":0,"event_name":"Transmorgrifier","floor":3,"gold_loss":0,"cards_obtained":["SashWhip"]},{"damage_healed":0,"gold_gain":0,"player_choice":"Take Wound","damage_taken":0,"relics_obtained":["Golden Idol"],"max_hp_gain":0,"max_hp_loss":0,"event_name":"Golden Idol","floor":12,"gold_loss":0,"cards_obtained":["Injury"]},{"damage_healed":0,"gold_gain":100,"player_choice":"Pray","damage_taken":0,"max_hp_gain":0,"max_hp_loss":0,"event_name":"Golden Shrine","floor":13,"gold_loss":0},{"cards_removed":["Injury"],"damage_healed":0,"gold_gain":0,"player_choice":"Gave Gold","damage_taken":0,"max_hp_gain":0,"max_hp_loss":0,"event_name":"Beggar","floor":21,"gold_loss":75},{"cards_removed":["Strike_P"],"damage_healed":0,"gold_gain":0,"player_choice":"Purged","damage_taken":0,"max_hp_gain":0,"max_hp_loss":0,"event_name":"Purifier","floor":22,"gold_loss":0},{"cards_removed":["PathToVictory"],"damage_healed":0,"gold_gain":0,"player_choice":"Upgrade and Remove","damage_taken":0,"max_hp_gain":0,"max_hp_loss":0,"event_name":"Designer","floor":36,"gold_loss":90,"cards_upgraded":["Brilliance"]},{"damage_healed":0,"gold_gain":0,"player_choice":"Copied","damage_taken":0,"max_hp_gain":0,"max_hp_loss":0,"event_name":"Duplicator","floor":39,"gold_loss":0,"cards_obtained":["ConjureBlade"]}],"is_beta":false,"boss_relics":[{"not_picked":["SacredBark","Cursed Key"],"picked":"Philosopher\u0027s Stone"},{"not_picked":["Empty Cage","Runic Pyramid"],"picked":"Fusion Hammer"}],"items_purged_floors":[],"is_endless":false,"potions_floor_spawned":[8,11,24,33,42,45,48],"ascension_level":3}