{"gold_per_floor":[113,113,113,63,63,94,94,114,114,114,114,131,131,147,147,245,245,259,259,278,278,34,34,44,71,152,152],"floor_reached":27,"playtime":934,"items_purged":["Strike_P"],"score":305,"play_id":"85b761eb-e238-4c62-b475-15bb4ee9f464","local_time":"20200308214114","is_ascension_mode":true,"campfire_choices":[{"floor":7.0,"key":"REST"},{"data":"Eruption","floor":10.0,"key":"SMITH"},{"data":"Prostrate","floor":15.0,"key":"SMITH"},{"floor":23.0,"key":"REST"}],"neow_cost":"NONE","seed_source_timestamp":1375547662220400,"circlet_count":0,"master_deck":["Strike_P","Strike_P+1","Defend_P+1","Defend_P+1","Defend_P+1","Eruption+1","Vigilance","FollowUp","Worship","Evaluate","Prostrate+1","ClearTheMind","DeusExMachina","EmptyFist","ClearTheMind","FlurryOfBlows","Protect+1"],"special_seed":0,"relics":["PureWater","War Paint","Ice Cream","Blood Vial","White Beast Statue","Busted Crown","Incense Burner","TheAbacus","Gambling Chip","Sundial"],"potions_floor_usage":[25,27,27],"damage_taken":[{"damage":0.0,"enemies":"Cultist","floor":1.0,"turns":2.0},{"damage":43.0,"enemies":"Lagavulin","floor":6.0,"turns":7.0},{"damage":0.0,"enemies":"2 Louse","floor":8.0,"turns":2.0},{"damage":0.0,"enemies":"Jaw Worm","floor":12.0,"turns":4.0},{"damage":4.0,"enemies":"3 Louse","floor":14.0,"turns":3.0},{"damage":14.0,"enemies":"Slime Boss","floor":16.0,"turns":5.0},{"damage":41.0,"enemies":"3 Byrds","floor":18.0,"turns":9.0},{"damage":14.0,"enemies":"2 Thieves","floor":20.0,"turns":5.0},{"damage":11.0,"enemies":"Centurion and Healer","floor":24.0,"turns":5.0},{"damage":0,"enemies":"Book of Stabbing","floor":25,"turns":5},{"damage":31,"enemies":"Slavers","floor":27,"turns":4}],"seed_played":"-6424294414191591994","potions_obtained":[{"floor":11.0,"key":"Swift Potion"},{"floor":11.0,"key":"FearPotion"},{"floor":11.0,"key":"DuplicationPotion"},{"floor":12.0,"key":"Weak Potion"},{"floor":16.0,"key":"BottledMiracle"},{"floor":18.0,"key":"Fire Potion"},{"floor":20.0,"key":"Ambrosia"},{"floor":25,"key":"Energy Potion"}],"is_trial":false,"path_per_floor":["M","?","?","?","$","E","R","M","T","R","?","M","?","M","R","B",null,"M","T","M","?","$","R","M","E","T","E"],"character_chosen":"WATCHER","items_purchased":["TheAbacus","FlurryOfBlows"],"campfire_rested":2,"item_purchase_floors":[22,22],"current_hp_per_floor":[72,58,55,55,55,12,33,35,35,35,35,37,37,35,35,23,72,31,31,19,12,12,33,24,26,26,0],"gold":152,"neow_bonus":"RANDOM_COMMON_RELIC","is_prod":false,"is_daily":false,"chose_seed":false,"campfire_upgraded":2,"win_rate":0,"timestamp":1583718074,"path_taken":["M","?","?","?","?","E","R","M","T","R","?","?","?","M","R","BOSS","M","?","?","?","$","R","M","E","T","E"],"build_version":"2020-01-27","purchased_purges":1,"victory":false,"max_hp_per_floor":[72,72,72,72,72,72,72,72,72,72,72,72,72,72,72,72,72,72,72,72,72,72,72,72,72,72,72],"card_choices":[{"not_picked":["FlyingSleeves","EmptyFist"],"picked":"FollowUp","floor":1.0},{"not_picked":["Halt","SashWhip"],"picked":"Worship","floor":6.0},{"not_picked":["EmptyFist","JustLucky"],"picked":"Evaluate","floor":8.0},{"not_picked":["CutThroughFate","Perseverance"],"picked":"Prostrate","floor":12.0},{"not_picked":["CutThroughFate","Blasphemy"],"picked":"ClearTheMind","floor":14.0},{"not_picked":["Establishment","Blasphemy"],"picked":"DeusExMachina","floor":16.0},{"not_picked":[],"picked":"EmptyFist","floor":18.0},{"not_picked":[],"picked":"ClearTheMind","floor":20.0},{"not_picked":[],"picked":"Protect+1","floor":24.0},{"not_picked":["SashWhip"],"picked":"SKIP","floor":25}],"player_experience":1091104,"relics_obtained":[{"floor":6.0,"key":"Blood Vial"},{"floor":9.0,"key":"White Beast Statue"},{"floor":19.0,"key":"Incense Burner"},{"floor":25,"key":"Gambling Chip"},{"floor":26,"key":"Sundial"}],"event_choices":[{"damage_healed":0.0,"max_hp_gain":0.0,"max_hp_loss":0.0,"gold_gain":0.0,"event_name":"Shining Light","player_choice":"Entered Light","floor":2.0,"gold_loss":0.0,"damage_taken":14.0,"cards_upgraded":["Strike_P","Defend_P"]},{"damage_healed":0.0,"max_hp_gain":0.0,"max_hp_loss":0.0,"gold_gain":0.0,"event_name":"Scrap Ooze","player_choice":"Success","floor":3.0,"gold_loss":0.0,"damage_taken":3.0,"relics_obtained":["Ice Cream"]},{"cards_removed":["Strike_P"],"damage_healed":0.0,"max_hp_gain":0.0,"max_hp_loss":0.0,"gold_gain":0.0,"event_name":"The Cleric","player_choice":"Card Removal","floor":4.0,"gold_loss":50.0,"damage_taken":0.0},{"damage_healed":0.0,"max_hp_gain":0.0,"max_hp_loss":0.0,"gold_gain":0.0,"event_name":"Lab","player_choice":"Got Potions","floor":11.0,"gold_loss":0.0,"damage_taken":0.0},{"cards_removed":["Defend_P"],"damage_healed":0.0,"max_hp_gain":0.0,"max_hp_loss":0.0,"gold_gain":0.0,"event_name":"Purifier","player_choice":"Purged","floor":13.0,"gold_loss":0.0,"damage_taken":0.0},{"damage_healed":0.0,"max_hp_gain":0.0,"max_hp_loss":0.0,"gold_gain":0.0,"event_name":"Wheel of Change","player_choice":"Damaged","floor":21.0,"gold_loss":0.0,"damage_taken":7.0}],"is_beta":false,"boss_relics":[{"not_picked":["Astrolabe","Pandora\u0027s Box"],"picked":"Busted Crown"}],"items_purged_floors":[22],"is_endless":false,"potions_floor_spawned":[12,14,16,18,20,24,25],"killed_by":"Slavers","ascension_level":4}