{"gold_per_floor":[111,286,301,376,49,78,78,107,107,136,136,154,154,174,174,272,272,286,286,97,97,116,151,151,151,151,177,177,209,223,249,249,352,352,368,368,368,388,407,442,442,470,470,107,13,13,13,30,30,30,30,30,5,5],"floor_reached":54,"playtime":2187,"items_purged":["Doubt"],"score":1199,"play_id":"c1f738ce-f994-4b53-b1e2-a8ee0ea10052","local_time":"20200328221712","is_ascension_mode":true,"campfire_choices":[{"data":"Eruption","floor":7,"key":"SMITH"},{"data":"Protect","floor":13,"key":"SMITH"},{"data":"Swivel","floor":15,"key":"SMITH"},{"data":"Wallop","floor":24,"key":"SMITH"},{"data":"MentalFortress","floor":28,"key":"SMITH"},{"floor":32,"key":"REST"},{"floor":41,"key":"RECALL"},{"data":"Panache","floor":47,"key":"SMITH"},{"floor":49,"key":"REST"},{"data":"DeusExMachina","floor":52,"key":"SMITH"}],"neow_cost":"TEN_PERCENT_HP_LOSS","seed_source_timestamp":429300614495000,"circlet_count":0,"master_deck":["Strike_P","Strike_P","Strike_P","Defend_P+1","Defend_P","Eruption+1","Vigilance","CrushJoints","FollowUp","Protect+1","InnerPeace","Swivel+1","FlurryOfBlows+1","Consecrate","BattleHymn","MasterReality","FlurryOfBlows","Necronomicurse","Wallop+1","MentalFortress+1","FlurryOfBlows","FlurryOfBlows","DeusExMachina+1","LessonLearned","Panache+1","Prostrate"],"relics":["PureWater","FossilizedHelix","Sling","HornCleat","Letter Opener","Question Card","Strawberry","Busted Crown","Necronomicon","Omamori","Pen Nib","Singing Bowl","Pear","Happy Flower","Nunchaku","Empty Cage","Sundial","Mummified Hand","Membership Card","Bronze Scales","Pantograph"],"potions_floor_usage":[8,8,27,30,31,39,39,50,50],"damage_taken":[{"damage":0,"enemies":"Small Slimes","floor":1,"turns":2},{"damage":0,"enemies":"Jaw Worm","floor":3,"turns":2},{"damage":15,"enemies":"3 Sentries","floor":6,"turns":9},{"damage":0,"enemies":"Lagavulin","floor":8,"turns":4},{"damage":0,"enemies":"Gremlin Nob","floor":10,"turns":2},{"damage":0,"enemies":"2 Louse","floor":12,"turns":1},{"damage":0,"enemies":"Blue Slaver","floor":14,"turns":1},{"damage":0,"enemies":"Slime Boss","floor":16,"turns":4},{"damage":0,"enemies":"Chosen","floor":18,"turns":3},{"damage":0,"enemies":"Spheric Guardian","floor":22,"turns":2},{"damage":1,"enemies":"Gremlin Leader","floor":23,"turns":4},{"damage":0,"enemies":"Slavers","floor":27,"turns":3},{"damage":0,"enemies":"Book of Stabbing","floor":29,"turns":2},{"damage":38,"enemies":"Shelled Parasite and Fungi","floor":30,"turns":7},{"damage":30,"enemies":"Slavers","floor":31,"turns":4},{"damage":37,"enemies":"Collector","floor":33,"turns":7},{"damage":0,"enemies":"Orb Walker","floor":35,"turns":2},{"damage":28,"enemies":"3 Darklings","floor":38,"turns":4},{"damage":0,"enemies":"Spire Growth","floor":39,"turns":5},{"damage":0,"enemies":"Giant Head","floor":40,"turns":7},{"damage":9,"enemies":"Reptomancer","floor":42,"turns":6},{"damage":22,"enemies":"Sphere and 2 Shapes","floor":48,"turns":5},{"damage":63,"enemies":"Awakened One","floor":50,"turns":11},{"damage":106,"enemies":"Shield and Spear","floor":54,"turns":5}],"seed_played":"6485769091109010274","potions_obtained":[{"floor":3,"key":"FearPotion"},{"floor":6,"key":"SkillPotion"},{"floor":8,"key":"ColorlessPotion"},{"floor":12,"key":"Ancient Potion"},{"floor":16,"key":"AttackPotion"},{"floor":27,"key":"StancePotion"},{"floor":30,"key":"Fruit Juice"},{"floor":31,"key":"BottledMiracle"},{"floor":37,"key":"ColorlessPotion"},{"floor":40,"key":"Block Potion"},{"floor":42,"key":"ColorlessPotion"}],"is_trial":false,"path_per_floor":["M","?","M","?","$","E","R","E","T","E","?","M","R","M","R","B",null,"M","?","$","?","M","E","R","?","T","E","R","E","M","E","R","B",null,"M","?","?","M","M","E","R","E","T","$","$","?","R","M","R","B",null,"R","$","E"],"character_chosen":"WATCHER","items_purchased":["Sling","Protect","InnerPeace","Wallop","Omamori","Membership Card","Bronze Scales","Pantograph","Panache","Prostrate"],"campfire_rested":2,"item_purchase_floors":[5,5,5,20,20,44,44,44,45,53],"current_hp_per_floor":[65,65,65,54,54,39,39,39,39,46,51,51,51,51,51,51,77,77,61,61,61,61,60,60,60,60,70,70,70,39,11,39,2,96,98,98,98,72,74,76,76,69,69,69,69,69,69,49,79,40,103,103,103,0],"gold":5,"neow_bonus":"ONE_RARE_RELIC","is_prod":false,"is_daily":false,"chose_seed":false,"campfire_upgraded":7,"win_rate":0,"timestamp":1585448232,"path_taken":["M","?","M","?","?","E","R","E","T","E","?","M","R","?","R","BOSS","M","?","$","?","M","E","R","?","T","E","R","E","M","E","R","BOSS","M","?","?","?","M","E","R","E","T","?","$","?","R","M","R","BOSS","R","$","E"],"build_version":"2020-01-27","purchased_purges":1,"victory":false,"max_hp_per_floor":[65,65,65,65,65,65,65,65,65,72,77,77,77,77,77,77,77,77,77,77,77,77,77,77,77,77,87,87,87,94,96,96,96,96,98,98,98,100,102,104,104,106,106,106,106,101,101,103,103,103,103,103,103,103],"card_choices":[{"not_picked":["FlurryOfBlows","BattleHymn"],"picked":"CrushJoints","floor":1},{"not_picked":["Swivel","Halt"],"picked":"FollowUp","floor":3},{"not_picked":["WindmillStrike","EmptyFist"],"picked":"Swivel","floor":6},{"not_picked":["ClearTheMind","Prostrate"],"picked":"FlurryOfBlows","floor":8},{"not_picked":["Swivel","FlyingSleeves","LikeWater"],"picked":"Consecrate","floor":10},{"not_picked":["FlyingSleeves","Brilliance","JustLucky","Fasting2"],"picked":"SKIP","floor":12},{"not_picked":["ClearTheMind","Sanctity","WheelKick"],"picked":"BattleHymn","floor":14},{"not_picked":["Blasphemy","Wish","DevaForm"],"picked":"MasterReality","floor":16},{"not_picked":["BowlingBash"],"picked":"FlurryOfBlows","floor":18},{"not_picked":["Fasting2","SashWhip"],"picked":"SKIP","floor":22},{"not_picked":["WheelKick+1"],"picked":"MentalFortress","floor":23},{"not_picked":["Prostrate"],"picked":"FlurryOfBlows","floor":27},{"not_picked":["SashWhip"],"picked":"DeusExMachina","floor":29},{"not_picked":["Study+1","Prostrate+1"],"picked":"Singing Bowl","floor":30},{"not_picked":["SignatureMove","DevaForm"],"picked":"Singing Bowl","floor":31},{"not_picked":["Vault"],"picked":"LessonLearned","floor":33},{"not_picked":["Halt","Protect"],"picked":"Singing Bowl","floor":35},{"not_picked":["Wireheading+1","Protect+1"],"picked":"Singing Bowl","floor":38},{"not_picked":["Fasting2","Prostrate+1"],"picked":"Singing Bowl","floor":39},{"not_picked":["Indignation","Brilliance"],"picked":"Singing Bowl","floor":40},{"not_picked":["Prostrate+1","TalkToTheHand"],"picked":"Singing Bowl","floor":42},{"not_picked":["Adaptation+1","SignatureMove+1"],"picked":"Singing Bowl","floor":48}],"player_experience":1092038,"relics_obtained":[{"floor":6,"key":"HornCleat"},{"floor":8,"key":"Letter Opener"},{"floor":9,"key":"Question Card"},{"floor":10,"key":"Strawberry"},{"floor":19,"key":"Necronomicon"},{"floor":23,"key":"Pen Nib"},{"floor":26,"key":"Singing Bowl"},{"floor":27,"key":"Pear"},{"floor":29,"key":"Happy Flower"},{"floor":31,"key":"Nunchaku"},{"floor":40,"key":"Sundial"},{"floor":42,"key":"Mummified Hand"}],"event_choices":[{"damage_healed":0,"gold_gain":175,"player_choice":"AGREE","damage_taken":0,"max_hp_gain":0,"max_hp_loss":0,"event_name":"Liars Game","floor":2,"gold_loss":0,"cards_obtained":["Doubt"]},{"damage_healed":0,"gold_gain":75,"player_choice":"Gather Gold","damage_taken":11,"max_hp_gain":0,"max_hp_loss":0,"event_name":"World of Goop","floor":4,"gold_loss":0},{"damage_healed":0,"gold_gain":0,"player_choice":"Donut","damage_taken":0,"max_hp_gain":5,"max_hp_loss":0,"event_name":"Big Fish","floor":11,"gold_loss":0},{"damage_healed":0,"gold_gain":0,"player_choice":"Obtained Book","damage_taken":16,"max_hp_gain":0,"max_hp_loss":0,"event_name":"Cursed Tome","floor":19,"gold_loss":0},{"damage_healed":0,"gold_gain":0,"player_choice":"Ignored","damage_taken":0,"max_hp_gain":0,"max_hp_loss":0,"event_name":"Vampires","floor":21,"gold_loss":0},{"damage_healed":0,"gold_gain":0,"player_choice":"Read","damage_taken":0,"max_hp_gain":0,"max_hp_loss":0,"event_name":"The Library","floor":25,"gold_loss":0,"cards_obtained":["FlurryOfBlows"]},{"cards_removed":["Defend_P"],"damage_healed":0,"gold_gain":0,"player_choice":"Removed Skill","damage_taken":0,"max_hp_gain":0,"max_hp_loss":0,"event_name":"Falling","floor":36,"gold_loss":0},{"damage_healed":0,"gold_gain":0,"player_choice":"Got Potions","damage_taken":0,"max_hp_gain":0,"max_hp_loss":0,"event_name":"Lab","floor":37,"gold_loss":0},{"damage_healed":0,"gold_gain":0,"player_choice":"Max HP","damage_taken":0,"max_hp_gain":0,"max_hp_loss":5,"event_name":"Winding Halls","floor":46,"gold_loss":0}],"is_beta":false,"boss_relics":[{"not_picked":["Sozu","Velvet Choker"],"picked":"Busted Crown"},{"not_picked":["Runic Dome","Runic Pyramid"],"picked":"Empty Cage"}],"items_purged_floors":[5],"is_endless":false,"potions_floor_spawned":[3,6,8,12,16,22,27,30,31,40,42,48],"killed_by":"Shield and Spear","ascension_level":4}