{"gold_per_floor":[109,125,125,175,189,220,185,185,209,220,249,97,128,143,143,248,248,259,247,447,142,142,170,170,187,187,187],"floor_reached":27,"playtime":1474,"items_purged":["Defend_P"],"score":370,"play_id":"7a5ff99d-284f-41b4-b410-c8cea47af9a4","local_time":"20200404004311","is_ascension_mode":true,"campfire_choices":[{"data":"Devotion","floor":8,"key":"SMITH"},{"data":"SandsOfTime","floor":15,"key":"SMITH"}],"neow_cost":"NONE","seed_source_timestamp":133710717838100,"circlet_count":0,"master_deck":["Strike_P","Strike_P","Strike_P","Defend_P","Defend_P","Defend_P","Eruption","Vigilance","SandsOfTime+1","CutThroughFate","Devotion+1","Weave","Swivel","Prostrate","MentalFortress","Devotion","MentalFortress","Bandage Up","Weave","MentalFortress+1"],"relics":["PureWater","PreservedInsect","Boot","Omamori","Question Card","Lee\u0027s Waffle","InkBottle","Calling Bell","Lantern","Pear","GoldenEye","Damaru","Pen Nib","Gremlin Horn"],"potions_floor_usage":[16,23,27],"damage_taken":[{"damage":0,"enemies":"Cultist","floor":1,"turns":4},{"damage":11,"enemies":"2 Louse","floor":2,"turns":2},{"damage":7,"enemies":"Jaw Worm","floor":5,"turns":3},{"damage":0,"enemies":"Lagavulin","floor":6,"turns":4},{"damage":8,"enemies":"Exordium Thugs","floor":10,"turns":3},{"damage":24,"enemies":"Gremlin Nob","floor":11,"turns":4},{"damage":24,"enemies":"3 Sentries","floor":13,"turns":7},{"damage":3,"enemies":"3 Louse","floor":14,"turns":4},{"damage":24,"enemies":"The Guardian","floor":16,"turns":7},{"damage":5,"enemies":"Spheric Guardian","floor":18,"turns":3},{"damage":12,"enemies":"2 Thieves","floor":19,"turns":4},{"damage":26,"enemies":"Book of Stabbing","floor":23,"turns":3},{"damage":23,"enemies":"Snecko","floor":25,"turns":4},{"damage":16,"enemies":"Slavers","floor":27,"turns":1}],"seed_played":"-5681289852568446659","potions_obtained":[{"floor":1,"key":"Dexterity Potion"},{"floor":6,"key":"AttackPotion"},{"floor":10,"key":"SteroidPotion"},{"floor":13,"key":"Block Potion"},{"floor":18,"key":"Dexterity Potion"}],"is_trial":false,"path_per_floor":["M","M","?","?","M","E","?","R","T","M","E","$","E","M","R","B",null,"M","M","?","$","?","E","$","M","T","E"],"character_chosen":"WATCHER","items_purchased":["Lee\u0027s Waffle","Damaru","Bandage Up"],"campfire_rested":0,"item_purchase_floors":[12,21,21],"current_hp_per_floor":[72,61,61,61,54,54,72,72,72,64,40,79,55,52,52,28,76,71,59,59,59,59,33,33,10,10,0],"gold":187,"neow_bonus":"RANDOM_COMMON_RELIC","is_prod":false,"is_daily":false,"chose_seed":false,"campfire_upgraded":2,"win_rate":0,"timestamp":1585975391,"path_taken":["M","?","?","?","M","E","?","R","T","M","E","?","E","M","R","BOSS","M","M","?","?","?","E","$","M","T","E"],"build_version":"2020-01-27","purchased_purges":1,"victory":false,"max_hp_per_floor":[72,72,72,72,72,72,72,72,72,72,72,79,79,79,79,79,89,89,89,89,89,89,89,89,89,89,89],"card_choices":[{"not_picked":["Meditate","ThirdEye"],"picked":"SandsOfTime","floor":1},{"not_picked":["Sanctity","EmptyFist"],"picked":"CutThroughFate","floor":2},{"not_picked":["EmptyMind","EmptyBody"],"picked":"Weave","floor":5},{"not_picked":["ReachHeaven","Tantrum"],"picked":"Swivel","floor":6},{"not_picked":["FlurryOfBlows","BowlingBash"],"picked":"Prostrate","floor":10},{"not_picked":["EmptyBody","Prostrate"],"picked":"MentalFortress","floor":11},{"not_picked":["InnerPeace","LikeWater","ReachHeaven","PathToVictory"],"picked":"SKIP","floor":13},{"not_picked":["Fasting2","PathToVictory","Evaluate","Vengeance"],"picked":"SKIP","floor":14},{"not_picked":["Omniscience","DevaForm","Scrawl"],"picked":"Devotion","floor":16},{"not_picked":["ThirdEye","Crescendo+1","WaveOfTheHand"],"picked":"MentalFortress","floor":18},{"not_picked":["Halt","Wireheading+1","CutThroughFate+1","ThirdEye"],"picked":"SKIP","floor":19},{"not_picked":["Fasting2","BattleHymn+1","Protect+1"],"picked":"MentalFortress+1","floor":23},{"not_picked":["Halt+1","Swivel+1","EmptyBody","JustLucky"],"picked":"SKIP","floor":25}],"player_experience":1094225,"relics_obtained":[{"floor":6,"key":"Boot"},{"floor":9,"key":"Omamori"},{"floor":11,"key":"Question Card"},{"floor":13,"key":"InkBottle"},{"floor":17,"key":"Lantern"},{"floor":17,"key":"Pear"},{"floor":17,"key":"GoldenEye"},{"floor":23,"key":"Pen Nib"},{"floor":26,"key":"Gremlin Horn"}],"event_choices":[{"damage_healed":0,"gold_gain":0,"cards_transformed":["Strike_P"],"player_choice":"Change","damage_taken":0,"max_hp_gain":0,"max_hp_loss":0,"event_name":"Living Wall","floor":3,"gold_loss":0,"cards_obtained":["Devotion"]},{"damage_healed":0,"gold_gain":50,"player_choice":"Gained Gold","damage_taken":0,"max_hp_gain":0,"max_hp_loss":0,"event_name":"Golden Wing","floor":4,"gold_loss":0},{"damage_healed":18,"gold_gain":0,"player_choice":"Healed","damage_taken":0,"max_hp_gain":0,"max_hp_loss":0,"event_name":"The Cleric","floor":7,"gold_loss":35},{"damage_healed":0,"gold_gain":250,"player_choice":"Bet on Owner","damage_taken":0,"max_hp_gain":0,"max_hp_loss":0,"event_name":"The Joust","floor":20,"gold_loss":50},{"damage_healed":0,"gold_gain":0,"player_choice":"Read","damage_taken":0,"max_hp_gain":0,"max_hp_loss":0,"event_name":"The Library","floor":22,"gold_loss":0,"cards_obtained":["Weave"]}],"is_beta":false,"boss_relics":[{"not_picked":["Coffee Dripper","Snecko Eye"],"picked":"Calling Bell"}],"items_purged_floors":[21],"is_endless":false,"potions_floor_spawned":[1,6,10,13,14,18],"killed_by":"Slavers","ascension_level":5}