{"gold_per_floor":[117,117,117,67,77,107,107,107,158,177,209,239,251,282,294,407,419,443,469,68,68,68,68,80,80,104,104,133,147,147,147],"floor_reached":31,"playtime":1174,"items_purged":[],"score":335,"play_id":"1ed73bec-de67-4aef-a8e5-6c3f68e71600","local_time":"20200421232401","is_ascension_mode":true,"campfire_choices":[{"data":"Eruption","floor":7.0,"key":"SMITH"},{"data":"Conclude","floor":13.0,"key":"SMITH"},{"data":"SandsOfTime","floor":15.0,"key":"SMITH"},{"floor":23,"key":"REST"},{"floor":25,"key":"REST"}],"neow_cost":"NONE","seed_source_timestamp":0,"circlet_count":0,"master_deck":["Strike_P","Strike_P","Strike_P","Defend_P","Defend_P+1","Defend_P","Eruption+1","Vigilance","Conclude+1","ThirdEye","SashWhip+1","MasterReality","Halt","SandsOfTime+1","FearNoEvil","ConjureBlade","FlurryOfBlows+1","Panache","Evaluate","Pray","Establishment"],"special_seed":0,"relics":["PureWater","NeowsBlessing","Blood Vial","Blue Candle","Vajra","MawBank","VioletLotus","Singing Bowl","Sundial","Juzu Bracelet","Red Mask"],"potions_floor_usage":[28,28],"damage_taken":[{"damage":0.0,"enemies":"Cultist","floor":1.0,"turns":1.0},{"damage":0.0,"enemies":"Jaw Worm","floor":5.0,"turns":1.0},{"damage":0.0,"enemies":"Lagavulin","floor":6.0,"turns":1.0},{"damage":0.0,"enemies":"Small Slimes","floor":10.0,"turns":2.0},{"damage":22.0,"enemies":"3 Sentries","floor":11.0,"turns":10.0},{"damage":0.0,"enemies":"Looter","floor":12.0,"turns":2.0},{"damage":0.0,"enemies":"Gremlin Gang","floor":14.0,"turns":3.0},{"damage":14.0,"enemies":"Slime Boss","floor":16.0,"turns":6.0},{"damage":34.0,"enemies":"3 Byrds","floor":18.0,"turns":5.0},{"damage":18.0,"enemies":"2 Thieves","floor":19.0,"turns":3.0},{"damage":11,"enemies":"Snake Plant","floor":24,"turns":3},{"damage":39,"enemies":"Masked Bandits","floor":28,"turns":4},{"damage":9,"enemies":"Centurion and Healer","floor":29,"turns":4},{"damage":30,"enemies":"Gremlin Leader","floor":31,"turns":5}],"seed_played":"-2641126244703669264","potions_obtained":[{"floor":5.0,"key":"Dexterity Potion"},{"floor":11.0,"key":"Ancient Potion"},{"floor":14.0,"key":"Ambrosia"},{"floor":24,"key":"DuplicationPotion"},{"floor":29,"key":"BottledMiracle"}],"is_trial":false,"path_per_floor":["M","?","?","?","M","E","R","?","T","M","E","M","R","M","R","B",null,"M","M","$","?","?","R","M","R","T","$","?","M","?","E"],"character_chosen":"WATCHER","items_purchased":["Panache","Singing Bowl"],"campfire_rested":2,"item_purchase_floors":[20,20],"current_hp_per_floor":[72,72,69,69,71,72,72,58,58,60,40,42,42,44,44,32,62,30,14,14,14,14,35,26,47,47,47,10,3,27,0],"gold":147,"neow_bonus":"THREE_ENEMY_KILL","is_prod":false,"is_daily":false,"chose_seed":false,"campfire_upgraded":3,"win_rate":0,"timestamp":1587525841,"path_taken":["M","?","?","?","M","E","R","?","T","M","E","M","R","M","R","BOSS","BOSS","M","M","$","?","?","R","M","R","T","$","?","M","?","E"],"build_version":"2020-01-27","purchased_purges":0,"victory":false,"max_hp_per_floor":[72,72,72,72,72,72,72,72,72,72,72,72,72,72,72,72,72,72,72,72,72,72,72,72,72,72,72,72,72,72,72],"card_choices":[{"not_picked":["FlurryOfBlows","TalkToTheHand"],"picked":"Conclude","floor":1.0},{"not_picked":["ReachHeaven","EmptyFist"],"picked":"SashWhip","floor":5.0},{"not_picked":["Prostrate","FlyingSleeves"],"picked":"MasterReality","floor":6.0},{"not_picked":["FlyingSleeves","TalkToTheHand"],"picked":"Halt","floor":10.0},{"not_picked":["FlyingSleeves","JustLucky"],"picked":"SandsOfTime","floor":11.0},{"not_picked":["Consecrate","Halt"],"picked":"FearNoEvil","floor":12.0},{"not_picked":["Adaptation","SandsOfTime","Wireheading"],"picked":"SKIP","floor":14.0},{"not_picked":["Scrawl","Judgement"],"picked":"ConjureBlade","floor":16.0},{"not_picked":["CrushJoints+1","ReachHeaven"],"picked":"FlurryOfBlows+1","floor":18.0},{"not_picked":["CutThroughFate","Consecrate","BowlingBash"],"picked":"SKIP","floor":19.0},{"not_picked":["CrushJoints+1","WaveOfTheHand+1"],"picked":"Evaluate","floor":24},{"not_picked":["EmptyFist","Worship"],"picked":"Pray","floor":28},{"not_picked":["Crescendo","Evaluate+1"],"picked":"Establishment","floor":29}],"player_experience":1095868,"relics_obtained":[{"floor":6.0,"key":"Blue Candle"},{"floor":9.0,"key":"Vajra"},{"floor":11.0,"key":"MawBank"},{"floor":26,"key":"Juzu Bracelet"},{"floor":28,"key":"Red Mask"}],"event_choices":[{"damage_healed":0.0,"max_hp_gain":0.0,"max_hp_loss":0.0,"gold_gain":0.0,"cards_transformed":["Strike_P"],"event_name":"Living Wall","player_choice":"Change","floor":2.0,"gold_loss":0.0,"damage_taken":0.0,"cards_obtained":["ThirdEye"]},{"damage_healed":0.0,"max_hp_gain":0.0,"max_hp_loss":0.0,"gold_gain":0.0,"event_name":"Scrap Ooze","player_choice":"Success","floor":3.0,"gold_loss":0.0,"damage_taken":3.0,"relics_obtained":["Blood Vial"]},{"cards_removed":["Defend_P"],"damage_healed":0.0,"max_hp_gain":0.0,"max_hp_loss":0.0,"gold_gain":0.0,"event_name":"The Cleric","player_choice":"Card Removal","floor":4.0,"gold_loss":50.0,"damage_taken":0.0},{"damage_healed":0.0,"max_hp_gain":0.0,"max_hp_loss":0.0,"gold_gain":0.0,"event_name":"Shining Light","player_choice":"Entered Light","floor":8.0,"gold_loss":0.0,"damage_taken":14.0,"cards_upgraded":["Defend_P","SashWhip"]},{"damage_healed":0.0,"max_hp_gain":0.0,"max_hp_loss":0.0,"gold_gain":0.0,"event_name":"The Mausoleum","player_choice":"Opened","floor":21.0,"gold_loss":0.0,"damage_taken":0.0,"relics_obtained":["Sundial"],"cards_obtained":["Writhe"]},{"cards_removed":["Writhe"],"damage_healed":0.0,"max_hp_gain":0.0,"max_hp_loss":0.0,"gold_gain":0.0,"event_name":"Purifier","player_choice":"Purged","floor":22.0,"gold_loss":0.0,"damage_taken":0.0},{"damage_healed":0,"gold_gain":0,"player_choice":"Fought Bandits","damage_taken":0,"max_hp_gain":0,"max_hp_loss":0,"event_name":"Masked Bandits","floor":28,"gold_loss":0},{"damage_healed":24,"gold_gain":0,"player_choice":"Heal","damage_taken":0,"max_hp_gain":0,"max_hp_loss":0,"event_name":"The Library","floor":30,"gold_loss":0}],"is_beta":false,"boss_relics":[{"not_picked":["Snecko Eye","Empty Cage"],"picked":"VioletLotus"}],"items_purged_floors":[],"is_endless":false,"potions_floor_spawned":[5,11,14,24,29],"killed_by":"Gremlin Leader","ascension_level":5}