{"gold_per_floor":[117,292,292,309,309,337,153,202,228,228,34,34,94,160,160,289,289,329,180,180,180,225,225,225],"floor_reached":24,"playtime":881,"items_purged":["Strike_P"],"score":294,"play_id":"97d547e0-9a71-4d57-88f8-5963914a012a","local_time":"20200505220235","is_ascension_mode":true,"campfire_choices":[{"data":"HandOfGreed","floor":10,"key":"SMITH"},{"floor":15,"key":"REST"},{"floor":23,"key":"REST"}],"neow_cost":"NONE","seed_source_timestamp":206635278365800,"circlet_count":0,"master_deck":["Strike_P","Strike_P","Defend_P","Defend_P","Defend_P+1","Defend_P+1","Eruption","Vigilance","Consecrate","FollowUp","TalkToTheHand","HandOfGreed+1","Tantrum","Apotheosis","Tantrum","PathToVictory","Judgement","PathToVictory","Halt","Pain"],"relics":["PureWater","NeowsBlessing","War Paint","WingedGreaves","Anchor","Bag of Preparation","Cursed Key","Mummified Hand"],"potions_floor_usage":[24,24],"damage_taken":[{"damage":0,"enemies":"Jaw Worm","floor":1,"turns":1},{"damage":0,"enemies":"2 Louse","floor":4,"turns":1},{"damage":0,"enemies":"3 Sentries","floor":6,"turns":1},{"damage":27,"enemies":"Lagavulin","floor":8,"turns":4},{"damage":20,"enemies":"3 Sentries","floor":13,"turns":3},{"damage":4,"enemies":"Small Slimes","floor":14,"turns":4},{"damage":20,"enemies":"Hexaghost","floor":16,"turns":6},{"damage":48,"enemies":"3 Byrds","floor":18,"turns":3},{"damage":0,"enemies":"Spheric Guardian","floor":22,"turns":1},{"damage":51,"enemies":"Gremlin Leader","floor":24,"turns":7}],"seed_played":"-2024200250102235365","potions_obtained":[{"floor":4,"key":"ColorlessPotion"},{"floor":6,"key":"Explosive Potion"},{"floor":14,"key":"Explosive Potion"}],"is_trial":false,"path_per_floor":["M","?","?","M","?","E","$","E","T","R","$","?","E","M","R","B",null,"M","$","?","T","M","R","E"],"character_chosen":"WATCHER","items_purchased":["HandOfGreed","Apotheosis","PathToVictory","Halt"],"campfire_rested":2,"item_purchase_floors":[7,11,19,19],"current_hp_per_floor":[72,72,72,72,77,77,77,50,50,50,50,50,30,26,49,29,65,17,17,17,17,17,40,0],"gold":225,"neow_bonus":"THREE_ENEMY_KILL","is_prod":false,"is_daily":false,"chose_seed":false,"campfire_upgraded":1,"win_rate":0,"timestamp":1588730555,"path_taken":["M","?","?","M","?","E","$","E","T","R","?","?","E","?","R","BOSS","M","$","?","?","M","R","E"],"build_version":"2020-01-27","purchased_purges":1,"victory":false,"max_hp_per_floor":[72,72,72,72,77,77,77,77,77,77,77,77,77,77,77,77,77,77,77,77,77,77,77,77],"card_choices":[{"not_picked":["Indignation","CutThroughFate"],"picked":"Consecrate","floor":1},{"not_picked":["CrushJoints","Protect"],"picked":"FollowUp","floor":4},{"not_picked":["ThirdEye","JustLucky"],"picked":"TalkToTheHand","floor":6},{"not_picked":["DeusExMachina","Evaluate"],"picked":"Tantrum","floor":8},{"not_picked":["Swivel","JustLucky","ThirdEye"],"picked":"SKIP","floor":13},{"not_picked":["Weave","ThirdEye"],"picked":"PathToVictory","floor":14},{"not_picked":["Ragnarok","Establishment"],"picked":"Judgement","floor":16},{"not_picked":["Collect","Evaluate","FlyingSleeves"],"picked":"SKIP","floor":18},{"not_picked":["CrushJoints+1","Pray","LikeWater"],"picked":"SKIP","floor":22}],"player_experience":1098647,"relics_obtained":[{"floor":6,"key":"War Paint"},{"floor":8,"key":"WingedGreaves"},{"floor":9,"key":"Anchor"},{"floor":13,"key":"Bag of Preparation"},{"floor":21,"key":"Mummified Hand"}],"event_choices":[{"damage_healed":0,"gold_gain":175,"player_choice":"AGREE","damage_taken":0,"max_hp_gain":0,"max_hp_loss":0,"event_name":"Liars Game","floor":2,"gold_loss":0,"cards_obtained":["Doubt"]},{"cards_removed":["Doubt"],"damage_healed":0,"gold_gain":0,"player_choice":"Forget","damage_taken":0,"max_hp_gain":0,"max_hp_loss":0,"event_name":"Living Wall","floor":3,"gold_loss":0},{"damage_healed":0,"gold_gain":0,"player_choice":"Donut","damage_taken":0,"max_hp_gain":5,"max_hp_loss":0,"event_name":"Big Fish","floor":5,"gold_loss":0},{"damage_healed":0,"gold_gain":0,"cards_transformed":["Strike_P"],"player_choice":"Transformed","damage_taken":0,"max_hp_gain":0,"max_hp_loss":0,"event_name":"Transmorgrifier","floor":12,"gold_loss":0,"cards_obtained":["Tantrum"]},{"damage_healed":0,"gold_gain":0,"player_choice":"Ignored","damage_taken":0,"max_hp_gain":0,"max_hp_loss":0,"event_name":"Ghosts","floor":20,"gold_loss":0}],"is_beta":false,"boss_relics":[{"not_picked":["Coffee Dripper","Pandora\u0027s Box"],"picked":"Cursed Key"}],"items_purged_floors":[19],"is_endless":false,"potions_floor_spawned":[4,6,14,16],"killed_by":"Gremlin Leader","ascension_level":5}