{"gold_per_floor":[119,136,150,58,75,75,110,125,125,135,135,135,135,163,163,258,258,274,289,302,302,217,243,243,243,243,243,268,301,52,67,67,164,164,184,1183,685,702,1051,1051,1051,1051,1075,1091,1105,1120,1143,1173,1173,1173],"floor_reached":50,"playtime":2679,"items_purged":["Decay","Normality"],"score":806,"play_id":"fce96a39-93eb-4229-9b30-2a916332b82c","local_time":"20200505224810","is_ascension_mode":true,"campfire_choices":[{"data":"Eruption","floor":6.0,"key":"SMITH"},{"floor":11.0,"key":"REST"},{"data":"EmptyBody","floor":15.0,"key":"SMITH"},{"floor":24.0,"key":"REST"},{"data":"DeusExMachina","floor":27.0,"key":"SMITH"},{"floor":32.0,"key":"REST"},{"floor":41.0,"key":"REST"},{"floor":49,"key":"REST"}],"neow_cost":"NONE","seed_source_timestamp":207526555745100,"circlet_count":0,"master_deck":["Strike_P+1","Strike_P+1","Strike_P+1","Defend_P+1","Defend_P+1","Defend_P+1","Eruption+1","Vigilance+1","LessonLearned+1","Consecrate+1","Adaptation+1","InnerPeace+1","MentalFortress+1","Crescendo+1","FlurryOfBlows+1","Halt+1","EmptyBody+1","Vengeance+1","DeusExMachina+1","MentalFortress+1","Tantrum+1","Fasting2","FlurryOfBlows+1","FlurryOfBlows+1","Normality","DeusExMachina+1"],"special_seed":0,"relics":["PureWater","Ancient Tea Set","TungstenRod","CultistMask","Yang","Busted Crown","Calipers","Blue Candle","Molten Egg 2","Anchor","Ice Cream","Akabeko","VioletLotus","Pear","DollysMirror","Old Coin","Lantern","MealTicket"],"potions_floor_usage":[50],"damage_taken":[{"damage":14.0,"enemies":"Cultist","floor":1.0,"turns":6.0},{"damage":3.0,"enemies":"Jaw Worm","floor":2.0,"turns":5.0},{"damage":3.0,"enemies":"2 Louse","floor":3.0,"turns":3.0},{"damage":11.0,"enemies":"Gremlin Gang","floor":5.0,"turns":4.0},{"damage":9.0,"enemies":"3 Sentries","floor":7.0,"turns":5.0},{"damage":1.0,"enemies":"Exordium Wildlife","floor":8.0,"turns":5.0},{"damage":13.0,"enemies":"Blue Slaver","floor":10.0,"turns":3.0},{"damage":14.0,"enemies":"Gremlin Nob","floor":14.0,"turns":5.0},{"damage":15.0,"enemies":"Hexaghost","floor":16.0,"turns":12.0},{"damage":0.0,"enemies":"Shell Parasite","floor":18.0,"turns":2.0},{"damage":0.0,"enemies":"Chosen","floor":19.0,"turns":3.0},{"damage":25.0,"enemies":"Snake Plant","floor":20.0,"turns":6.0},{"damage":13.0,"enemies":"Book of Stabbing","floor":23.0,"turns":4.0},{"damage":29.0,"enemies":"Slavers","floor":29.0,"turns":4.0},{"damage":0.0,"enemies":"Centurion and Healer","floor":31.0,"turns":4.0},{"damage":0.0,"enemies":"Champ","floor":33.0,"turns":7.0},{"damage":5.0,"enemies":"Orb Walker","floor":35.0,"turns":3.0},{"damage":25.0,"enemies":"3 Darklings","floor":38.0,"turns":3.0},{"damage":33.0,"enemies":"2 Orb Walkers","floor":39.0,"turns":4.0},{"damage":0.0,"enemies":"Nemesis","floor":40.0,"turns":2.0},{"damage":10.0,"enemies":"Maw","floor":44.0,"turns":6.0},{"damage":46.0,"enemies":"Jaw Worm Horde","floor":45.0,"turns":3.0},{"damage":0,"enemies":"4 Shapes","floor":46,"turns":5},{"damage":16,"enemies":"Giant Head","floor":48,"turns":7},{"damage":53,"enemies":"Time Eater","floor":50,"turns":1}],"seed_played":"7162874255546073440","potions_obtained":[{"floor":7.0,"key":"Block Potion"},{"floor":8.0,"key":"SneckoOil"},{"floor":10.0,"key":"Weak Potion"},{"floor":16.0,"key":"CultistPotion"},{"floor":18.0,"key":"DistilledChaos"},{"floor":20.0,"key":"Fire Potion"},{"floor":33.0,"key":"SmokeBomb"},{"floor":39.0,"key":"Fruit Juice"},{"floor":48,"key":"ColorlessPotion"}],"is_trial":false,"path_per_floor":["M","M","M","$","M","R","E","M","T","M","R","?","?","E","R","B",null,"M","M","M","?","?","E","R","?","T","R","T","E","$","M","R","B",null,"M","?","$","M","?","E","R","?","T","M","M","M","T","E","R","B"],"character_chosen":"WATCHER","items_purchased":["MentalFortress","Crescendo","FlurryOfBlows+1","Akabeko","Pear","DollysMirror"],"campfire_rested":5,"item_purchase_floors":[4,4,30,30,37,37],"current_hp_per_floor":[58,55,52,52,41,41,32,31,31,18,39,39,39,25,25,10,57,57,57,32,32,32,19,40,40,40,40,40,11,11,11,32,32,62,57,57,67,42,14,14,40,76,76,66,20,20,20,4,26,0],"gold":1173,"neow_bonus":"ONE_RANDOM_RARE_CARD","is_prod":false,"is_daily":false,"chose_seed":false,"campfire_upgraded":3,"win_rate":0,"timestamp":1588733290,"path_taken":["M","?","M","$","?","R","E","M","T","M","R","?","?","E","R","BOSS","M","?","M","?","?","E","R","?","T","R","?","E","$","M","R","BOSS","M","?","$","M","?","E","R","?","T","M","M","M","?","E","R","BOSS"],"build_version":"2020-01-27","purchased_purges":2,"victory":false,"max_hp_per_floor":[72,72,72,72,72,72,72,72,72,72,72,72,72,72,72,72,72,72,72,72,72,72,72,72,72,72,72,72,72,72,72,72,72,72,72,72,82,82,87,87,87,76,76,76,76,76,76,76,76,76],"card_choices":[{"not_picked":["Halt","ForeignInfluence"],"picked":"Consecrate","floor":1.0},{"not_picked":["Protect","JustLucky"],"picked":"Adaptation","floor":2.0},{"not_picked":["EmptyMind","BowlingBash"],"picked":"InnerPeace","floor":3.0},{"not_picked":["Worship","FlyingSleeves"],"picked":"FlurryOfBlows","floor":5.0},{"not_picked":["Protect","FollowUp"],"picked":"Halt","floor":7.0},{"not_picked":["Wireheading","Consecrate"],"picked":"EmptyBody","floor":8.0},{"not_picked":["EmptyBody","WindmillStrike"],"picked":"Vengeance","floor":10.0},{"not_picked":["Evaluate","SashWhip","Judgement"],"picked":"SKIP","floor":14.0},{"not_picked":["Blasphemy","MasterReality"],"picked":"DeusExMachina","floor":16.0},{"not_picked":["CutThroughFate+1"],"picked":"SKIP","floor":18.0},{"not_picked":["JustLucky"],"picked":"SKIP","floor":19.0},{"not_picked":[],"picked":"MentalFortress","floor":20.0},{"not_picked":["DeceiveReality"],"picked":"SKIP","floor":23.0},{"not_picked":["Prostrate"],"picked":"SKIP","floor":29.0},{"not_picked":["BattleHymn"],"picked":"SKIP","floor":31.0},{"not_picked":[],"picked":"FlurryOfBlows+1","floor":35.0},{"not_picked":["Vengeance"],"picked":"SKIP","floor":38.0},{"not_picked":["Vengeance"],"picked":"SKIP","floor":44.0},{"not_picked":["SashWhip+1"],"picked":"SKIP","floor":45.0},{"not_picked":["ClearTheMind"],"picked":"SKIP","floor":46},{"not_picked":["FlyingSleeves+1"],"picked":"SKIP","floor":48}],"player_experience":1099528,"relics_obtained":[{"floor":7.0,"key":"Ancient Tea Set"},{"floor":9.0,"key":"TungstenRod"},{"floor":14.0,"key":"Yang"},{"floor":23.0,"key":"Blue Candle"},{"floor":26.0,"key":"Molten Egg 2"},{"floor":28.0,"key":"Anchor"},{"floor":29.0,"key":"Ice Cream"},{"floor":39.0,"key":"Old Coin"},{"floor":43.0,"key":"Lantern"},{"floor":48,"key":"MealTicket"}],"event_choices":[{"damage_healed":0.0,"max_hp_gain":0.0,"max_hp_loss":0.0,"gold_gain":0.0,"event_name":"Shining Light","player_choice":"Ignored","floor":12.0,"gold_loss":0.0,"damage_taken":0.0},{"damage_healed":0.0,"max_hp_gain":0.0,"max_hp_loss":0.0,"gold_gain":0.0,"event_name":"FaceTrader","player_choice":"Trade","floor":13.0,"gold_loss":0.0,"damage_taken":0.0,"relics_obtained":["CultistMask"]},{"damage_healed":0.0,"max_hp_gain":0.0,"max_hp_loss":0.0,"gold_gain":0.0,"cards_transformed":["Strike_P","Defend_P"],"event_name":"Drug Dealer","player_choice":"Became Test Subject","floor":21.0,"gold_loss":0.0,"damage_taken":0.0,"cards_obtained":["Tantrum","Fasting2"]},{"damage_healed":0.0,"max_hp_gain":0.0,"max_hp_loss":0.0,"gold_gain":0.0,"event_name":"Addict","player_choice":"Obtained Relic","floor":22.0,"gold_loss":85.0,"damage_taken":0.0,"relics_obtained":["Calipers"]},{"damage_healed":0.0,"max_hp_gain":0.0,"max_hp_loss":0.0,"gold_gain":0.0,"event_name":"Forgotten Altar","player_choice":"Smashed Altar","floor":25.0,"gold_loss":0.0,"damage_taken":0.0,"cards_obtained":["Decay"]},{"damage_healed":0.0,"max_hp_gain":0.0,"max_hp_loss":0.0,"gold_gain":999.0,"event_name":"MindBloom","player_choice":"Gold","floor":36.0,"gold_loss":0.0,"damage_taken":0.0,"cards_obtained":["Normality","Normality"]},{"damage_healed":0.0,"max_hp_gain":0.0,"max_hp_loss":0.0,"gold_gain":0.0,"event_name":"Mysterious Sphere","player_choice":"Fight","floor":39.0,"gold_loss":0.0,"damage_taken":0.0},{"damage_healed":76.0,"max_hp_gain":0.0,"max_hp_loss":11.0,"gold_gain":0.0,"event_name":"The Moai Head","player_choice":"Heal","floor":42.0,"gold_loss":0.0,"damage_taken":0.0}],"is_beta":false,"boss_relics":[{"not_picked":["Cursed Key","Ectoplasm"],"picked":"Busted Crown"},{"not_picked":["Tiny House","Fusion Hammer"],"picked":"VioletLotus"}],"items_purged_floors":[30,37],"is_endless":false,"potions_floor_spawned":[7,8,10,16,18,20,31,33,35,39,48],"killed_by":"Time Eater","ascension_level":5}