{"gold_per_floor":[216,391,407,96,114,114,144,144,144,160,194,208,63,82,82,184,184,204,254,274,291,113,148,163,88,162,162,179,509,509,528,528,528],"floor_reached":33,"playtime":1338,"items_purged":["Doubt"],"score":518,"play_id":"a899f335-f9b9-40d3-9bd4-3a59b5cc6699","local_time":"20200429221624","is_ascension_mode":true,"campfire_choices":[{"data":"Apotheosis","floor":6,"key":"SMITH"},{"floor":15,"key":"RECALL"},{"floor":30,"key":"REST"},{"floor":32,"key":"REST"}],"neow_cost":"NONE","seed_source_timestamp":175606085840200,"circlet_count":0,"master_deck":["Strike_P","Strike_P","Strike_P","Defend_P","Defend_P","Defend_P","Defend_P","Eruption","Vigilance","SignatureMove","Prostrate","Apotheosis+1","Brilliance","Consecrate","ThirdEye","FlurryOfBlows","Study","Alpha","Vault","SignatureMove+1","Prostrate","Prostrate","Collect+1","Worship"],"relics":["HolyWater","HornCleat","Blood Vial","Bag of Marbles","Bird Faced Urn","Vajra","Oddly Smooth Stone","Happy Flower","Meat on the Bone","Old Coin"],"potions_floor_usage":[27,27,33],"damage_taken":[{"damage":0,"enemies":"Cultist","floor":1,"turns":2},{"damage":5,"enemies":"Small Slimes","floor":3,"turns":4},{"damage":4,"enemies":"2 Louse","floor":5,"turns":3},{"damage":12,"enemies":"3 Sentries","floor":7,"turns":3},{"damage":0,"enemies":"Large Slime","floor":10,"turns":2},{"damage":0,"enemies":"Gremlin Nob","floor":11,"turns":1},{"damage":0,"enemies":"Looter","floor":12,"turns":1},{"damage":0,"enemies":"2 Fungi Beasts","floor":14,"turns":2},{"damage":18,"enemies":"The Guardian","floor":16,"turns":7},{"damage":3,"enemies":"Chosen","floor":18,"turns":3},{"damage":0,"enemies":"Spheric Guardian","floor":20,"turns":2},{"damage":0,"enemies":"Snecko","floor":21,"turns":2},{"damage":0,"enemies":"Gremlin Leader","floor":23,"turns":5},{"damage":19,"enemies":"Snake Plant","floor":24,"turns":3},{"damage":40,"enemies":"Book of Stabbing","floor":27,"turns":6},{"damage":0,"enemies":"Chosen and Byrds","floor":28,"turns":2},{"damage":44,"enemies":"Gremlin Leader","floor":29,"turns":5},{"damage":0,"enemies":"Snecko","floor":31,"turns":2},{"damage":72,"enemies":"Automaton","floor":33,"turns":7}],"seed_played":"-5191962173560359130","potions_obtained":[{"floor":5,"key":"Strength Potion"},{"floor":7,"key":"FearPotion"},{"floor":11,"key":"Ancient Potion"},{"floor":12,"key":"SmokeBomb"},{"floor":21,"key":"Block Potion"},{"floor":29,"key":"SmokeBomb"},{"floor":31,"key":"StancePotion"}],"is_trial":false,"path_per_floor":["M","?","M","$","M","R","E","?","T","M","E","M","$","M","R","B",null,"M","?","M","M","$","E","M","?","T","E","M","E","R","M","R","B"],"character_chosen":"WATCHER","items_purchased":["Apotheosis","Brilliance","Vajra","Oddly Smooth Stone","Prostrate"],"campfire_rested":2,"item_purchase_floors":[4,4,13,22,22],"current_hp_per_floor":[72,72,67,67,63,63,51,51,51,53,55,57,57,59,59,47,66,65,65,67,69,69,72,53,53,53,27,41,15,36,38,59,0],"gold":528,"neow_bonus":"HUNDRED_GOLD","is_prod":false,"is_daily":false,"chose_seed":false,"campfire_upgraded":1,"win_rate":0,"timestamp":1588212984,"path_taken":["M","?","M","$","M","R","E","?","T","?","E","M","?","M","R","BOSS","M","?","M","?","?","E","?","?","T","E","M","E","R","M","R","BOSS"],"build_version":"2020-01-27","purchased_purges":1,"victory":false,"max_hp_per_floor":[72,72,72,72,72,72,72,72,72,72,72,72,72,72,72,72,72,72,72,72,72,72,72,72,72,72,72,72,72,72,72,72,72],"card_choices":[{"not_picked":["JustLucky","WheelKick"],"picked":"SignatureMove","floor":1},{"not_picked":["Consecrate","CarveReality"],"picked":"Prostrate","floor":3},{"not_picked":["EmptyMind","CrushJoints"],"picked":"Consecrate","floor":5},{"not_picked":["Indignation","CutThroughFate"],"picked":"ThirdEye","floor":7},{"not_picked":["Halt","BowlingBash"],"picked":"FlurryOfBlows","floor":10},{"not_picked":["Halt","Perseverance","Vengeance"],"picked":"SKIP","floor":11},{"not_picked":["Perseverance","Vengeance"],"picked":"Study","floor":12},{"not_picked":["FearNoEvil","EmptyBody"],"picked":"Alpha","floor":14},{"not_picked":["Scrawl","Alpha"],"picked":"Vault","floor":16},{"not_picked":["WreathOfFlame","Wireheading"],"picked":"SignatureMove+1","floor":18},{"not_picked":["Fasting2","EmptyMind+1","JustLucky"],"picked":"SKIP","floor":20},{"not_picked":["EmptyBody","FlurryOfBlows+1"],"picked":"Prostrate","floor":21},{"not_picked":["Protect+1","CrushJoints"],"picked":"Collect+1","floor":23},{"not_picked":["BattleHymn+1","Halt","Weave"],"picked":"SKIP","floor":24},{"not_picked":["Study","BattleHymn","TalkToTheHand"],"picked":"SKIP","floor":28},{"not_picked":["Omniscience","CarveReality+1","Protect"],"picked":"SKIP","floor":29},{"not_picked":["ForeignInfluence+1","FollowUp+1"],"picked":"Worship","floor":31}],"player_experience":1097042,"relics_obtained":[{"floor":7,"key":"HornCleat"},{"floor":9,"key":"Bag of Marbles"},{"floor":11,"key":"Bird Faced Urn"},{"floor":23,"key":"Happy Flower"},{"floor":26,"key":"Meat on the Bone"},{"floor":29,"key":"Old Coin"}],"event_choices":[{"damage_healed":0,"gold_gain":175,"player_choice":"AGREE","damage_taken":0,"max_hp_gain":0,"max_hp_loss":0,"event_name":"Liars Game","floor":2,"gold_loss":0,"cards_obtained":["Doubt"]},{"damage_healed":0,"gold_gain":0,"player_choice":"Gave Potion","damage_taken":0,"relics_obtained":["Blood Vial"],"max_hp_gain":0,"max_hp_loss":0,"event_name":"WeMeetAgain","floor":8,"gold_loss":0},{"damage_healed":0,"gold_gain":100,"player_choice":"Bet on Murderer","damage_taken":0,"max_hp_gain":0,"max_hp_loss":0,"event_name":"The Joust","floor":19,"gold_loss":50},{"cards_removed":["Strike_P"],"damage_healed":0,"gold_gain":0,"player_choice":"Gave Gold","damage_taken":0,"max_hp_gain":0,"max_hp_loss":0,"event_name":"Beggar","floor":25,"gold_loss":75}],"is_beta":false,"boss_relics":[{"not_picked":["Runic Dome","Cursed Key"],"picked":"HolyWater"}],"items_purged_floors":[4],"is_endless":false,"potions_floor_spawned":[5,7,11,12,21,24,29,31],"killed_by":"Automaton","ascension_level":5}