{"gold_per_floor":[109,109,129,155,7,7,39,39,65,82,117,133,150,161,161,264,264,276,294,143,143,155,155,70,70,70,103,113,38,38,52,52,149,149,166,81,98,98,98],"floor_reached":39,"playtime":1757,"items_purged":["Strike_P"],"score":601,"play_id":"7c621d33-37ae-4447-bbcd-76ba20e63022","local_time":"20200512213430","is_ascension_mode":true,"campfire_choices":[{"data":"SandsOfTime","floor":6,"key":"SMITH"},{"data":"Meditate","floor":15,"key":"SMITH"},{"data":"Establishment","floor":23,"key":"SMITH"},{"data":"Wish","floor":25,"key":"SMITH"},{"data":"Protect","floor":32,"key":"SMITH"}],"neow_cost":"NONE","seed_source_timestamp":46708048854600,"circlet_count":0,"master_deck":["Strike_P","Strike_P","Strike_P","Defend_P","Defend_P","Defend_P","Defend_P","Eruption","Vigilance","SandsOfTime+1","FlurryOfBlows","LikeWater","Establishment+1","Meditate+1","FlurryOfBlows","Protect+1","Wish+1","WreathOfFlame+1","SandsOfTime+1","Crescendo+1","ForeignInfluence","Vault","Consecrate+1","Panacea","BattleHymn","Jack Of All Trades"],"relics":["HolyWater","Art of War","Bronze Scales","Dead Branch","Dream Catcher","Happy Flower","DollysMirror","Nloth\u0027s Gift","Boot","Thread and Needle","Bottled Flame","VioletLotus"],"potions_floor_usage":[7,14,22,22,28,28,35],"damage_taken":[{"damage":0,"enemies":"Jaw Worm","floor":1,"turns":3},{"damage":0,"enemies":"Cultist","floor":3,"turns":3},{"damage":2,"enemies":"Gremlin Nob","floor":7,"turns":3},{"damage":0,"enemies":"2 Louse","floor":10,"turns":1},{"damage":7,"enemies":"Lagavulin","floor":11,"turns":5},{"damage":14,"enemies":"Exordium Thugs","floor":12,"turns":5},{"damage":9,"enemies":"Red Slaver","floor":13,"turns":4},{"damage":0,"enemies":"2 Fungi Beasts","floor":14,"turns":2},{"damage":0,"enemies":"Slime Boss","floor":16,"turns":5},{"damage":1,"enemies":"2 Thieves","floor":18,"turns":3},{"damage":14,"enemies":"Chosen","floor":19,"turns":5},{"damage":5,"enemies":"Centurion and Healer","floor":22,"turns":5},{"damage":1,"enemies":"Gremlin Leader","floor":27,"turns":3},{"damage":0,"enemies":"Snecko","floor":28,"turns":3},{"damage":7,"enemies":"Shelled Parasite and Fungi","floor":31,"turns":3},{"damage":18,"enemies":"Automaton","floor":33,"turns":9},{"damage":5,"enemies":"3 Darklings","floor":35,"turns":4},{"damage":12,"enemies":"Orb Walker","floor":37,"turns":3},{"damage":73,"enemies":"2 Orb Walkers","floor":39,"turns":3}],"seed_played":"-3120042891455411874","potions_obtained":[{"floor":1,"key":"SpeedPotion"},{"floor":3,"key":"StancePotion"},{"floor":10,"key":"ColorlessPotion"},{"floor":12,"key":"Fire Potion"},{"floor":16,"key":"DuplicationPotion"},{"floor":19,"key":"Explosive Potion"},{"floor":22,"key":"SpeedPotion"},{"floor":27,"key":"AttackPotion"},{"floor":30,"key":"LiquidMemories"},{"floor":30,"key":"SkillPotion"},{"floor":30,"key":"SkillPotion"},{"floor":37,"key":"CultistPotion"}],"is_trial":false,"path_per_floor":["M","?","M","T","$","R","E","?","T","M","E","M","M","M","R","B",null,"M","M","$","?","M","R","?","R","T","E","M","$","?","M","R","B",null,"M","$","M","?","?"],"character_chosen":"WATCHER","items_purchased":["Strawberry","DollysMirror","Panacea"],"campfire_rested":0,"item_purchase_floors":[5,20,36],"current_hp_per_floor":[72,72,72,72,79,79,77,89,89,89,82,68,59,59,59,59,82,81,67,67,67,62,62,62,62,62,61,61,61,61,54,54,36,76,71,71,59,59,0],"gold":98,"neow_bonus":"RANDOM_COMMON_RELIC","is_prod":false,"is_daily":false,"chose_seed":false,"campfire_upgraded":5,"win_rate":0,"timestamp":1589333670,"path_taken":["M","?","?","?","?","R","E","?","T","M","E","M","M","M","R","BOSS","M","M","$","?","?","R","?","R","T","E","M","$","?","M","R","BOSS","M","$","M","?","?"],"build_version":"2020-01-27","purchased_purges":1,"victory":false,"max_hp_per_floor":[72,72,72,72,79,79,79,89,89,89,89,89,89,89,89,89,89,89,89,89,89,89,89,89,89,89,89,89,89,89,89,89,89,89,89,89,89,89,89],"card_choices":[{"not_picked":["Pray","ThirdEye"],"picked":"SandsOfTime","floor":1},{"not_picked":["CrushJoints","EmptyBody"],"picked":"FlurryOfBlows","floor":3},{"not_picked":["BowlingBash","Conclude"],"picked":"Vault","floor":7},{"not_picked":["JustLucky","CrushJoints"],"picked":"LikeWater","floor":10},{"not_picked":["Crescendo","Conclude"],"picked":"Establishment","floor":11},{"not_picked":["Consecrate","Halt"],"picked":"Meditate","floor":12},{"not_picked":["Nirvana","Indignation"],"picked":"FlurryOfBlows","floor":13},{"not_picked":["EmptyBody","FlyingSleeves"],"picked":"Protect","floor":14},{"not_picked":["DevaForm","Blasphemy"],"picked":"Wish","floor":16},{"not_picked":["SashWhip","Wireheading+1"],"picked":"WreathOfFlame+1","floor":18},{"not_picked":["FlyingSleeves","FollowUp","Halt+1"],"picked":"SKIP","floor":19},{"not_picked":["Tantrum","CutThroughFate","Prostrate"],"picked":"SKIP","floor":22},{"not_picked":["DeusExMachina","FollowUp"],"picked":"Crescendo+1","floor":27},{"not_picked":["EmptyBody+1","JustLucky","ThirdEye"],"picked":"SKIP","floor":28},{"not_picked":["FlyingSleeves","CutThroughFate"],"picked":"ForeignInfluence","floor":31},{"not_picked":["Ragnarok","Wish"],"picked":"Vault","floor":33},{"not_picked":["Swivel+1","SashWhip+1"],"picked":"Consecrate+1","floor":35},{"not_picked":["Indignation","FlurryOfBlows+1"],"picked":"BattleHymn","floor":37},{"not_picked":["Magnetism","Purity"],"picked":"Jack Of All Trades","floor":38}],"player_experience":1104809,"relics_obtained":[{"floor":4,"key":"Bronze Scales"},{"floor":7,"key":"Dead Branch"},{"floor":9,"key":"Dream Catcher"},{"floor":11,"key":"Happy Flower"},{"floor":26,"key":"Thread and Needle"},{"floor":27,"key":"Bottled Flame"}],"event_choices":[{"damage_healed":0,"gold_gain":0,"player_choice":"Bought 0 Potions","damage_taken":0,"max_hp_gain":0,"max_hp_loss":0,"event_name":"The Woman in Blue","floor":2,"gold_loss":0},{"cards_removed":["Vault"],"damage_healed":2,"gold_gain":0,"player_choice":"Offered Rare","damage_taken":0,"max_hp_gain":10,"max_hp_loss":0,"event_name":"Bonfire Elementals","floor":8,"gold_loss":0},{"damage_healed":0,"gold_gain":0,"player_choice":"Traded Relic","damage_taken":0,"relics_obtained":["Nloth\u0027s Gift"],"max_hp_gain":0,"max_hp_loss":0,"event_name":"N\u0027loth","floor":21,"relics_lost":["Strawberry"],"gold_loss":0},{"damage_healed":0,"gold_gain":0,"player_choice":"Obtained Relic","damage_taken":0,"relics_obtained":["Boot"],"max_hp_gain":0,"max_hp_loss":0,"event_name":"Addict","floor":24,"gold_loss":85},{"damage_healed":0,"gold_gain":0,"player_choice":"Got Potions","damage_taken":0,"max_hp_gain":0,"max_hp_loss":0,"event_name":"Lab","floor":30,"gold_loss":0},{"damage_healed":0,"gold_gain":0,"player_choice":"Memory 1","damage_taken":0,"max_hp_gain":0,"max_hp_loss":0,"event_name":"SensoryStone","floor":38,"gold_loss":0},{"damage_healed":0,"gold_gain":0,"player_choice":"Fight","damage_taken":0,"max_hp_gain":0,"max_hp_loss":0,"event_name":"Mysterious Sphere","floor":39,"gold_loss":0}],"is_beta":false,"boss_relics":[{"not_picked":["Tiny House","Philosopher\u0027s Stone"],"picked":"HolyWater"},{"not_picked":["Snecko Eye","Pandora\u0027s Box"],"picked":"VioletLotus"}],"items_purged_floors":[29],"is_endless":false,"potions_floor_spawned":[1,3,10,12,16,19,22,27,33,37],"killed_by":"2 Orb Walkers","ascension_level":5}