{"gold_per_floor":[115,115,115,115,135,135,160,183,183,183,198,239,313,365,365,505,505,538,566,593,602,611,664,95,148,148,148,148,148,172,212,212,349,349,362,165,165,184,184,233,246,289,368,440,484,47,81,81,81,81,81,81,30,80,80],"floor_reached":55,"playtime":2149,"items_purged":["Writhe","Strike_P","Strike_P"],"score":1214,"play_id":"e7a6ab2f-8d56-4d9b-a529-aa1cd62ca4be","local_time":"20200526213632","is_ascension_mode":true,"campfire_choices":[{"data":"Eruption","floor":6.0,"key":"SMITH"},{"data":"Conclude","floor":10.0,"key":"SMITH"},{"data":"Indignation","floor":15.0,"key":"SMITH"},{"floor":29.0,"key":"REST"},{"floor":32.0,"key":"RECALL"},{"floor":49.0,"key":"REST"},{"floor":52,"key":"REST"}],"neow_cost":"NONE","seed_source_timestamp":39926829647000,"circlet_count":0,"master_deck":["Strike_P","Defend_P","Defend_P","Defend_P","Defend_P","Eruption+1","Vigilance","FearNoEvil","FlurryOfBlows","Conclude+1","TalkToTheHand","FollowUp+1","Indignation+1","Devotion+1","FlurryOfBlows+1","Meditate+1","Vault","Necronomicurse","FollowUp+1","Fasting2","FollowUp+1","Adaptation+1","FollowUp+1","DevaForm","FollowUp+1","FollowUp+1","Jack Of All Trades+1","Panache","FlurryOfBlows+1","Devotion"],"special_seed":0,"relics":["PureWater","NeowsBlessing","Golden Idol","Pantograph","Molten Egg 2","CeramicFish","Boot","Fusion Hammer","Necronomicon","Toxic Egg 2","CloakClasp","Lee\u0027s Waffle","Ornamental Fan","Damaru","HornCleat","Smiling Mask","SlaversCollar","Happy Flower","Bronze Scales","Juzu Bracelet","TeardropLocket","Unceasing Top","Regal Pillow","Pen Nib","Eternal Feather","Pocketwatch"],"potions_floor_usage":[50,55,55],"damage_taken":[{"damage":0.0,"enemies":"2 Louse","floor":1.0,"turns":1.0},{"damage":0.0,"enemies":"Cultist","floor":5.0,"turns":1.0},{"damage":0.0,"enemies":"Small Slimes","floor":7.0,"turns":1.0},{"damage":4.0,"enemies":"Exordium Wildlife","floor":8.0,"turns":3.0},{"damage":1.0,"enemies":"Blue Slaver","floor":11.0,"turns":3.0},{"damage":0.0,"enemies":"Gremlin Nob","floor":12.0,"turns":2.0},{"damage":28.0,"enemies":"Lagavulin Event","floor":13.0,"turns":4.0},{"damage":0.0,"enemies":"3 Sentries","floor":14.0,"turns":5.0},{"damage":46.0,"enemies":"The Guardian","floor":16.0,"turns":8.0},{"damage":0.0,"enemies":"Spheric Guardian","floor":18.0,"turns":2.0},{"damage":2.0,"enemies":"Chosen","floor":19.0,"turns":4.0},{"damage":0.0,"enemies":"3 Cultists","floor":20.0,"turns":2.0},{"damage":0.0,"enemies":"Slavers","floor":23.0,"turns":2.0},{"damage":27.0,"enemies":"Gremlin Leader","floor":25.0,"turns":5.0},{"damage":2.0,"enemies":"Cultist and Chosen","floor":30.0,"turns":4.0},{"damage":4.0,"enemies":"Slavers","floor":31.0,"turns":4.0},{"damage":9.0,"enemies":"Champ","floor":33.0,"turns":5.0},{"damage":8.0,"enemies":"3 Shapes","floor":35.0,"turns":3.0},{"damage":0.0,"enemies":"Orb Walker","floor":38.0,"turns":4.0},{"damage":14.0,"enemies":"Reptomancer","floor":40.0,"turns":5.0},{"damage":20.0,"enemies":"3 Darklings","floor":41.0,"turns":5.0},{"damage":0.0,"enemies":"Nemesis","floor":42.0,"turns":4.0},{"damage":11.0,"enemies":"Mind Bloom Boss Battle","floor":44.0,"turns":7.0},{"damage":5.0,"enemies":"Reptomancer","floor":45.0,"turns":4.0},{"damage":13.0,"enemies":"Jaw Worm Horde","floor":47.0,"turns":4.0},{"damage":53,"enemies":"Time Eater","floor":50,"turns":5},{"damage":58,"enemies":"Shield and Spear","floor":54,"turns":4},{"damage":71,"enemies":"The Heart","floor":55,"turns":3}],"seed_played":"-6409171583106235500","potions_obtained":[{"floor":5.0,"key":"Swift Potion"},{"floor":8.0,"key":"Swift Potion"},{"floor":12.0,"key":"Block Potion"},{"floor":13.0,"key":"CultistPotion"},{"floor":14.0,"key":"Ancient Potion"},{"floor":23.0,"key":"Fire Potion"},{"floor":28.0,"key":"Fruit Juice"},{"floor":28.0,"key":"BottledMiracle"},{"floor":28.0,"key":"Swift Potion"},{"floor":31.0,"key":"ColorlessPotion"},{"floor":41.0,"key":"DistilledChaos"},{"floor":42.0,"key":"LiquidBronze"}],"is_trial":false,"path_per_floor":["M","?","?","?","M","R","M","M","T","R","M","E","?","E","R","B",null,"M","M","M","?","?","E","$","E","T","T","?","R","M","E","R","B",null,"M","$","?","M","?","E","M","E","T","?","E","$","M","T","R","B",null,"R","$","E","B"],"character_chosen":"WATCHER","items_purchased":["Fasting2","InnerPeace+1","Lee\u0027s Waffle","Ornamental Fan","Happy Flower","Pen Nib","Jack Of All Trades+1","Panache","PowerPotion"],"campfire_rested":3,"item_purchase_floors":[24,24,24,24,36,46,46,46,53],"current_hp_per_floor":[72,65,65,65,65,65,65,61,61,61,60,60,32,32,32,11,57,57,55,55,39,39,39,79,52,52,52,57,82,80,76,76,75,82,74,74,74,74,74,60,40,40,40,54,49,49,36,36,84,31,71,84,84,26,0],"gold":80,"neow_bonus":"THREE_ENEMY_KILL","is_prod":false,"is_daily":false,"chose_seed":false,"campfire_upgraded":3,"win_rate":0,"timestamp":1590543392,"path_taken":["M","?","?","?","M","R","M","?","T","R","M","E","?","E","R","BOSS","M","M","M","?","?","E","$","E","T","?","?","R","?","E","R","BOSS","M","$","?","?","?","E","M","E","T","?","E","$","M","?","R","BOSS","R","$","E","BOSS"],"build_version":"2020-01-27","purchased_purges":3,"victory":false,"max_hp_per_floor":[72,72,72,72,72,72,72,72,72,72,72,72,72,72,72,72,72,72,72,72,72,72,72,79,79,79,79,84,84,84,84,84,84,84,84,84,84,84,84,84,84,84,84,84,84,84,84,84,84,84,84,84,84,84,84],"card_choices":[{"not_picked":["BowlingBash","ThirdEye"],"picked":"FearNoEvil","floor":1.0},{"not_picked":["EmptyMind","Collect"],"picked":"FlurryOfBlows","floor":5.0},{"not_picked":["Prostrate","Wallop"],"picked":"Conclude","floor":7.0},{"not_picked":["CutThroughFate","Consecrate"],"picked":"TalkToTheHand","floor":8.0},{"not_picked":["CutThroughFate","ClearTheMind","CrushJoints"],"picked":"SKIP","floor":11.0},{"not_picked":["FearNoEvil+1","ForeignInfluence"],"picked":"FollowUp+1","floor":12.0},{"not_picked":["CutThroughFate+1","DevaForm"],"picked":"Indignation","floor":14.0},{"not_picked":["SpiritShield","DevaForm"],"picked":"Devotion","floor":16.0},{"not_picked":["Crescendo","SashWhip+1"],"picked":"FlurryOfBlows+1","floor":18.0},{"not_picked":["EmptyFist+1","Halt"],"picked":"Meditate+1","floor":19.0},{"not_picked":["CutThroughFate+1","CarveReality+1"],"picked":"Vault","floor":20.0},{"not_picked":["EmptyMind+1","JustLucky+1"],"picked":"FollowUp+1","floor":23.0},{"not_picked":["SignatureMove+1","WreathOfFlame+1"],"picked":"FollowUp+1","floor":25.0},{"not_picked":["EmptyMind+1","ClearTheMind+1"],"picked":"Adaptation+1","floor":30.0},{"not_picked":["Wallop+1","ThirdEye+1"],"picked":"FollowUp+1","floor":31.0},{"not_picked":["Blasphemy+1","Establishment"],"picked":"DevaForm","floor":33.0},{"not_picked":["EmptyFist+1","Meditate+1","Indignation+1"],"picked":"SKIP","floor":35.0},{"not_picked":["Halt+1","Evaluate+1","Worship+1"],"picked":"SKIP","floor":38.0},{"not_picked":["InnerPeace+1","Consecrate+1"],"picked":"FollowUp+1","floor":40.0},{"not_picked":["CutThroughFate+1","EmptyMind+1","FlyingSleeves+1"],"picked":"SKIP","floor":41.0},{"not_picked":["ForeignInfluence+1","EmptyFist+1","Protect+1"],"picked":"SKIP","floor":42.0},{"not_picked":["EmptyFist+1","WreathOfFlame+1"],"picked":"FollowUp+1","floor":44.0},{"not_picked":["Wireheading+1","ClearTheMind+1","WindmillStrike+1"],"picked":"SKIP","floor":45.0},{"not_picked":["Wallop+1","Halt+1"],"picked":"FlurryOfBlows+1","floor":47.0},{"not_picked":["FlurryOfBlows+1","ThirdEye+1"],"picked":"Devotion","floor":54}],"player_experience":1110064,"relics_obtained":[{"floor":9.0,"key":"Pantograph"},{"floor":12.0,"key":"Molten Egg 2"},{"floor":14.0,"key":"Boot"},{"floor":21.0,"key":"Necronomicon"},{"floor":23.0,"key":"CloakClasp"},{"floor":25.0,"key":"Damaru"},{"floor":26.0,"key":"HornCleat"},{"floor":31.0,"key":"Smiling Mask"},{"floor":40.0,"key":"Bronze Scales"},{"floor":42.0,"key":"Juzu Bracelet"},{"floor":43.0,"key":"TeardropLocket"},{"floor":44.0,"key":"Unceasing Top"},{"floor":45.0,"key":"Regal Pillow"},{"floor":48.0,"key":"Eternal Feather"},{"floor":54,"key":"Pocketwatch"}],"event_choices":[{"cards_removed":["Strike_P"],"damage_healed":0.0,"max_hp_gain":0.0,"max_hp_loss":0.0,"gold_gain":0.0,"event_name":"Golden Wing","player_choice":"Card Removal","floor":2.0,"gold_loss":0.0,"damage_taken":7.0},{"damage_healed":0.0,"max_hp_gain":0.0,"max_hp_loss":0.0,"gold_gain":0.0,"event_name":"Golden Idol","player_choice":"Take Wound","floor":3.0,"gold_loss":0.0,"damage_taken":0.0,"relics_obtained":["Golden Idol"],"cards_obtained":["Injury"]},{"cards_removed":["Injury"],"damage_healed":0.0,"max_hp_gain":0.0,"max_hp_loss":0.0,"gold_gain":0.0,"event_name":"Fountain of Cleansing","player_choice":"Removed Curses","floor":4.0,"gold_loss":0.0,"damage_taken":0.0},{"damage_healed":0.0,"max_hp_gain":0.0,"max_hp_loss":0.0,"gold_gain":0.0,"event_name":"Dead Adventurer","player_choice":"Searched \u00272\u0027 times","floor":13.0,"gold_loss":0.0,"damage_taken":0.0,"relics_obtained":["CeramicFish"]},{"damage_healed":0.0,"max_hp_gain":0.0,"max_hp_loss":0.0,"gold_gain":0.0,"event_name":"Cursed Tome","player_choice":"Obtained Book","floor":21.0,"gold_loss":0.0,"damage_taken":16.0},{"damage_healed":0.0,"max_hp_gain":0.0,"max_hp_loss":0.0,"gold_gain":0.0,"event_name":"The Mausoleum","player_choice":"Opened","floor":22.0,"gold_loss":0.0,"damage_taken":0.0,"relics_obtained":["Toxic Egg 2"],"cards_obtained":["Writhe"]},{"damage_healed":0.0,"max_hp_gain":0.0,"max_hp_loss":0.0,"gold_gain":0.0,"event_name":"Lab","player_choice":"Got Potions","floor":28.0,"gold_loss":0.0,"damage_taken":0.0},{"damage_healed":0.0,"max_hp_gain":0.0,"max_hp_loss":0.0,"gold_gain":0.0,"event_name":"Accursed Blacksmith","player_choice":"Forge","floor":37.0,"gold_loss":0.0,"damage_taken":0.0,"cards_upgraded":["Devotion"]},{"cards_removed":["InnerPeace"],"damage_healed":0.0,"max_hp_gain":0.0,"max_hp_loss":0.0,"gold_gain":0.0,"event_name":"Falling","player_choice":"Removed Skill","floor":39.0,"gold_loss":0.0,"damage_taken":0.0},{"damage_healed":0.0,"max_hp_gain":0.0,"max_hp_loss":0.0,"gold_gain":0.0,"event_name":"MindBloom","player_choice":"Fight","floor":44.0,"gold_loss":0.0,"damage_taken":0.0}],"is_beta":false,"boss_relics":[{"not_picked":["Philosopher\u0027s Stone","Runic Pyramid"],"picked":"Fusion Hammer"},{"not_picked":["Empty Cage","Calling Bell"],"picked":"SlaversCollar"}],"items_purged_floors":[24,36,46],"is_endless":false,"potions_floor_spawned":[5,8,12,13,14,18,23,31,41,42,47],"killed_by":"The Heart","ascension_level":5}