{"gold_per_floor":[118,118,134,134,154,154,187,203,503,520,218,233,233,267,267,369,369,380,380,380,394,138,168,93,126,197,197,197,197,197,228,228,228],"floor_reached":33,"playtime":1816,"items_purged":[],"score":483,"play_id":"de812a19-5ad5-4dc6-b5d8-47fee034060f","local_time":"20200526111737","is_ascension_mode":true,"campfire_choices":[{"data":"Eruption","floor":6,"key":"SMITH"},{"floor":13,"key":"REST"},{"floor":15,"key":"REST"},{"floor":27,"key":"REST"},{"data":"Worship","floor":29,"key":"SMITH"},{"data":"Strike_P+1","floor":32,"key":"PURGE"}],"neow_cost":"PERCENT_DAMAGE","seed_source_timestamp":3285183403200,"circlet_count":0,"master_deck":["Defend_P+1","Defend_P+1","Defend_P+1","Eruption+1","Vigilance","CrushJoints","BattleHymn","CutThroughFate","Weave","Blasphemy","Prostrate","JustLucky","CutThroughFate","Establishment","Worship+1","Wireheading+1","WindmillStrike"],"relics":["HolyWater","Peace Pipe","Old Coin","Melange","Omamori","Mercury Hourglass","Bottled Tornado","Oddly Smooth Stone","Boot","Meat on the Bone","WarpedTongs","Bronze Scales"],"potions_floor_usage":[14,23,33],"damage_taken":[{"damage":0,"enemies":"Cultist","floor":1,"turns":3},{"damage":4,"enemies":"2 Louse","floor":3,"turns":2},{"damage":0,"enemies":"Small Slimes","floor":5,"turns":3},{"damage":31,"enemies":"Gremlin Nob","floor":7,"turns":3},{"damage":11,"enemies":"3 Louse","floor":8,"turns":3},{"damage":0,"enemies":"Lots of Slimes","floor":10,"turns":1},{"damage":2,"enemies":"Blue Slaver","floor":12,"turns":4},{"damage":100017,"enemies":"Lagavulin","floor":14,"turns":3},{"damage":0,"enemies":"Slime Boss","floor":16,"turns":4},{"damage":20,"enemies":"Spheric Guardian","floor":18,"turns":3},{"damage":2,"enemies":"Chosen","floor":21,"turns":4},{"damage":32,"enemies":"Slavers","floor":23,"turns":4},{"damage":11,"enemies":"Book of Stabbing","floor":25,"turns":4},{"damage":0,"enemies":"Gremlin Leader","floor":31,"turns":4},{"damage":100048,"enemies":"Collector","floor":33,"turns":7}],"seed_played":"3821155764677727633","potions_obtained":[{"floor":3,"key":"FairyPotion"},{"floor":5,"key":"Energy Potion"},{"floor":7,"key":"GamblersBrew"},{"floor":16,"key":"SteroidPotion"},{"floor":18,"key":"Block Potion"},{"floor":31,"key":"ColorlessPotion"}],"is_trial":false,"path_per_floor":["M","?","M","?","M","R","E","M","T","M","$","M","R","E","R","B",null,"M","?","?","M","$","E","?","E","T","R","?","R","?","E","R","B"],"character_chosen":"WATCHER","items_purchased":["Melange","Omamori","Bottled Tornado"],"campfire_rested":3,"item_purchase_floors":[11,11,22],"current_hp_per_floor":[51,56,52,52,52,52,21,10,10,10,10,8,31,23,46,46,69,49,49,74,72,72,40,40,29,29,52,52,52,52,52,52,0],"gold":228,"neow_bonus":"REMOVE_TWO","is_prod":false,"is_daily":false,"chose_seed":false,"campfire_upgraded":2,"win_rate":0,"timestamp":1590506257,"path_taken":["M","?","M","?","M","R","E","M","T","?","$","M","R","E","R","BOSS","M","?","?","M","$","E","?","E","T","R","?","R","?","E","R","BOSS"],"build_version":"2020-01-27","purchased_purges":0,"victory":false,"max_hp_per_floor":[72,77,77,77,77,77,77,77,77,77,77,77,77,77,77,77,77,77,77,77,77,77,77,77,77,77,77,77,77,77,77,77,77],"card_choices":[{"not_picked":["EmptyBody","Protect"],"picked":"CrushJoints","floor":1},{"not_picked":["ThirdEye","DeceiveReality"],"picked":"BattleHymn","floor":3},{"not_picked":["SashWhip","CrushJoints"],"picked":"Weave","floor":5},{"not_picked":["SashWhip","Vault"],"picked":"Blasphemy","floor":7},{"not_picked":["Fasting2","BattleHymn"],"picked":"Prostrate","floor":8},{"not_picked":["EmptyFist","BattleHymn"],"picked":"JustLucky","floor":10},{"not_picked":["EmptyFist","ClearTheMind"],"picked":"CutThroughFate","floor":12},{"not_picked":["Blasphemy","JustLucky","Evaluate"],"picked":"SKIP","floor":14},{"not_picked":["LessonLearned","Judgement"],"picked":"Establishment","floor":16},{"not_picked":["Sanctity","ClearTheMind+1"],"picked":"Worship","floor":18},{"not_picked":["Conclude","CrushJoints","EmptyFist"],"picked":"SKIP","floor":21},{"not_picked":["Prostrate","FlurryOfBlows"],"picked":"Wireheading+1","floor":23},{"not_picked":["Protect","BowlingBash"],"picked":"WindmillStrike","floor":25},{"not_picked":["FlyingSleeves","ReachHeaven+1","ForeignInfluence"],"picked":"SKIP","floor":31}],"player_experience":1107946,"relics_obtained":[{"floor":7,"key":"Peace Pipe"},{"floor":9,"key":"Old Coin"},{"floor":14,"key":"Mercury Hourglass"},{"floor":23,"key":"Oddly Smooth Stone"},{"floor":25,"key":"Boot"},{"floor":26,"key":"Meat on the Bone"},{"floor":31,"key":"Bronze Scales"}],"event_choices":[{"damage_healed":0,"gold_gain":0,"player_choice":"Donut","damage_taken":0,"max_hp_gain":5,"max_hp_loss":0,"event_name":"Big Fish","floor":2,"gold_loss":0},{"damage_healed":0,"gold_gain":0,"cards_transformed":["Strike_P"],"player_choice":"Transformed","damage_taken":0,"max_hp_gain":0,"max_hp_loss":0,"event_name":"Transmorgrifier","floor":4,"gold_loss":0,"cards_obtained":["CutThroughFate"]},{"damage_healed":0,"gold_gain":0,"player_choice":"Simplicity","damage_taken":0,"max_hp_gain":0,"max_hp_loss":0,"event_name":"Back to Basics","floor":19,"gold_loss":0,"cards_upgraded":["Strike_P","Strike_P","Defend_P","Defend_P","Defend_P"]},{"damage_healed":25,"gold_gain":0,"player_choice":"Heal","damage_taken":0,"max_hp_gain":0,"max_hp_loss":0,"event_name":"The Library","floor":20,"gold_loss":0},{"cards_removed":["Strike_P"],"damage_healed":0,"gold_gain":0,"player_choice":"Gave Gold","damage_taken":0,"max_hp_gain":0,"max_hp_loss":0,"event_name":"Beggar","floor":24,"gold_loss":75},{"damage_healed":0,"gold_gain":0,"player_choice":"Ignored","damage_taken":0,"max_hp_gain":0,"max_hp_loss":0,"event_name":"Ghosts","floor":28,"gold_loss":0},{"damage_healed":0,"gold_gain":0,"player_choice":"Rummage","damage_taken":0,"relics_obtained":["WarpedTongs"],"max_hp_gain":0,"max_hp_loss":0,"event_name":"Accursed Blacksmith","floor":30,"gold_loss":0,"cards_obtained":["Pain"]}],"is_beta":false,"boss_relics":[{"not_picked":["Coffee Dripper","Snecko Eye"],"picked":"HolyWater"}],"items_purged_floors":[],"is_endless":false,"potions_floor_spawned":[3,5,7,12,16,18,31],"killed_by":"Collector","ascension_level":5}