{"gold_per_floor":[118,118,118,118,96,96,129,140,140,140],"floor_reached":10,"playtime":302,"items_purged":[],"score":80,"play_id":"53651ef1-b5ae-4479-9125-f4b543085a54","local_time":"20200526205707","is_ascension_mode":true,"campfire_choices":[{"data":"Eruption","floor":6,"key":"SMITH"}],"neow_cost":"CURSE","seed_source_timestamp":39574974007900,"circlet_count":0,"master_deck":["Strike_P","Strike_P","Strike_P+1","Strike_P","Defend_P+1","Defend_P","Defend_P","Defend_P","Eruption+1","Vigilance","SashWhip","Halt","Sanctity"],"relics":["PureWater","Ornamental Fan","Mummified Hand","Molten Egg 2"],"potions_floor_usage":[10],"damage_taken":[{"damage":10,"enemies":"Jaw Worm","floor":1,"turns":5},{"damage":30,"enemies":"Lagavulin","floor":7,"turns":4},{"damage":4,"enemies":"Small Slimes","floor":8,"turns":3},{"damage":18,"enemies":"3 Sentries","floor":10,"turns":7}],"seed_played":"6364464265019813375","potions_obtained":[{"floor":7,"key":"CultistPotion"}],"is_trial":false,"path_per_floor":["M","?","?","T","?","R","E","M","T","E"],"character_chosen":"WATCHER","items_purchased":[],"campfire_rested":0,"item_purchase_floors":[],"current_hp_per_floor":[76,69,52,52,52,52,22,18,18,0],"gold":140,"neow_bonus":"TWENTY_PERCENT_HP_BONUS","is_prod":false,"is_daily":false,"chose_seed":false,"campfire_upgraded":1,"win_rate":0,"timestamp":1590541027,"path_taken":["M","?","?","?","?","R","E","M","T","E"],"build_version":"2020-01-27","purchased_purges":0,"victory":false,"max_hp_per_floor":[86,86,86,86,86,86,86,86,86,86],"card_choices":[{"not_picked":["CrushJoints","Fasting2"],"picked":"SashWhip","floor":1},{"not_picked":["SashWhip","WheelKick"],"picked":"Halt","floor":7},{"not_picked":["Evaluate","Halt"],"picked":"Sanctity","floor":8}],"player_experience":1109762,"relics_obtained":[{"floor":4,"key":"Ornamental Fan"},{"floor":7,"key":"Mummified Hand"},{"floor":9,"key":"Molten Egg 2"}],"event_choices":[{"cards_removed":["Clumsy"],"damage_healed":0,"gold_gain":0,"player_choice":"Card Removal","damage_taken":7,"max_hp_gain":0,"max_hp_loss":0,"event_name":"Golden Wing","floor":2,"gold_loss":0},{"damage_healed":0,"gold_gain":0,"player_choice":"Entered Light","damage_taken":17,"max_hp_gain":0,"max_hp_loss":0,"event_name":"Shining Light","floor":3,"gold_loss":0,"cards_upgraded":["Strike_P","Defend_P"]},{"damage_healed":0,"gold_gain":0,"player_choice":"Left Gold","damage_taken":0,"max_hp_gain":0,"max_hp_loss":0,"event_name":"World of Goop","floor":5,"gold_loss":22}],"is_beta":false,"boss_relics":[],"items_purged_floors":[],"is_endless":false,"potions_floor_spawned":[7],"killed_by":"3 Sentries","ascension_level":5}