{"gold_per_floor":[117,127,202,219,219,252,252,267,348,348,361,361,395,410,410,510,510,521,535,535,562,562,595,520,520,520,520,97,128,146,172,172,274,274,290,340,340,388,400,427,427,427,427,427,454,473,473,483,483,483],"floor_reached":51,"playtime":6683,"items_purged":[],"score":1092,"play_id":"93ee96ae-0f66-4334-90b5-eff7541f5de3","local_time":"20200603122044","is_ascension_mode":true,"campfire_choices":[{"floor":7.0,"key":"REST"},{"data":"Halt","floor":10.0,"key":"SMITH"},{"data":"Prostrate","floor":12.0,"key":"SMITH"},{"data":"Vigilance","floor":15.0,"key":"SMITH"},{"data":"Conclude","floor":25,"key":"SMITH"},{"data":"SignatureMove","floor":27,"key":"SMITH"},{"data":"Devotion","floor":32,"key":"SMITH"},{"floor":41,"key":"REST"},{"data":"Devotion","floor":44,"key":"SMITH"},{"data":"DeusExMachina","floor":47,"key":"SMITH"},{"data":"Adaptation","floor":49,"key":"SMITH"}],"neow_cost":"NONE","seed_source_timestamp":0,"circlet_count":0,"master_deck":["Defend_P","Eruption+1","Vigilance+1","Halt+1","FollowUp","JustLucky","Prostrate+1","FollowUp","Vengeance","Indignation+1","SandsOfTime+1","WheelKick+1","SignatureMove+1","Protect","Establishment","Conclude+1","Indignation+1","FearNoEvil","Devotion+1","ClearTheMind+1","Adaptation+1","Devotion+1","FollowUp+1","FollowUp+1","DeusExMachina+1"],"special_seed":0,"relics":["PureWater","NeowsBlessing","Torii","Meat on the Bone","Anchor","Astrolabe","Red Mask","The Courier","Gremlin Horn","Lee\u0027s Waffle","Akabeko","Pen Nib","Blood Vial","Blue Candle","Busted Crown","Peace Pipe","HornCleat","Calipers","Damaru","CaptainsWheel","Frozen Egg 2"],"potions_floor_usage":[31,33,38,50],"damage_taken":[{"damage":0.0,"enemies":"Small Slimes","floor":1.0,"turns":1.0},{"damage":0.0,"enemies":"2 Louse","floor":2.0,"turns":1.0},{"damage":0.0,"enemies":"Cultist","floor":4.0,"turns":1.0},{"damage":27.0,"enemies":"3 Sentries","floor":6.0,"turns":10.0},{"damage":8.0,"enemies":"Gremlin Gang","floor":8.0,"turns":4.0},{"damage":7.0,"enemies":"Blue Slaver","floor":11.0,"turns":3.0},{"damage":0.0,"enemies":"Gremlin Nob","floor":13.0,"turns":2.0},{"damage":13.0,"enemies":"3 Louse","floor":14.0,"turns":3.0},{"damage":39.0,"enemies":"The Guardian","floor":16.0,"turns":12.0},{"damage":1.0,"enemies":"Chosen","floor":18.0,"turns":4.0},{"damage":8.0,"enemies":"Shell Parasite","floor":19.0,"turns":4.0},{"damage":0.0,"enemies":"Masked Bandits","floor":21.0,"turns":2.0},{"damage":21.0,"enemies":"Slavers","floor":23.0,"turns":4.0},{"damage":8,"enemies":"Book of Stabbing","floor":29,"turns":3},{"damage":0,"enemies":"Snake Plant","floor":30,"turns":2},{"damage":1,"enemies":"Slavers","floor":31,"turns":3},{"damage":15,"enemies":"Champ","floor":33,"turns":5},{"damage":19,"enemies":"Orb Walker","floor":35,"turns":4},{"damage":12,"enemies":"Mind Bloom Boss Battle","floor":36,"turns":4},{"damage":7,"enemies":"2 Orb Walkers","floor":38,"turns":4},{"damage":0,"enemies":"3 Darklings","floor":39,"turns":2},{"damage":20,"enemies":"Nemesis","floor":40,"turns":5},{"damage":11,"enemies":"Reptomancer","floor":45,"turns":4},{"damage":0,"enemies":"Transient","floor":46,"turns":5},{"damage":0,"enemies":"Maw","floor":48,"turns":3},{"damage":0,"enemies":"Time Eater","floor":50,"turns":3}],"seed_played":"-5381695651092888044","potions_obtained":[{"floor":4.0,"key":"DistilledChaos"},{"floor":8.0,"key":"Dexterity Potion"},{"floor":14.0,"key":"Strength Potion"},{"floor":16.0,"key":"SkillPotion"},{"floor":19.0,"key":"ColorlessPotion"},{"floor":29,"key":"Block Potion"},{"floor":31,"key":"SteroidPotion"},{"floor":33,"key":"SkillPotion"},{"floor":40,"key":"Explosive Potion"}],"is_trial":false,"path_per_floor":["M","M","?","M","?","E","R","M","T","R","M","R","E","M","R","B",null,"M","M","?","?","?","E","?","R","T","R","$","E","M","E","R","B",null,"M","?","T","?","M","E","R","?","T","R","E","M","R","M","R","B",null],"character_chosen":"WATCHER","items_purchased":["Lee\u0027s Waffle","Akabeko","Pen Nib","FearNoEvil"],"campfire_rested":2,"item_purchase_floors":[28,28,28,28],"current_hp_per_floor":[65,65,54,54,54,27,48,40,40,40,45,45,45,44,44,17,58,57,49,49,49,49,40,40,40,40,40,79,71,73,74,74,61,75,58,48,48,43,45,39,62,62,62,62,53,55,55,57,57,59],"gold":483,"neow_bonus":"THREE_ENEMY_KILL","is_prod":false,"is_daily":false,"chose_seed":false,"campfire_upgraded":9,"win_rate":0,"timestamp":1591201244,"path_taken":["M","M","?","M","?","E","R","?","T","R","M","R","E","?","R","BOSS","M","M","?","?","?","E","?","R","T","R","?","E","M","E","R","BOSS","M","?","?","?","?","E","R","?","T","R","E","M","R","M","R","BOSS"],"build_version":"2020-01-27","purchased_purges":0,"victory":true,"max_hp_per_floor":[72,72,72,72,72,72,72,72,72,72,72,72,72,72,72,72,72,72,72,72,72,72,72,72,72,72,72,79,79,79,79,79,79,79,79,79,79,79,79,79,79,79,79,79,79,79,79,79,79,79],"card_choices":[{"not_picked":["EmptyBody","BowlingBash"],"picked":"Halt","floor":1.0},{"not_picked":["ClearTheMind","FlurryOfBlows"],"picked":"FollowUp","floor":2.0},{"not_picked":["Protect","Omniscience"],"picked":"JustLucky","floor":4.0},{"not_picked":["EmptyFist","Sanctity"],"picked":"FollowUp","floor":6.0},{"not_picked":["MentalFortress","Wireheading"],"picked":"Prostrate","floor":8.0},{"not_picked":["BowlingBash","CarveReality"],"picked":"FollowUp","floor":11.0},{"not_picked":["ThirdEye","DevaForm"],"picked":"Vengeance","floor":13.0},{"not_picked":["CrushJoints","SandsOfTime","Weave"],"picked":"SKIP","floor":14.0},{"not_picked":["Weave","Crescendo"],"picked":"SignatureMove","floor":18.0},{"not_picked":["EmptyFist","TalkToTheHand","CrushJoints"],"picked":"SKIP","floor":19.0},{"not_picked":["CutThroughFate","EmptyBody+1"],"picked":"Conclude","floor":21.0},{"not_picked":["Nirvana+1","WreathOfFlame"],"picked":"Indignation+1","floor":23},{"not_picked":["ThirdEye+1","FlyingSleeves"],"picked":"Devotion","floor":29},{"not_picked":["CutThroughFate+1","Evaluate"],"picked":"ClearTheMind+1","floor":30},{"not_picked":["Crescendo","PathToVictory"],"picked":"Adaptation","floor":31},{"not_picked":["Omniscience","SpiritShield"],"picked":"Devotion","floor":33},{"not_picked":[],"picked":"FollowUp+1","floor":35},{"not_picked":[],"picked":"FollowUp+1","floor":36},{"not_picked":["ThirdEye+1"],"picked":"SKIP","floor":39},{"not_picked":["FlurryOfBlows"],"picked":"SKIP","floor":40},{"not_picked":["Weave+1"],"picked":"SKIP","floor":45},{"not_picked":[],"picked":"DeusExMachina","floor":46},{"not_picked":["Consecrate+1"],"picked":"SKIP","floor":48}],"player_experience":1112395,"relics_obtained":[{"floor":6.0,"key":"Torii"},{"floor":9.0,"key":"Meat on the Bone"},{"floor":13.0,"key":"Anchor"},{"floor":21.0,"key":"Red Mask"},{"floor":23,"key":"The Courier"},{"floor":26,"key":"Gremlin Horn"},{"floor":29,"key":"Blood Vial"},{"floor":31,"key":"Blue Candle"},{"floor":36,"key":"Peace Pipe"},{"floor":37,"key":"HornCleat"},{"floor":38,"key":"Calipers"},{"floor":40,"key":"Damaru"},{"floor":43,"key":"CaptainsWheel"},{"floor":45,"key":"Frozen Egg 2"}],"event_choices":[{"damage_healed":0.0,"max_hp_gain":0.0,"max_hp_loss":0.0,"gold_gain":75.0,"event_name":"World of Goop","player_choice":"Gather Gold","floor":3.0,"gold_loss":0.0,"damage_taken":11.0},{"damage_healed":0.0,"max_hp_gain":0.0,"max_hp_loss":0.0,"gold_gain":0.0,"event_name":"Upgrade Shrine","player_choice":"Upgraded","floor":5.0,"gold_loss":0.0,"damage_taken":0.0,"cards_upgraded":["Eruption"]},{"damage_healed":0.0,"max_hp_gain":0.0,"max_hp_loss":0.0,"gold_gain":0.0,"cards_transformed":["Strike_P","Strike_P"],"event_name":"Drug Dealer","player_choice":"Became Test Subject","floor":20.0,"gold_loss":0.0,"damage_taken":0.0,"cards_obtained":["Protect","Establishment"]},{"damage_healed":0.0,"max_hp_gain":0.0,"max_hp_loss":0.0,"gold_gain":0.0,"event_name":"Masked Bandits","player_choice":"Fought Bandits","floor":21.0,"gold_loss":0.0,"damage_taken":0.0},{"cards_removed":["Defend_P"],"damage_healed":0.0,"max_hp_gain":0.0,"max_hp_loss":0.0,"gold_gain":0.0,"event_name":"Back to Basics","player_choice":"Elegance","floor":22.0,"gold_loss":0.0,"damage_taken":0.0},{"cards_removed":["Defend_P"],"damage_healed":0,"gold_gain":0,"player_choice":"Gave Gold","damage_taken":0,"max_hp_gain":0,"max_hp_loss":0,"event_name":"Beggar","floor":24,"gold_loss":75},{"damage_healed":0,"gold_gain":0,"player_choice":"Fight","damage_taken":0,"max_hp_gain":0,"max_hp_loss":0,"event_name":"MindBloom","floor":36,"gold_loss":0},{"damage_healed":0,"gold_gain":0,"player_choice":"Fight","damage_taken":0,"max_hp_gain":0,"max_hp_loss":0,"event_name":"Mysterious Sphere","floor":38,"gold_loss":0},{"cards_removed":["FollowUp"],"damage_healed":0,"gold_gain":0,"player_choice":"Removed Attack","damage_taken":0,"max_hp_gain":0,"max_hp_loss":0,"event_name":"Falling","floor":42,"gold_loss":0}],"is_beta":false,"boss_relics":[{"not_picked":["Empty Cage","HolyWater"],"picked":"Astrolabe"},{"not_picked":["Snecko Eye","Pandora\u0027s Box"],"picked":"Busted Crown"}],"items_purged_floors":[],"is_endless":false,"potions_floor_spawned":[4,8,14,16,19,23,29,31,33,35,40,45,46],"ascension_level":6}