{"gold_per_floor":[117,117,137,137,157,157,198,198,221,254,254,269,287,237,237,362,362,385,385,409,74,95,95,18,52,101,101,122,158,158],"floor_reached":30,"playtime":875,"items_purged":["Brilliance"],"score":348,"play_id":"1ded2eec-88a0-4ca0-9ce0-eecbda9a3f2b","local_time":"20200621230453","is_ascension_mode":true,"campfire_choices":[{"data":"Eruption","floor":6,"key":"SMITH"},{"data":"Halt","floor":8,"key":"SMITH"},{"floor":11,"key":"REST"},{"floor":15,"key":"REST"},{"floor":23,"key":"REST"},{"floor":27,"key":"REST"}],"neow_cost":"TEN_PERCENT_HP_LOSS","seed_source_timestamp":176921935482000,"circlet_count":0,"master_deck":["Strike_P","Defend_P","Defend_P","Defend_P","Eruption+1","Vigilance","Halt+1","Tantrum+1","FearNoEvil","SashWhip","BattleHymn","BowlingBash","LessonLearned","ReachHeaven+1","FollowUp+1","Adaptation+1","MasterReality","Halt+1","Establishment"],"relics":["PureWater","Golden Idol","Bag of Marbles","Smiling Mask","Oddly Smooth Stone","VioletLotus","Ginger","Matryoshka","Question Card","PreservedInsect","Red Mask"],"potions_floor_usage":[25,25,25],"damage_taken":[{"damage":20,"enemies":"Small Slimes","floor":1,"turns":4},{"damage":0,"enemies":"2 Louse","floor":3,"turns":1},{"damage":0,"enemies":"Cultist","floor":5,"turns":2},{"damage":15,"enemies":"3 Sentries","floor":7,"turns":5},{"damage":22,"enemies":"Lagavulin","floor":10,"turns":4},{"damage":0,"enemies":"Looter","floor":12,"turns":2},{"damage":0,"enemies":"Large Slime","floor":13,"turns":3},{"damage":12,"enemies":"The Guardian","floor":16,"turns":5},{"damage":16,"enemies":"Shell Parasite","floor":18,"turns":4},{"damage":6,"enemies":"3 Byrds","floor":20,"turns":3},{"damage":10,"enemies":"Sentry and Sphere","floor":22,"turns":3},{"damage":29,"enemies":"Slavers","floor":25,"turns":5},{"damage":22,"enemies":"Shelled Parasite and Fungi","floor":28,"turns":3},{"damage":0,"enemies":"Masked Bandits","floor":29,"turns":3},{"damage":15,"enemies":"3 Cultists","floor":30,"turns":2}],"seed_played":"-2065246998563038457","potions_obtained":[{"floor":5,"key":"BlessingOfTheForge"},{"floor":12,"key":"BlessingOfTheForge"},{"floor":13,"key":"SkillPotion"},{"floor":29,"key":"Dexterity Potion"}],"is_trial":false,"path_per_floor":["M","?","M","?","M","R","E","R","T","E","R","M","M","?","R","B",null,"M","?","M","$","M","R","$","E","T","R","M","?","M"],"character_chosen":"WATCHER","items_purchased":["Ginger","MasterReality"],"campfire_rested":4,"item_purchase_floors":[21,24],"current_hp_per_floor":[45,45,45,45,45,45,30,30,30,8,27,27,27,27,46,34,57,41,41,35,35,25,44,44,15,15,34,12,12,0],"gold":158,"neow_bonus":"REMOVE_TWO","is_prod":false,"is_daily":false,"chose_seed":false,"campfire_upgraded":2,"win_rate":0,"timestamp":1592795093,"path_taken":["M","?","M","?","M","R","E","R","T","E","R","?","M","?","R","BOSS","M","?","?","$","M","R","?","E","T","R","M","?","M"],"build_version":"2020-01-27","purchased_purges":1,"victory":false,"max_hp_per_floor":[65,65,65,65,65,65,65,65,65,65,65,65,65,65,65,65,65,65,65,65,65,65,65,65,65,65,65,65,65,65],"card_choices":[{"not_picked":["FlyingSleeves","Swivel"],"picked":"Halt","floor":1},{"not_picked":["ClearTheMind","BattleHymn"],"picked":"Tantrum","floor":3},{"not_picked":["TalkToTheHand","CrushJoints"],"picked":"SashWhip","floor":5},{"not_picked":["EmptyBody","Omniscience","SashWhip"],"picked":"SKIP","floor":7},{"not_picked":["JustLucky","SashWhip"],"picked":"BattleHymn","floor":10},{"not_picked":["JustLucky","Weave","Protect"],"picked":"SKIP","floor":12},{"not_picked":["CrushJoints","LikeWater"],"picked":"BowlingBash","floor":13},{"not_picked":["Scrawl","Ragnarok"],"picked":"LessonLearned","floor":16},{"not_picked":["SashWhip+1","FlyingSleeves+1"],"picked":"ReachHeaven+1","floor":18},{"not_picked":["FlurryOfBlows+1","ClearTheMind"],"picked":"FollowUp+1","floor":20},{"not_picked":["EmptyBody","Crescendo"],"picked":"Adaptation","floor":22},{"not_picked":["Protect","BattleHymn"],"picked":"Halt+1","floor":25},{"not_picked":["FollowUp+1","Pray","Protect","Prostrate"],"picked":"SKIP","floor":28},{"not_picked":["Worship+1","Protect","Halt+1"],"picked":"Establishment","floor":29}],"player_experience":1119078,"relics_obtained":[{"floor":7,"key":"Bag of Marbles"},{"floor":9,"key":"Smiling Mask"},{"floor":10,"key":"Oddly Smooth Stone"},{"floor":25,"key":"Matryoshka"},{"floor":26,"key":"Question Card"},{"floor":26,"key":"PreservedInsect"},{"floor":29,"key":"Red Mask"}],"event_choices":[{"damage_healed":0,"gold_gain":0,"player_choice":"Take Wound","damage_taken":0,"relics_obtained":["Golden Idol"],"max_hp_gain":0,"max_hp_loss":0,"event_name":"Golden Idol","floor":2,"gold_loss":0,"cards_obtained":["Injury"]},{"damage_healed":0,"gold_gain":0,"cards_transformed":["Strike_P"],"player_choice":"Transformed","damage_taken":0,"max_hp_gain":0,"max_hp_loss":0,"event_name":"Transmorgrifier","floor":4,"gold_loss":0,"cards_obtained":["FearNoEvil"]},{"cards_removed":["Injury"],"damage_healed":0,"gold_gain":0,"player_choice":"Card Removal","damage_taken":0,"max_hp_gain":0,"max_hp_loss":0,"event_name":"The Cleric","floor":14,"gold_loss":50},{"damage_healed":0,"gold_gain":0,"cards_transformed":["Strike_P"],"player_choice":"Transformed","damage_taken":0,"max_hp_gain":0,"max_hp_loss":0,"event_name":"Transmorgrifier","floor":19,"gold_loss":0,"cards_obtained":["Brilliance"]},{"damage_healed":0,"gold_gain":0,"player_choice":"Fought Bandits","damage_taken":0,"max_hp_gain":0,"max_hp_loss":0,"event_name":"Masked Bandits","floor":29,"gold_loss":0}],"is_beta":false,"boss_relics":[{"not_picked":["Cursed Key","Ectoplasm"],"picked":"VioletLotus"}],"items_purged_floors":[21],"is_endless":false,"potions_floor_spawned":[5,12,13,16,20,29],"killed_by":"3 Cultists","ascension_level":7}