{"gold_per_floor":[117,137,212,228,228,228,72,107,161,161],"floor_reached":10,"playtime":299,"items_purged":[],"score":89,"play_id":"d6c8e32b-6f16-4b70-a4c9-634fded71d89","local_time":"20200811235627","is_ascension_mode":true,"campfire_choices":[{"data":"Eruption","floor":6,"key":"SMITH"}],"neow_cost":"NONE","seed_source_timestamp":50070582478300,"circlet_count":0,"master_deck":["Strike_P","Strike_P","Strike_P","Strike_P","Defend_P","Defend_P","Defend_P","Defend_P","Eruption+1","Vigilance","Prostrate","FollowUp","Injury","Prostrate"],"relics":["PureWater","NeowsBlessing","Golden Idol","Damaru","Akabeko","Toy Ornithopter"],"potions_floor_usage":[8,10],"damage_taken":[{"damage":0,"enemies":"Cultist","floor":1,"turns":1},{"damage":0,"enemies":"Jaw Worm","floor":2,"turns":1},{"damage":0,"enemies":"Small Slimes","floor":4,"turns":1},{"damage":30,"enemies":"Lagavulin","floor":8,"turns":4},{"damage":36,"enemies":"Gremlin Nob","floor":10,"turns":4}],"seed_played":"-2330803671680893001","potions_obtained":[{"floor":1,"key":"BlessingOfTheForge"},{"floor":2,"key":"ColorlessPotion"},{"floor":4,"key":"Regen Potion"}],"is_trial":false,"path_per_floor":["M","M","?","M","?","R","$","E","T","E"],"character_chosen":"WATCHER","items_purchased":["Damaru"],"campfire_rested":0,"item_purchase_floors":[7],"current_hp_per_floor":[65,65,54,54,54,54,54,24,24,0],"gold":161,"neow_bonus":"THREE_ENEMY_KILL","is_prod":false,"is_daily":false,"chose_seed":false,"campfire_upgraded":1,"win_rate":0,"timestamp":1597204587,"path_taken":["M","?","?","M","?","R","?","E","T","E"],"build_version":"2020-07-30","purchased_purges":0,"victory":false,"max_hp_per_floor":[72,72,72,72,72,72,72,72,72,72],"card_choices":[{"not_picked":["TalkToTheHand","InnerPeace"],"picked":"Prostrate","floor":1},{"not_picked":["FlyingSleeves","EmptyBody"],"picked":"FollowUp","floor":2},{"not_picked":["CutThroughFate","Evaluate","Protect"],"picked":"SKIP","floor":4},{"not_picked":["FlurryOfBlows","JustLucky"],"picked":"Prostrate","floor":8}],"player_experience":1121809,"relics_obtained":[{"floor":8,"key":"Akabeko"},{"floor":9,"key":"Toy Ornithopter"}],"event_choices":[{"damage_healed":0,"gold_gain":75,"player_choice":"Gather Gold","damage_taken":11,"max_hp_gain":0,"max_hp_loss":0,"event_name":"World of Goop","floor":3,"gold_loss":0},{"damage_healed":0,"gold_gain":0,"player_choice":"Take Wound","damage_taken":0,"relics_obtained":["Golden Idol"],"max_hp_gain":0,"max_hp_loss":0,"event_name":"Golden Idol","floor":5,"gold_loss":0,"cards_obtained":["Injury"]}],"is_beta":false,"boss_relics":[],"items_purged_floors":[],"is_endless":false,"potions_floor_spawned":[1,2,4],"killed_by":"Gremlin Nob","ascension_level":7}