{"gold_per_floor":[111,111,111,111,186,211,211,223,292,38,58,87,87,100,100,203,203,221,221,64,64,76,102,102,134,188,205,205,48,147,161,161,266,266,280,280,35,53,53,82,82,116,116,141,157,157],"floor_reached":46,"playtime":2096,"items_purged":[],"score":948,"play_id":"bc10e7db-67b0-4087-b53a-94b6c063efd3","local_time":"20200828124909","is_ascension_mode":true,"campfire_choices":[{"data":"Eruption","floor":7.0,"key":"SMITH"},{"data":"LikeWater","floor":15.0,"key":"SMITH"},{"floor":24,"key":"REST"},{"floor":28,"key":"REST"},{"floor":32,"key":"REST"},{"floor":41,"key":"REST"}],"neow_cost":"NONE","seed_source_timestamp":0,"circlet_count":0,"master_deck":["Strike_P","Strike_P","Defend_P","Defend_P","Defend_P","Eruption+1","Vigilance","Consecrate","LikeWater+1","CrushJoints+1","Indignation+1","FollowUp+1","Halt+1","Scrawl+1","Omniscience+1","SashWhip+1","CarveReality+1","MentalFortress","Decay","Crescendo+1","InnerPeace+1","ClearTheMind+1","Halt+1","FlurryOfBlows+1","DeusExMachina+1","Madness+1","Madness+1","FlurryOfBlows+1","Wish+1"],"special_seed":0,"relics":["PureWater","NeowsBlessing","Ornamental Fan","Art of War","Pen Nib","Blue Candle","Toxic Egg 2","Mercury Hourglass","Yang","Astrolabe","Question Card","PreservedInsect","TeardropLocket","Akabeko","ClockworkSouvenir","SlaversCollar","Pantograph","Bottled Flame","Whetstone","Happy Flower","Mummified Hand","Sundial"],"potions_floor_usage":[23,46],"damage_taken":[{"damage":0.0,"enemies":"Small Slimes","floor":1.0,"turns":1.0},{"damage":0.0,"enemies":"3 Sentries","floor":6.0,"turns":1.0},{"damage":0.0,"enemies":"2 Louse","floor":8.0,"turns":1.0},{"damage":0.0,"enemies":"Cultist","floor":11.0,"turns":3.0},{"damage":3.0,"enemies":"Lagavulin","floor":12.0,"turns":5.0},{"damage":8.0,"enemies":"Red Slaver","floor":14.0,"turns":2.0},{"damage":0.0,"enemies":"Slime Boss","floor":16.0,"turns":4.0},{"damage":0,"enemies":"Spheric Guardian","floor":18,"turns":2},{"damage":33,"enemies":"2 Thieves","floor":22,"turns":2},{"damage":27,"enemies":"Slavers","floor":23,"turns":3},{"damage":1,"enemies":"Gremlin Leader","floor":25,"turns":4},{"damage":0,"enemies":"Cultist and Chosen","floor":27,"turns":2},{"damage":0,"enemies":"3 Cultists","floor":31,"turns":3},{"damage":4,"enemies":"Champ","floor":33,"turns":9},{"damage":7,"enemies":"3 Shapes","floor":35,"turns":3},{"damage":16,"enemies":"3 Darklings","floor":38,"turns":3},{"damage":0,"enemies":"Reptomancer","floor":40,"turns":3},{"damage":0,"enemies":"Giant Head","floor":42,"turns":4},{"damage":55,"enemies":"Nemesis","floor":44,"turns":5},{"damage":11,"enemies":"Jaw Worm Horde","floor":45,"turns":5},{"damage":36,"enemies":"Reptomancer","floor":46,"turns":2}],"seed_played":"3522626262501541942","potions_obtained":[{"floor":11.0,"key":"AttackPotion"},{"floor":12.0,"key":"EssenceOfSteel"},{"floor":14.0,"key":"SteroidPotion"},{"floor":25,"key":"Ancient Potion"},{"floor":31,"key":"FairyPotion"}],"is_trial":false,"path_per_floor":["M","?","?","?","?","E","R","M","T","$","M","E","T","M","R","B",null,"M","?","$","?","M","E","R","E","T","M","R","$","?","M","R","B",null,"M","?","$","M","T","E","R","E","T","E","M","E"],"character_chosen":"WATCHER","items_purchased":["Toxic Egg 2","PreservedInsect","ClockworkSouvenir","Pantograph"],"campfire_rested":4,"item_purchase_floors":[10,20,29,37],"current_hp_per_floor":[65,65,62,62,51,51,51,51,51,51,51,48,48,40,40,40,64,64,64,64,64,31,4,25,24,24,24,45,45,45,45,66,62,70,63,54,54,38,38,38,59,59,59,4,21,0],"gold":157,"neow_bonus":"THREE_ENEMY_KILL","is_prod":false,"is_daily":false,"chose_seed":false,"campfire_upgraded":2,"win_rate":0,"timestamp":1598633349,"path_taken":["M","?","?","?","?","E","R","M","T","$","M","E","?","?","R","BOSS","M","?","$","?","M","E","R","E","T","?","R","$","?","M","R","BOSS","M","?","$","M","?","E","R","E","T","E","M","E"],"build_version":"2020-07-30","purchased_purges":0,"victory":false,"max_hp_per_floor":[72,72,72,72,72,72,72,72,72,72,72,72,72,72,72,72,72,72,72,72,72,72,72,72,72,72,72,72,72,72,72,72,72,72,72,72,72,72,72,72,72,72,72,72,72,72],"card_choices":[{"not_picked":["EmptyBody","Meditate"],"picked":"Consecrate","floor":1.0},{"not_picked":["FlyingSleeves","Meditate"],"picked":"LikeWater","floor":6.0},{"not_picked":["EmptyFist","Worship"],"picked":"CrushJoints","floor":8.0},{"not_picked":["Perseverance+1","Conclude"],"picked":"Indignation+1","floor":11.0},{"not_picked":["EmptyFist","ForeignInfluence+1"],"picked":"FollowUp","floor":12.0},{"not_picked":["PathToVictory+1","JustLucky"],"picked":"Halt+1","floor":14.0},{"not_picked":["Alpha+1","SpiritShield+1"],"picked":"Scrawl+1","floor":16.0},{"not_picked":["Evaluate+1","ClearTheMind+1"],"picked":"MentalFortress","floor":18},{"not_picked":["Pray+1","DeceiveReality+1","Evaluate+1"],"picked":"Crescendo+1","floor":22},{"not_picked":["FlyingSleeves","WaveOfTheHand+1","FollowUp"],"picked":"InnerPeace+1","floor":23},{"not_picked":["Swivel+1","ConjureBlade+1","SashWhip"],"picked":"ClearTheMind+1","floor":25},{"not_picked":["Swivel+1","SashWhip","CrushJoints+1"],"picked":"Halt+1","floor":27},{"not_picked":["Perseverance+1","SashWhip+1","Adaptation"],"picked":"FlurryOfBlows+1","floor":31},{"not_picked":["Establishment","SpiritShield+1","Brilliance"],"picked":"DeusExMachina+1","floor":33},{"not_picked":["WindmillStrike","Consecrate+1","CutThroughFate","EmptyFist+1"],"picked":"SKIP","floor":35},{"not_picked":["PathToVictory+1","LikeWater","Worship+1"],"picked":"FlurryOfBlows+1","floor":38},{"not_picked":["Consecrate","Crescendo+1","ThirdEye+1","EmptyFist"],"picked":"SKIP","floor":40},{"not_picked":["EmptyFist","BowlingBash","Sanctity+1","Protect+1"],"picked":"SKIP","floor":42},{"not_picked":["DeusExMachina+1","BattleHymn","SpiritShield+1"],"picked":"Wish+1","floor":44},{"not_picked":["JustLucky+1","CutThroughFate","Consecrate","Pray+1"],"picked":"SKIP","floor":45}],"player_experience":1122108,"relics_obtained":[{"floor":6.0,"key":"Pen Nib"},{"floor":9.0,"key":"Blue Candle"},{"floor":12.0,"key":"Mercury Hourglass"},{"floor":13.0,"key":"Yang"},{"floor":23,"key":"TeardropLocket"},{"floor":25,"key":"Akabeko"},{"floor":39,"key":"Bottled Flame"},{"floor":40,"key":"Whetstone"},{"floor":42,"key":"Happy Flower"},{"floor":43,"key":"Mummified Hand"},{"floor":44,"key":"Sundial"}],"event_choices":[{"damage_healed":0.0,"max_hp_gain":0.0,"max_hp_loss":0.0,"gold_gain":0.0,"event_name":"Big Fish","player_choice":"Box","floor":2.0,"gold_loss":0.0,"damage_taken":0.0,"relics_obtained":["Ornamental Fan"],"cards_obtained":["Regret"]},{"damage_healed":0.0,"max_hp_gain":0.0,"max_hp_loss":0.0,"gold_gain":0.0,"event_name":"Scrap Ooze","player_choice":"Success","floor":3.0,"gold_loss":0.0,"damage_taken":3.0,"relics_obtained":["Art of War"]},{"cards_removed":["Regret"],"damage_healed":0.0,"max_hp_gain":0.0,"max_hp_loss":0.0,"gold_gain":0.0,"event_name":"Living Wall","player_choice":"Forget","floor":4.0,"gold_loss":0.0,"damage_taken":0.0},{"damage_healed":0.0,"max_hp_gain":0.0,"max_hp_loss":0.0,"gold_gain":75.0,"event_name":"World of Goop","player_choice":"Gather Gold","floor":5.0,"gold_loss":0.0,"damage_taken":11.0},{"damage_healed":0,"gold_gain":0,"player_choice":"Opened","damage_taken":0,"relics_obtained":["Question Card"],"max_hp_gain":0,"max_hp_loss":0,"event_name":"The Mausoleum","floor":19,"gold_loss":0},{"damage_healed":0,"gold_gain":0,"player_choice":"Cursed","damage_taken":0,"max_hp_gain":0,"max_hp_loss":0,"event_name":"Wheel of Change","floor":21,"gold_loss":0,"cards_obtained":["Decay"]},{"damage_healed":0,"gold_gain":99,"player_choice":"Stole From Cult","damage_taken":0,"max_hp_gain":0,"max_hp_loss":0,"event_name":"Nest","floor":30,"gold_loss":0},{"damage_healed":0,"gold_gain":0,"player_choice":"Embrace Madness","damage_taken":9,"max_hp_gain":0,"max_hp_loss":0,"event_name":"Winding Halls","floor":36,"gold_loss":0,"cards_obtained":["Madness","Madness"]}],"is_beta":false,"boss_relics":[{"not_picked":["Philosopher\u0027s Stone","Runic Dome"],"picked":"Astrolabe"},{"not_picked":["Sozu","Snecko Eye"],"picked":"SlaversCollar"}],"items_purged_floors":[],"is_endless":false,"potions_floor_spawned":[11,12,14,18,25,31,40,44],"killed_by":"Reptomancer","ascension_level":7}