{"gold_per_floor":[18,18,34,49,63,88,88,88,163,88,116,132,132,32,32,137,137,156,31,31,31,31,31,31,31,113,39,59,59,59],"floor_reached":30,"playtime":1203,"items_purged":["Strike_P","Strike_P","MasterReality"],"score":316,"play_id":"0a9620e0-57f6-41de-a8e6-821b0288e607","local_time":"20200910173151","is_ascension_mode":true,"campfire_choices":[{"floor":7,"key":"REST"},{"floor":13,"key":"REST"},{"floor":15,"key":"DIG"},{"floor":23,"key":"REST"},{"floor":25,"key":"DIG"},{"floor":29,"key":"DIG"}],"neow_cost":"NO_GOLD","seed_source_timestamp":547180868607700,"circlet_count":0,"master_deck":["Defend_P","Defend_P","Eruption","Vigilance","Worship","FlurryOfBlows","FlurryOfBlows","Wallop","SashWhip","Devotion","Omniscience+1","Establishment+1","Vault+1","BowlingBash+1","Vengeance","FollowUp+1"],"relics":["PureWater","Shovel","Sundial","Bronze Scales","Gremlin Horn","Astrolabe","Bottled Flame","Blue Candle","Pantograph","Eternal Feather"],"potions_floor_usage":[11,16,18],"damage_taken":[{"damage":13,"enemies":"Small Slimes","floor":1,"turns":5},{"damage":0,"enemies":"Cultist","floor":3,"turns":5},{"damage":0,"enemies":"2 Louse","floor":4,"turns":2},{"damage":14,"enemies":"Exordium Thugs","floor":5,"turns":4},{"damage":57,"enemies":"3 Sentries","floor":6,"turns":10},{"damage":13,"enemies":"Lagavulin","floor":11,"turns":6},{"damage":6,"enemies":"Lots of Slimes","floor":12,"turns":3},{"damage":20,"enemies":"Slime Boss","floor":16,"turns":9},{"damage":41,"enemies":"2 Thieves","floor":18,"turns":5},{"damage":7,"enemies":"Chosen","floor":28,"turns":5},{"damage":28,"enemies":"Centurion and Healer","floor":30,"turns":2}],"seed_played":"-558330588681569700","potions_obtained":[{"floor":1,"key":"Energy Potion"},{"floor":3,"key":"Strength Potion"},{"floor":16,"key":"DuplicationPotion"},{"floor":18,"key":"Explosive Potion"}],"is_trial":false,"path_per_floor":["M","?","M","M","M","E","R","?","T","$","E","M","R","$","R","B",null,"M","$","?","$","$","R","T","R","T","$","M","R","M"],"character_chosen":"WATCHER","items_purchased":["Vengeance"],"campfire_rested":3,"item_purchase_floors":[27],"current_hp_per_floor":[52,72,72,72,58,1,22,22,22,22,9,3,24,24,24,4,55,14,14,5,5,5,26,26,26,26,26,19,19,0],"gold":59,"neow_bonus":"REMOVE_TWO","is_prod":false,"is_daily":false,"chose_seed":false,"campfire_upgraded":0,"win_rate":0,"timestamp":1599773511,"path_taken":["M","?","?","M","M","E","R","?","T","?","E","M","R","$","R","BOSS","M","?","?","?","$","R","?","R","T","?","M","R","?"],"build_version":"2020-07-30","purchased_purges":3,"victory":false,"max_hp_per_floor":[72,72,72,72,72,72,72,72,72,72,72,72,72,72,72,72,72,72,72,72,72,72,72,72,72,72,72,72,72,72],"card_choices":[{"not_picked":["Collect","ThirdEye"],"picked":"Worship","floor":1},{"not_picked":["Vengeance","JustLucky"],"picked":"FlurryOfBlows","floor":3},{"not_picked":["Nirvana","FlyingSleeves"],"picked":"FlurryOfBlows","floor":4},{"not_picked":["Consecrate","FlyingSleeves"],"picked":"Wallop","floor":5},{"not_picked":["Nirvana","Weave","FlyingSleeves"],"picked":"SKIP","floor":6},{"not_picked":["EmptyFist","Judgement","SashWhip"],"picked":"SKIP","floor":11},{"not_picked":["JustLucky","Nirvana"],"picked":"Halt","floor":12},{"not_picked":["Wish","Judgement"],"picked":"MasterReality","floor":16},{"not_picked":["Prostrate","Halt"],"picked":"BowlingBash+1","floor":18},{"not_picked":["JustLucky+1","EmptyBody"],"picked":"FollowUp+1","floor":28}],"player_experience":1142238,"relics_obtained":[{"floor":6,"key":"Shovel"},{"floor":9,"key":"Sundial"},{"floor":11,"key":"Bronze Scales"},{"floor":15,"key":"Gremlin Horn"},{"floor":24,"key":"Bottled Flame"},{"floor":25,"key":"Blue Candle"},{"floor":26,"key":"Pantograph"},{"floor":29,"key":"Eternal Feather"}],"event_choices":[{"damage_healed":20,"gold_gain":0,"player_choice":"Full Heal","damage_taken":0,"max_hp_gain":0,"max_hp_loss":0,"event_name":"Wheel of Change","floor":2,"gold_loss":0},{"damage_healed":0,"gold_gain":0,"player_choice":"2 cards matched","damage_taken":0,"max_hp_gain":0,"max_hp_loss":0,"event_name":"Match and Keep!","floor":8,"gold_loss":0,"cards_obtained":["SashWhip","Devotion"]},{"damage_healed":0,"gold_gain":0,"player_choice":"Stopped","damage_taken":9,"max_hp_gain":0,"max_hp_loss":0,"event_name":"Cursed Tome","floor":20,"gold_loss":0}],"is_beta":false,"boss_relics":[{"not_picked":["Runic Dome","Sozu"],"picked":"Astrolabe"}],"items_purged_floors":[10,14,19],"is_endless":false,"potions_floor_spawned":[1,3,16,18],"killed_by":"Centurion and Healer","ascension_level":7}