{"gold_per_floor":[115,65,25,25,41,74,6,41,41,69,69,69,101,111,111,212,212,257,269,279,305,305,305,160,186,186,186],"floor_reached":27,"playtime":1726,"items_purged":[],"score":414,"play_id":"d1428d45-adb4-40df-9f58-dc5f8b23d41d","local_time":"20200908111949","is_ascension_mode":true,"campfire_choices":[{"floor":11,"key":"REST"},{"floor":12,"key":"REST"},{"floor":15,"key":"REST"},{"data":"1","floor":23,"key":"LIFT"}],"neow_cost":"TEN_PERCENT_HP_LOSS","seed_source_timestamp":351525532669100,"circlet_count":0,"master_deck":["Strike_P+1","Strike_P+1","Strike_P+1","Defend_P+1","Defend_P+1","Defend_P+1","Defend_P+1","Eruption","Vigilance","Apotheosis","Prostrate","TalkToTheHand","BowlingBash","Prostrate","Worship","Alpha","Prostrate","FollowUp","EmptyMind","Wish","CurseOfTheBell","TalkToTheHand","FollowUp","Vengeance"],"relics":["PureWater","WingedGreaves","Ice Cream","Pen Nib","Centennial Puzzle","White Beast Statue","Calling Bell","Strawberry","Yang","Girya","Orichalcum","Toolbox","StrikeDummy","Ginger"],"potions_floor_usage":[6,16,25,25,25,27],"damage_taken":[{"damage":0,"enemies":"Small Slimes","floor":1,"turns":2},{"damage":0,"enemies":"Cultist","floor":5,"turns":5},{"damage":40,"enemies":"Gremlin Nob","floor":6,"turns":6},{"damage":14,"enemies":"3 Sentries","floor":8,"turns":6},{"damage":8,"enemies":"Gremlin Nob","floor":10,"turns":4},{"damage":4,"enemies":"3 Sentries","floor":13,"turns":3},{"damage":0,"enemies":"2 Louse","floor":14,"turns":3},{"damage":0,"enemies":"Slime Boss","floor":16,"turns":5},{"damage":0,"enemies":"3 Byrds","floor":18,"turns":5},{"damage":6,"enemies":"2 Thieves","floor":19,"turns":4},{"damage":19,"enemies":"Snake Plant","floor":20,"turns":7},{"damage":43,"enemies":"Gremlin Leader","floor":25,"turns":6},{"damage":7,"enemies":"Slavers","floor":27,"turns":1}],"seed_played":"-6008129902129356132","potions_obtained":[{"floor":1,"key":"Block Potion"},{"floor":5,"key":"EssenceOfSteel"},{"floor":13,"key":"ColorlessPotion"},{"floor":14,"key":"DuplicationPotion"},{"floor":16,"key":"Fire Potion"},{"floor":18,"key":"EssenceOfSteel"},{"floor":25,"key":"AttackPotion"}],"is_trial":false,"path_per_floor":["M","?","$","?","M","E","$","E","T","E","R","R","E","M","R","B",null,"M","M","M","T","?","R","$","E","T","E"],"character_chosen":"WATCHER","items_purchased":["TalkToTheHand","Worship","Toolbox"],"campfire_rested":3,"item_purchase_floors":[3,7,24],"current_hp_per_floor":[65,65,65,65,65,25,25,11,11,3,22,41,37,37,56,56,70,70,64,45,45,45,45,45,2,2,0],"gold":186,"neow_bonus":"RANDOM_COLORLESS_2","is_prod":false,"is_daily":false,"chose_seed":false,"campfire_upgraded":0,"win_rate":0,"timestamp":1599578389,"path_taken":["M","?","$","?","?","E","?","E","T","E","R","R","E","M","R","BOSS","M","?","M","?","?","R","?","E","T","E"],"build_version":"2020-07-30","purchased_purges":0,"victory":false,"max_hp_per_floor":[65,65,65,65,65,65,65,65,65,65,65,65,65,65,65,65,72,72,72,72,72,72,72,72,72,72,72],"card_choices":[{"not_picked":["HandOfGreed","Chrysalis"],"picked":"Apotheosis","floor":0},{"not_picked":["ClearTheMind","FlurryOfBlows"],"picked":"Prostrate","floor":1},{"not_picked":["Crescendo","FearNoEvil"],"picked":"BowlingBash","floor":5},{"not_picked":["FlyingSleeves","TalkToTheHand"],"picked":"Prostrate","floor":6},{"not_picked":["CutThroughFate","WaveOfTheHand"],"picked":"Alpha","floor":8},{"not_picked":["SashWhip","BowlingBash"],"picked":"Prostrate","floor":10},{"not_picked":["MentalFortress","InnerPeace"],"picked":"FollowUp","floor":13},{"not_picked":["WindmillStrike","SignatureMove"],"picked":"EmptyMind","floor":14},{"not_picked":["Judgement","SpiritShield"],"picked":"Wish","floor":16},{"not_picked":["EmptyFist","Pray"],"picked":"TalkToTheHand","floor":18},{"not_picked":["ThirdEye","FlyingSleeves+1"],"picked":"FollowUp","floor":19},{"not_picked":["ThirdEye","CutThroughFate"],"picked":"Vengeance","floor":20},{"not_picked":["SignatureMove+1","WheelKick","CutThroughFate"],"picked":"SKIP","floor":25}],"player_experience":1134512,"relics_obtained":[{"floor":6,"key":"Ice Cream"},{"floor":8,"key":"Pen Nib"},{"floor":10,"key":"Centennial Puzzle"},{"floor":13,"key":"White Beast Statue"},{"floor":17,"key":"Strawberry"},{"floor":17,"key":"Yang"},{"floor":17,"key":"Girya"},{"floor":21,"key":"Orichalcum"},{"floor":25,"key":"StrikeDummy"},{"floor":26,"key":"Ginger"}],"event_choices":[{"cards_removed":["Strike_P"],"damage_healed":0,"gold_gain":0,"player_choice":"Card Removal","damage_taken":0,"max_hp_gain":0,"max_hp_loss":0,"event_name":"The Cleric","floor":2,"gold_loss":50},{"damage_healed":0,"gold_gain":0,"player_choice":"Gave Potion","damage_taken":0,"relics_obtained":["WingedGreaves"],"max_hp_gain":0,"max_hp_loss":0,"event_name":"WeMeetAgain","floor":4,"gold_loss":0},{"damage_healed":0,"gold_gain":0,"player_choice":"Simplicity","damage_taken":0,"max_hp_gain":0,"max_hp_loss":0,"event_name":"Back to Basics","floor":22,"gold_loss":0,"cards_upgraded":["Strike_P","Strike_P","Strike_P","Defend_P","Defend_P","Defend_P","Defend_P"]}],"is_beta":false,"boss_relics":[{"not_picked":["Snecko Eye","Ectoplasm"],"picked":"Calling Bell"}],"items_purged_floors":[],"is_endless":false,"potions_floor_spawned":[1,5,13,14,16,18,19,20,25],"killed_by":"Slavers","ascension_level":7}