{"gold_per_floor":[217,36,36,47,47,47,76,76,76,76,103,118,136,156,156,156],"floor_reached":16,"playtime":1766,"items_purged":[],"score":149,"play_id":"dc26a8df-10b7-401d-807e-8199be2a17ef","local_time":"20200917145230","is_ascension_mode":true,"campfire_choices":[{"data":"Eruption","floor":6,"key":"SMITH"},{"data":"1","floor":8,"key":"LIFT"},{"data":"2","floor":15,"key":"LIFT"}],"neow_cost":"NONE","seed_source_timestamp":1129698516252500,"circlet_count":0,"master_deck":["Strike_P","Strike_P","Strike_P","Strike_P","Defend_P","Defend_P","Defend_P","Eruption+1","Vigilance","Halt","Chrysalis+1","Wireheading","Nirvana","Wireheading","Blasphemy","ReachHeaven"],"special_seed":0,"relics":["PureWater","Girya","Letter Opener","Potion Belt"],"potions_floor_usage":[11,16],"damage_taken":[{"damage":8.0,"enemies":"Small Slimes","floor":1.0,"turns":2.0},{"damage":0,"enemies":"Cultist","floor":4,"turns":5},{"damage":8,"enemies":"3 Sentries","floor":7,"turns":6},{"damage":5,"enemies":"Gremlin Nob","floor":11,"turns":4},{"damage":0,"enemies":"2 Louse","floor":12,"turns":2},{"damage":0,"enemies":"Large Slime","floor":13,"turns":3},{"damage":16,"enemies":"Red Slaver","floor":14,"turns":3},{"damage":28,"enemies":"Slime Boss","floor":16,"turns":3}],"seed_played":"6294190351580519823","potions_obtained":[{"floor":4,"key":"SpeedPotion"},{"floor":7,"key":"Explosive Potion"},{"floor":11,"key":"AttackPotion"}],"is_trial":false,"path_per_floor":["M","$","?","M","?","R","E","R","T","?","E","M","M","M","R","B"],"character_chosen":"WATCHER","items_purchased":["Chrysalis"],"campfire_rested":0,"item_purchase_floors":[2],"current_hp_per_floor":[57,57,57,57,57,57,49,49,49,49,44,44,44,28,28,0],"gold":156,"neow_bonus":"HUNDRED_GOLD","is_prod":false,"is_daily":false,"chose_seed":false,"campfire_upgraded":1,"win_rate":0,"timestamp":1600368750,"path_taken":["M","$","?","?","?","R","E","R","T","?","E","M","M","M","R","BOSS"],"build_version":"2020-07-30","purchased_purges":0,"victory":false,"max_hp_per_floor":[72,72,72,72,72,72,72,72,72,72,72,72,72,72,72,72],"card_choices":[{"not_picked":["Prostrate","Fasting2"],"picked":"Halt","floor":1.0},{"not_picked":["Adaptation","Prostrate"],"picked":"Wireheading","floor":4},{"not_picked":["JustLucky","Perseverance"],"picked":"Nirvana","floor":7},{"not_picked":["Crescendo","Wallop"],"picked":"Blasphemy","floor":11},{"not_picked":["Swivel","PathToVictory","FlyingSleeves"],"picked":"SKIP","floor":12},{"not_picked":["Prostrate","Consecrate"],"picked":"ReachHeaven","floor":13},{"not_picked":["Halt","JustLucky","Wish"],"picked":"SKIP","floor":14}],"player_experience":1157119,"relics_obtained":[{"floor":7,"key":"Girya"},{"floor":9,"key":"Letter Opener"},{"floor":11,"key":"Potion Belt"}],"event_choices":[{"damage_healed":0,"gold_gain":0,"player_choice":"Upgraded","damage_taken":0,"max_hp_gain":0,"max_hp_loss":0,"event_name":"Upgrade Shrine","floor":3,"gold_loss":0,"cards_upgraded":["Chrysalis"]},{"damage_healed":0,"gold_gain":0,"player_choice":"Leave","damage_taken":0,"max_hp_gain":0,"max_hp_loss":0,"event_name":"The Cleric","floor":5,"gold_loss":0},{"damage_healed":0,"gold_gain":0,"cards_transformed":["Defend_P"],"player_choice":"Transformed","damage_taken":0,"max_hp_gain":0,"max_hp_loss":0,"event_name":"Transmorgrifier","floor":10,"gold_loss":0,"cards_obtained":["Wireheading"]}],"is_beta":false,"boss_relics":[],"items_purged_floors":[],"is_endless":false,"potions_floor_spawned":[4,7,11],"killed_by":"Slime Boss","ascension_level":7}