{"gold_per_floor":[117,117,42,62,82,113,126,126,175,205,217,229,241,271,283,421,433,470,581,200,220,220,254,254,281,281,298,141,141,141,141,141,141],"floor_reached":33,"playtime":889,"items_purged":["Strike_P","Parasite"],"score":427,"play_id":"791637ed-0fb4-45ea-8d0b-03622eecc41c","local_time":"20200917233022","is_ascension_mode":true,"campfire_choices":[{"floor":8,"key":"REST"},{"data":"SignatureMove","floor":11,"key":"SMITH"},{"data":"SignatureMove","floor":15,"key":"SMITH"},{"data":"SpiritShield","floor":24,"key":"SMITH"},{"data":"PathToVictory","floor":32,"key":"SMITH"}],"neow_cost":"NONE","seed_source_timestamp":1173832372510400,"circlet_count":0,"master_deck":["Defend_P","Defend_P","Defend_P","Eruption+1","Vigilance","SignatureMove+1","CrushJoints","Crescendo","PathToVictory+1","SignatureMove+1","EmptyBody","SpiritShield+1","Nirvana","LessonLearned","WheelKick+1","FollowUp+1","ClearTheMind+1","Evaluate+1","PathToVictory","PathToVictory"],"special_seed":0,"relics":["PureWater","NeowsBlessing","Question Card","Juzu Bracelet","MawBank","Bloody Idol","Astrolabe","MealTicket","Lantern","Oddly Smooth Stone","Sundial","Kunai","TheAbacus","Enchiridion","Molten Egg 2"],"potions_floor_usage":[10,21,33,33],"damage_taken":[{"damage":0.0,"enemies":"Small Slimes","floor":1.0,"turns":1.0},{"damage":0.0,"enemies":"Cultist","floor":4.0,"turns":1.0},{"damage":0,"enemies":"2 Louse","floor":5,"turns":1},{"damage":40,"enemies":"3 Sentries","floor":6,"turns":5},{"damage":7,"enemies":"Looter","floor":7,"turns":4},{"damage":0,"enemies":"Gremlin Nob","floor":10,"turns":2},{"damage":3,"enemies":"Blue Slaver","floor":14,"turns":2},{"damage":29,"enemies":"The Guardian","floor":16,"turns":5},{"damage":0,"enemies":"Chosen","floor":18,"turns":3},{"damage":0,"enemies":"Spheric Guardian","floor":21,"turns":1},{"damage":20,"enemies":"Gremlin Leader","floor":23,"turns":4},{"damage":25,"enemies":"Slavers","floor":25,"turns":3},{"damage":0,"enemies":"Snake Plant","floor":27,"turns":2},{"damage":64,"enemies":"Collector","floor":33,"turns":9}],"seed_played":"5085906349423028589","potions_obtained":[{"floor":6,"key":"Fire Potion"},{"floor":10,"key":"Swift Potion"},{"floor":16,"key":"CultistPotion"},{"floor":21,"key":"Fruit Juice"},{"floor":23,"key":"PowerPotion"}],"is_trial":false,"path_per_floor":["M","?","$","M","M","E","M","R","T","E","R","?","?","M","R","B",null,"M","?","$","M","?","E","R","E","T","M","$","?","?","?","R","B"],"character_chosen":"WATCHER","items_purchased":["MealTicket","Lantern","TheAbacus"],"campfire_rested":1,"item_purchase_floors":[20,20,28],"current_hp_per_floor":[65,65,65,65,65,25,18,39,39,39,39,57,57,54,54,25,57,57,57,57,62,62,47,47,27,27,32,47,31,31,54,54,0],"gold":141,"neow_bonus":"THREE_ENEMY_KILL","is_prod":false,"is_daily":false,"chose_seed":false,"campfire_upgraded":4,"win_rate":0,"timestamp":1600399822,"path_taken":["M","?","$","?","M","E","?","R","T","E","R","?","?","M","R","BOSS","M","?","$","M","?","E","R","E","T","M","$","?","?","?","R","BOSS"],"build_version":"2020-07-30","purchased_purges":2,"victory":false,"max_hp_per_floor":[72,72,72,72,72,72,72,72,72,72,72,72,67,67,67,67,67,67,67,64,69,69,69,69,69,69,69,69,69,69,69,69,69],"card_choices":[{"not_picked":["Protect","Halt"],"picked":"SignatureMove","floor":1.0},{"not_picked":["ThirdEye","SashWhip"],"picked":"Crescendo","floor":4},{"not_picked":["Protect","Consecrate"],"picked":"PathToVictory","floor":5},{"not_picked":["WreathOfFlame","FlyingSleeves"],"picked":"SignatureMove","floor":6},{"not_picked":["Adaptation","Conclude","FlurryOfBlows"],"picked":"EmptyBody","floor":7},{"not_picked":["JustLucky","InnerPeace","Collect"],"picked":"SpiritShield","floor":10},{"not_picked":["Pray","ForeignInfluence","BattleHymn"],"picked":"Nirvana","floor":14},{"not_picked":["ConjureBlade","Ragnarok","Alpha"],"picked":"LessonLearned","floor":16},{"not_picked":["BowlingBash","FearNoEvil","WreathOfFlame"],"picked":"Evaluate+1","floor":18},{"not_picked":["Conclude+1","FlyingSleeves+1","Consecrate","EmptyFist"],"picked":"SKIP","floor":21},{"not_picked":["Swivel","Collect","EmptyMind+1"],"picked":"PathToVictory","floor":23},{"not_picked":["Fasting2","ThirdEye","Evaluate"],"picked":"PathToVictory","floor":25},{"not_picked":["Adaptation","Conclude+1","JustLucky","Crescendo"],"picked":"SKIP","floor":27}],"player_experience":1160939,"relics_obtained":[{"floor":6,"key":"Question Card"},{"floor":9,"key":"Juzu Bracelet"},{"floor":10,"key":"MawBank"},{"floor":23,"key":"Oddly Smooth Stone"},{"floor":25,"key":"Sundial"},{"floor":26,"key":"Kunai"},{"floor":29,"key":"Enchiridion"}],"event_choices":[{"damage_healed":0.0,"max_hp_gain":0.0,"max_hp_loss":0.0,"gold_gain":0.0,"cards_transformed":["Strike_P"],"event_name":"Transmorgrifier","player_choice":"Transformed","floor":2.0,"gold_loss":0.0,"damage_taken":0.0,"cards_obtained":["CrushJoints"]},{"damage_healed":18,"gold_gain":0,"player_choice":"Healed and dodged fight","damage_taken":0,"max_hp_gain":0,"max_hp_loss":0,"event_name":"Mushrooms","floor":12,"gold_loss":0,"cards_obtained":["Parasite"]},{"damage_healed":0,"gold_gain":0,"player_choice":"Lose Max HP","damage_taken":0,"relics_obtained":["Golden Idol"],"max_hp_gain":0,"max_hp_loss":5,"event_name":"Golden Idol","floor":13,"gold_loss":0},{"damage_healed":0,"gold_gain":99,"player_choice":"Stole From Cult","damage_taken":0,"max_hp_gain":0,"max_hp_loss":0,"event_name":"Nest","floor":19,"gold_loss":0},{"damage_healed":0,"gold_gain":0,"player_choice":"Gave Idol","damage_taken":0,"relics_obtained":["Bloody Idol"],"max_hp_gain":0,"max_hp_loss":0,"event_name":"Forgotten Altar","floor":22,"relics_lost":["Golden Idol"],"gold_loss":0},{"damage_healed":0,"gold_gain":0,"player_choice":"Obtained Book","damage_taken":16,"max_hp_gain":0,"max_hp_loss":0,"event_name":"Cursed Tome","floor":29,"gold_loss":0},{"damage_healed":0,"gold_gain":0,"player_choice":"Opened","damage_taken":0,"relics_obtained":["Molten Egg 2"],"max_hp_gain":0,"max_hp_loss":0,"event_name":"The Mausoleum","floor":30,"gold_loss":0},{"damage_healed":23,"gold_gain":0,"player_choice":"Heal","damage_taken":0,"max_hp_gain":0,"max_hp_loss":0,"event_name":"The Library","floor":31,"gold_loss":0}],"is_beta":false,"boss_relics":[{"not_picked":["Coffee Dripper","Tiny House"],"picked":"Astrolabe"}],"items_purged_floors":[3,20],"is_endless":false,"potions_floor_spawned":[6,10,16,21,23,27],"killed_by":"Collector","ascension_level":7}