{"gold_per_floor":[112,112,112,129,144,176,176,204,204,233,233,251,84,95,95,200,200,218,218,71,87,99,124,135,135,180,208,208,222,222,147,147,147],"floor_reached":33,"playtime":1517,"items_purged":["Strike_P"],"score":547,"play_id":"35ef0a75-bdc6-4c3a-b5b7-4dc05210bace","local_time":"20200917151803","is_ascension_mode":true,"campfire_choices":[{"data":"LessonLearned","floor":7,"key":"SMITH"},{"floor":11,"key":"REST"},{"floor":15,"key":"REST"},{"floor":25,"key":"REST"},{"floor":28,"key":"REST"},{"floor":30,"key":"REST"},{"floor":32,"key":"RECALL"}],"neow_cost":"TEN_PERCENT_HP_LOSS","seed_source_timestamp":1143677113074300,"circlet_count":0,"master_deck":["Strike_P","Strike_P+1","Strike_P+1","Defend_P+1","Defend_P+1","Defend_P+1","Defend_P+1","Eruption+1","Vigilance+1","LessonLearned+1","EmptyFist+1","Weave+1","Crescendo+1","MasterReality+1","FollowUp+1","BattleHymn+1","Apotheosis+1","Blasphemy+1","WreathOfFlame+1","LikeWater+1","ReachHeaven+1","ClearTheMind","Adaptation+1"],"relics":["PureWater","Frozen Egg 2","Ornamental Fan","TeardropLocket","CaptainsWheel","VioletLotus","Bag of Marbles","Centennial Puzzle","Tiny Chest"],"potions_floor_usage":[6,33,33],"damage_taken":[{"damage":5,"enemies":"Small Slimes","floor":1,"turns":4},{"damage":0,"enemies":"2 Louse","floor":4,"turns":2},{"damage":1,"enemies":"Cultist","floor":5,"turns":3},{"damage":12,"enemies":"Lagavulin","floor":6,"turns":4},{"damage":10,"enemies":"Gremlin Nob","floor":8,"turns":3},{"damage":5,"enemies":"3 Sentries","floor":10,"turns":5},{"damage":0,"enemies":"3 Louse","floor":12,"turns":3},{"damage":10,"enemies":"Gremlin Gang","floor":14,"turns":3},{"damage":0,"enemies":"Slime Boss","floor":16,"turns":6},{"damage":4,"enemies":"Chosen","floor":18,"turns":4},{"damage":7,"enemies":"2 Thieves","floor":21,"turns":4},{"damage":4,"enemies":"3 Cultists","floor":22,"turns":4},{"damage":19,"enemies":"Book of Stabbing","floor":23,"turns":5},{"damage":20,"enemies":"Cultist and Chosen","floor":24,"turns":3},{"damage":0,"enemies":"Gremlin Leader","floor":27,"turns":5},{"damage":24,"enemies":"Snake Plant","floor":29,"turns":2},{"damage":60,"enemies":"Collector","floor":33,"turns":5}],"seed_played":"-2099567019351703445","potions_obtained":[{"floor":3,"key":"BlessingOfTheForge"},{"floor":3,"key":"Energy Potion"},{"floor":3,"key":"BlessingOfTheForge"},{"floor":6,"key":"Ancient Potion"}],"is_trial":false,"path_per_floor":["M","?","?","M","M","E","R","E","T","E","R","M","$","M","R","B",null,"M","?","$","M","M","E","M","R","T","E","R","M","R","$","R","B"],"character_chosen":"WATCHER","items_purchased":["Apotheosis","Bag of Marbles"],"campfire_rested":5,"item_purchase_floors":[13,20],"current_hp_per_floor":[60,47,47,47,46,34,34,24,24,19,38,38,38,28,47,47,61,57,65,65,58,54,35,15,34,34,34,53,29,48,48,48,0],"gold":147,"neow_bonus":"THREE_RARE_CARDS","is_prod":false,"is_daily":false,"chose_seed":false,"campfire_upgraded":1,"win_rate":0,"timestamp":1600370283,"path_taken":["M","?","?","?","M","E","R","E","T","E","R","M","$","M","R","BOSS","M","?","$","M","M","E","?","R","T","E","R","?","R","?","R","BOSS"],"build_version":"2020-07-30","purchased_purges":1,"victory":false,"max_hp_per_floor":[65,65,65,65,65,65,65,65,65,65,65,65,65,65,65,65,65,65,65,65,65,65,65,65,65,65,65,65,65,65,65,65,65],"card_choices":[{"not_picked":["Judgement","Establishment"],"picked":"LessonLearned","floor":0},{"not_picked":["ClearTheMind","Sanctity"],"picked":"EmptyFist","floor":1},{"not_picked":["ThirdEye","CutThroughFate"],"picked":"Weave","floor":4},{"not_picked":["DeceiveReality","Collect"],"picked":"Crescendo","floor":5},{"not_picked":["FlyingSleeves","Protect","Meditate"],"picked":"SKIP","floor":6},{"not_picked":["Establishment+1","BowlingBash"],"picked":"MasterReality+1","floor":8},{"not_picked":["JustLucky","EmptyBody"],"picked":"FollowUp","floor":10},{"not_picked":["SashWhip","CutThroughFate"],"picked":"BattleHymn+1","floor":12},{"not_picked":["TalkToTheHand","EmptyBody","EmptyMind"],"picked":"SKIP","floor":14},{"not_picked":["ConjureBlade","DeusExMachina"],"picked":"Blasphemy","floor":16},{"not_picked":["CrushJoints","Protect"],"picked":"WreathOfFlame","floor":18},{"not_picked":["Tantrum","JustLucky+1"],"picked":"LikeWater+1","floor":21},{"not_picked":["SashWhip","Meditate"],"picked":"ReachHeaven+1","floor":22},{"not_picked":["JustLucky+1","Crescendo+1","FollowUp"],"picked":"SKIP","floor":23},{"not_picked":["DeceiveReality","Worship","SashWhip"],"picked":"SKIP","floor":24},{"not_picked":["Crescendo","WreathOfFlame"],"picked":"ClearTheMind","floor":27},{"not_picked":["BowlingBash","WheelKick"],"picked":"Adaptation+1","floor":29}],"player_experience":1158885,"relics_obtained":[{"floor":6,"key":"Frozen Egg 2"},{"floor":8,"key":"Ornamental Fan"},{"floor":9,"key":"TeardropLocket"},{"floor":10,"key":"CaptainsWheel"},{"floor":23,"key":"Centennial Puzzle"},{"floor":27,"key":"Tiny Chest"}],"event_choices":[{"damage_healed":0,"gold_gain":0,"player_choice":"Entered Light","damage_taken":13,"max_hp_gain":0,"max_hp_loss":0,"event_name":"Shining Light","floor":2,"gold_loss":0,"cards_upgraded":["Vigilance","Defend_P"]},{"damage_healed":0,"gold_gain":0,"player_choice":"Got Potions","damage_taken":0,"max_hp_gain":0,"max_hp_loss":0,"event_name":"Lab","floor":3,"gold_loss":0},{"damage_healed":8,"gold_gain":0,"player_choice":"Full Heal","damage_taken":0,"max_hp_gain":0,"max_hp_loss":0,"event_name":"Wheel of Change","floor":19,"gold_loss":0}],"is_beta":false,"boss_relics":[{"not_picked":["HolyWater","Cursed Key"],"picked":"VioletLotus"}],"items_purged_floors":[31],"is_endless":false,"potions_floor_spawned":[4,5,6,12,14,18,21,27,29],"killed_by":"Collector","ascension_level":7}