{"gold_per_floor":[366,378,152,165,165,165,195,195,221,254,254,97,115,85],"floor_reached":14,"playtime":537,"items_purged":[],"score":132,"play_id":"2709418d-0f07-4563-a41b-50d5b652e147","local_time":"20200917231507","is_ascension_mode":true,"campfire_choices":[{"data":"Alpha","floor":6.0,"key":"SMITH"},{"floor":8.0,"key":"REST"}],"neow_cost":"PERCENT_DAMAGE","seed_source_timestamp":1173112578079300,"circlet_count":0,"master_deck":["Strike_P+1","Strike_P","Strike_P","Defend_P","Defend_P","Defend_P","Defend_P","Eruption","Vigilance","Halt","Alpha+1","Study+1","TalkToTheHand+1","Vengeance","LessonLearned"],"special_seed":0,"relics":["PureWater","ClockworkSouvenir","Potion Belt","PreservedInsect","Singing Bowl"],"potions_floor_usage":[],"damage_taken":[{"damage":2.0,"enemies":"2 Louse","floor":1.0,"turns":4.0},{"damage":0.0,"enemies":"Jaw Worm","floor":2.0,"turns":3.0},{"damage":0.0,"enemies":"Cultist","floor":4.0,"turns":3.0},{"damage":14.0,"enemies":"3 Sentries","floor":7.0,"turns":4.0},{"damage":12.0,"enemies":"Lagavulin","floor":10.0,"turns":5.0},{"damage":15.0,"enemies":"Large Slime","floor":13.0,"turns":7.0},{"damage":10,"enemies":"Exordium Thugs","floor":14,"turns":2}],"seed_played":"-158435803485437445","potions_obtained":[{"floor":4.0,"key":"AttackPotion"}],"is_trial":false,"path_per_floor":["M","M","$","M","?","R","E","R","T","E","?","$","M","M"],"character_chosen":"WATCHER","items_purchased":["Study","ClockworkSouvenir","LessonLearned"],"campfire_rested":1,"item_purchase_floors":[3,3,12],"current_hp_per_floor":[45,45,45,45,31,31,17,38,38,28,21,21,8,0],"gold":85,"neow_bonus":"TWO_FIFTY_GOLD","is_prod":false,"is_daily":false,"chose_seed":false,"campfire_upgraded":1,"win_rate":0,"timestamp":1600398907,"path_taken":["M","M","$","M","?","R","E","R","T","E","?","?","M","?"],"build_version":"2020-07-30","purchased_purges":0,"victory":false,"max_hp_per_floor":[72,72,72,72,72,72,72,72,72,74,74,74,76,76],"card_choices":[{"not_picked":["FlurryOfBlows","EmptyBody"],"picked":"Halt","floor":1.0},{"not_picked":["Sanctity","Weave"],"picked":"Alpha","floor":2.0},{"not_picked":["ClearTheMind","Prostrate"],"picked":"TalkToTheHand","floor":4.0},{"not_picked":["Worship","CrushJoints"],"picked":"Vengeance","floor":7.0},{"not_picked":["FlyingSleeves","ThirdEye","Consecrate"],"picked":"Singing Bowl","floor":10.0},{"not_picked":["Halt","Conclude","Consecrate"],"picked":"Singing Bowl","floor":13.0}],"player_experience":1160402,"relics_obtained":[{"floor":7.0,"key":"Potion Belt"},{"floor":9.0,"key":"PreservedInsect"},{"floor":10.0,"key":"Singing Bowl"}],"event_choices":[{"damage_healed":0.0,"max_hp_gain":0.0,"max_hp_loss":0.0,"gold_gain":0.0,"event_name":"Shining Light","player_choice":"Entered Light","floor":5.0,"gold_loss":0.0,"damage_taken":14.0,"cards_upgraded":["TalkToTheHand","Strike_P"]},{"cards_removed":["Strike_P"],"damage_healed":0.0,"max_hp_gain":0.0,"max_hp_loss":0.0,"gold_gain":0.0,"event_name":"Golden Wing","player_choice":"Card Removal","floor":11.0,"gold_loss":0.0,"damage_taken":7.0}],"is_beta":false,"boss_relics":[],"items_purged_floors":[],"is_endless":false,"potions_floor_spawned":[4],"killed_by":"Exordium Thugs","ascension_level":7}