{"gold_per_floor":[111,111,124,137,237,264,264,274,351,384,398,416,427,445,445,546,546,556,556,571,571,588,588,498,526,826,826],"floor_reached":27,"playtime":1240,"items_purged":[],"score":435,"play_id":"e4cb9be6-8e2d-4dc4-904b-8e8f9010ff71","local_time":"20200913220832","is_ascension_mode":true,"campfire_choices":[{"data":"BattleHymn","floor":7,"key":"SMITH"},{"data":"ForeignInfluence","floor":15,"key":"SMITH"},{"floor":23,"key":"REST"}],"neow_cost":"TEN_PERCENT_HP_LOSS","seed_source_timestamp":822966219902100,"circlet_count":0,"master_deck":["Strike_P","Strike_P","Strike_P","Defend_P","Defend_P","Defend_P","Defend_P","Eruption","Vigilance","MasterReality","FearNoEvil","Scrawl","Dark Shackles","BattleHymn+1","Evaluate","FollowUp","Swivel+1","ForeignInfluence+1","Devotion","DeusExMachina","CarveReality+1"],"relics":["PureWater","Ice Cream","TeardropLocket","Oddly Smooth Stone","VioletLotus","Akabeko","Ornamental Fan","Old Coin"],"potions_floor_usage":[10,12,25],"damage_taken":[{"damage":3,"enemies":"Cultist","floor":1,"turns":4},{"damage":2,"enemies":"Jaw Worm","floor":3,"turns":3},{"damage":0,"enemies":"2 Louse","floor":4,"turns":3},{"damage":27,"enemies":"3 Sentries","floor":6,"turns":8},{"damage":3,"enemies":"Blue Slaver","floor":8,"turns":3},{"damage":0,"enemies":"Gremlin Nob","floor":10,"turns":2},{"damage":0,"enemies":"Exordium Thugs","floor":11,"turns":3},{"damage":0,"enemies":"Looter","floor":12,"turns":3},{"damage":0,"enemies":"2 Fungi Beasts","floor":13,"turns":3},{"damage":11,"enemies":"3 Louse","floor":14,"turns":3},{"damage":0,"enemies":"Hexaghost","floor":16,"turns":6},{"damage":21,"enemies":"Chosen","floor":18,"turns":5},{"damage":12,"enemies":"Shell Parasite","floor":20,"turns":5},{"damage":14,"enemies":"3 Cultists","floor":22,"turns":5},{"damage":20,"enemies":"Book of Stabbing","floor":25,"turns":3},{"damage":17,"enemies":"Slavers","floor":27,"turns":1}],"seed_played":"2049278676126081854","potions_obtained":[{"floor":1,"key":"Block Potion"},{"floor":3,"key":"Fire Potion"},{"floor":4,"key":"Regen Potion"},{"floor":11,"key":"DistilledChaos"},{"floor":18,"key":"SteroidPotion"}],"is_trial":false,"path_per_floor":["M","?","M","M","?","E","R","M","T","E","M","M","M","M","R","B",null,"M","?","M","?","M","R","?","E","T","E"],"character_chosen":"WATCHER","items_purchased":[],"campfire_rested":1,"item_purchase_floors":[],"current_hp_per_floor":[62,62,60,60,60,33,33,30,30,30,30,30,30,19,19,19,54,33,33,21,21,7,26,26,15,15,0],"gold":826,"neow_bonus":"THREE_RARE_CARDS","is_prod":false,"is_daily":false,"chose_seed":false,"campfire_upgraded":2,"win_rate":0,"timestamp":1600049312,"path_taken":["M","?","M","?","?","E","R","M","T","E","M","?","M","M","R","BOSS","M","?","M","?","?","R","?","E","T","E"],"build_version":"2020-07-30","purchased_purges":0,"victory":false,"max_hp_per_floor":[65,65,65,65,65,65,65,65,65,65,65,65,65,65,65,65,65,65,65,65,65,65,65,65,65,65,65],"card_choices":[{"not_picked":["ConjureBlade","Establishment"],"picked":"MasterReality","floor":0},{"not_picked":["Adaptation","FollowUp"],"picked":"FearNoEvil","floor":1},{"not_picked":["Halt","Evaluate"],"picked":"BattleHymn","floor":3},{"not_picked":["Indignation","FollowUp"],"picked":"Evaluate","floor":4},{"not_picked":["Indignation","WheelKick","TalkToTheHand"],"picked":"SKIP","floor":6},{"not_picked":["EmptyBody","BowlingBash"],"picked":"FollowUp","floor":8},{"not_picked":["SignatureMove","Prostrate"],"picked":"Swivel","floor":10},{"not_picked":["Nirvana","FlyingSleeves"],"picked":"ForeignInfluence","floor":11},{"not_picked":["EmptyMind","Prostrate","Halt"],"picked":"SKIP","floor":12},{"not_picked":["LikeWater","Prostrate","PathToVictory"],"picked":"SKIP","floor":13},{"not_picked":["SandsOfTime","FlyingSleeves"],"picked":"Devotion","floor":14},{"not_picked":["Judgement","Devotion"],"picked":"DeusExMachina","floor":16},{"not_picked":["Crescendo+1","Evaluate","JustLucky"],"picked":"SKIP","floor":18},{"not_picked":["ClearTheMind","FlyingSleeves","Perseverance"],"picked":"SKIP","floor":20},{"not_picked":["BowlingBash","Protect","Weave"],"picked":"SKIP","floor":22},{"not_picked":["ClearTheMind","Protect"],"picked":"CarveReality+1","floor":25}],"player_experience":1145785,"relics_obtained":[{"floor":6,"key":"Ice Cream"},{"floor":9,"key":"TeardropLocket"},{"floor":10,"key":"Oddly Smooth Stone"},{"floor":25,"key":"Ornamental Fan"},{"floor":26,"key":"Old Coin"}],"event_choices":[{"damage_healed":0,"gold_gain":0,"player_choice":"2 cards matched","damage_taken":0,"max_hp_gain":0,"max_hp_loss":0,"event_name":"Match and Keep!","floor":2,"gold_loss":0,"cards_obtained":["Scrawl","Dark Shackles"]},{"damage_healed":0,"gold_gain":100,"player_choice":"Pray","damage_taken":0,"max_hp_gain":0,"max_hp_loss":0,"event_name":"Golden Shrine","floor":5,"gold_loss":0},{"damage_healed":0,"gold_gain":0,"player_choice":"Opened","damage_taken":0,"relics_obtained":["Akabeko"],"max_hp_gain":0,"max_hp_loss":0,"event_name":"The Mausoleum","floor":19,"gold_loss":0,"cards_obtained":["Writhe"]},{"cards_removed":["Writhe"],"damage_healed":0,"gold_gain":0,"player_choice":"Removed Curses","damage_taken":0,"max_hp_gain":0,"max_hp_loss":0,"event_name":"Fountain of Cleansing","floor":21,"gold_loss":0},{"cards_removed":["Strike_P"],"damage_healed":0,"gold_gain":0,"player_choice":"Upgrade and Remove","damage_taken":0,"max_hp_gain":0,"max_hp_loss":0,"event_name":"Designer","floor":24,"gold_loss":90,"cards_upgraded":["Swivel"]}],"is_beta":false,"boss_relics":[{"not_picked":["HolyWater","Empty Cage"],"picked":"VioletLotus"}],"items_purged_floors":[],"is_endless":false,"potions_floor_spawned":[1,3,4,8,11,18,22],"killed_by":"Slavers","ascension_level":7}