{"gold_per_floor":[215,229,229,229,229,262,262,289,359,379,414,469,495,515,515,618,618,618,618,578,578,578,578,578,578,578,578,578,578,578,578,578,578,578,578,578,578,578,578,578,578,578,578,578,578,578,578],"floor_reached":47,"playtime":3373,"items_purged":[],"score":803,"play_id":"428c4ebb-0bbe-4547-aa1f-ce4b5fe572e5","local_time":"20200917103221","is_ascension_mode":true,"campfire_choices":[{"data":"Eruption","floor":7,"key":"SMITH"},{"floor":15,"key":"REST"},{"floor":27,"key":"REST"},{"floor":32,"key":"REST"},{"floor":40,"key":"REST"},{"floor":45,"key":"REST"}],"neow_cost":"NONE","seed_source_timestamp":1124676889008699,"circlet_count":0,"master_deck":["Strike_P","Strike_P","Strike_P","Strike_P","Defend_P","Defend_P","Defend_P","Defend_P+1","Eruption+1","Vigilance","WheelKick+1","Pray+1","Vengeance","TalkToTheHand","FlurryOfBlows","Consecrate+1","FlurryOfBlows","Brilliance+1","Prostrate","FollowUp+1","Indignation","FlurryOfBlows","FlurryOfBlows+1","Alpha","Pray+1","WindmillStrike+1"],"relics":["HolyWater","Regal Pillow","Boot","White Beast Statue","Pocketwatch","Bottled Lightning","Mango","Ectoplasm","Lizard Tail","Whetstone","Juzu Bracelet","The Courier","Shovel","HornCleat","Mercury Hourglass","Letter Opener"],"potions_floor_usage":[11,12,13,13,16,22,24,24,29,29,38,38,39,41,44],"damage_taken":[{"damage":7,"enemies":"Small Slimes","floor":1,"turns":3},{"damage":0,"enemies":"Jaw Worm","floor":2,"turns":2},{"damage":23,"enemies":"3 Sentries","floor":6,"turns":9},{"damage":16,"enemies":"Gremlin Nob","floor":8,"turns":3},{"damage":0,"enemies":"Cultist","floor":10,"turns":3},{"damage":4,"enemies":"3 Sentries","floor":11,"turns":4},{"damage":10,"enemies":"3 Sentries","floor":12,"turns":5},{"damage":0,"enemies":"Gremlin Nob","floor":13,"turns":2},{"damage":0,"enemies":"Large Slime","floor":14,"turns":3},{"damage":34,"enemies":"The Guardian","floor":16,"turns":8},{"damage":0,"enemies":"Chosen","floor":18,"turns":2},{"damage":16,"enemies":"Shell Parasite","floor":19,"turns":5},{"damage":13,"enemies":"Snecko","floor":22,"turns":5},{"damage":40,"enemies":"Gremlin Leader","floor":23,"turns":4},{"damage":3,"enemies":"Cultist and Chosen","floor":24,"turns":6},{"damage":5,"enemies":"Centurion and Healer","floor":28,"turns":2},{"damage":15,"enemies":"Book of Stabbing","floor":29,"turns":5},{"damage":39,"enemies":"Collector","floor":33,"turns":5},{"damage":5,"enemies":"Orb Walker","floor":35,"turns":3},{"damage":18,"enemies":"3 Shapes","floor":38,"turns":2},{"damage":13,"enemies":"Mind Bloom Boss Battle","floor":39,"turns":4},{"damage":64,"enemies":"Reptomancer","floor":41,"turns":4},{"damage":52,"enemies":"3 Darklings","floor":42,"turns":3},{"damage":0,"enemies":"Maw","floor":44,"turns":4},{"damage":23,"enemies":"Nemesis","floor":46,"turns":5},{"damage":23,"enemies":"Jaw Worm Horde","floor":47,"turns":1}],"seed_played":"6461888582753839100","potions_obtained":[{"floor":2,"key":"ColorlessPotion"},{"floor":8,"key":"BlessingOfTheForge"},{"floor":10,"key":"SneckoOil"},{"floor":11,"key":"Swift Potion"},{"floor":12,"key":"EssenceOfSteel"},{"floor":13,"key":"FearPotion"},{"floor":14,"key":"SkillPotion"},{"floor":16,"key":"GamblersBrew"},{"floor":22,"key":"BlessingOfTheForge"},{"floor":23,"key":"DuplicationPotion"},{"floor":24,"key":"DuplicationPotion"},{"floor":28,"key":"PowerPotion"},{"floor":29,"key":"DistilledChaos"},{"floor":33,"key":"EssenceOfSteel"},{"floor":35,"key":"Dexterity Potion"},{"floor":38,"key":"Energy Potion"},{"floor":39,"key":"Block Potion"},{"floor":41,"key":"Energy Potion"},{"floor":42,"key":"SkillPotion"},{"floor":44,"key":"Ancient Potion"}],"is_trial":false,"path_per_floor":["M","M","?","?","$","E","R","E","T","M","E","?","E","M","R","B",null,"M","M","?","$","M","E","M","?","T","R","M","E","T","?","R","B",null,"M","?","?","M","?","R","E","M","T","M","R","E","M"],"character_chosen":"WATCHER","items_purchased":[],"campfire_rested":5,"item_purchase_floors":[],"current_hp_per_floor":[58,58,44,68,68,45,45,29,29,29,25,15,29,29,69,35,73,73,57,57,57,44,4,1,1,1,41,36,21,21,21,61,22,70,65,65,65,47,34,73,9,5,5,5,44,21,0],"gold":578,"neow_bonus":"HUNDRED_GOLD","is_prod":false,"is_daily":false,"chose_seed":false,"campfire_upgraded":1,"win_rate":0,"timestamp":1600353141,"path_taken":["M","M","?","?","$","E","R","E","T","M","E","?","E","M","R","BOSS","M","M","?","$","?","E","M","?","T","R","?","E","?","?","R","BOSS","M","?","?","M","?","R","E","M","T","M","R","E","M"],"build_version":"2020-07-30","purchased_purges":0,"victory":false,"max_hp_per_floor":[72,72,72,72,72,72,72,72,72,72,72,72,86,86,86,86,86,86,86,86,86,86,86,86,86,86,86,86,86,86,86,86,86,86,86,82,82,82,82,82,82,82,82,82,82,82,82],"card_choices":[{"not_picked":["FollowUp","Halt"],"picked":"WheelKick","floor":1},{"not_picked":["BowlingBash","EmptyFist"],"picked":"Pray","floor":2},{"not_picked":["CarveReality","ThirdEye"],"picked":"Vengeance","floor":6},{"not_picked":["SashWhip","EmptyBody","ConjureBlade"],"picked":"SKIP","floor":8},{"not_picked":["FollowUp","ClearTheMind"],"picked":"TalkToTheHand","floor":10},{"not_picked":["Scrawl","EmptyBody"],"picked":"FlurryOfBlows","floor":11},{"not_picked":["Evaluate","ThirdEye"],"picked":"Consecrate","floor":12},{"not_picked":["EmptyFist","Indignation"],"picked":"FlurryOfBlows","floor":13},{"not_picked":["JustLucky","FlyingSleeves","Protect"],"picked":"SKIP","floor":14},{"not_picked":["Blasphemy","Scrawl"],"picked":"Brilliance","floor":16},{"not_picked":["EmptyBody+1","Swivel","Fasting2"],"picked":"SKIP","floor":18},{"not_picked":["Halt","EmptyFist"],"picked":"Prostrate","floor":19},{"not_picked":["EmptyMind","FlurryOfBlows"],"picked":"FollowUp+1","floor":22},{"not_picked":["Wallop","Weave"],"picked":"Indignation","floor":23},{"not_picked":["EmptyFist","Vault"],"picked":"FlurryOfBlows","floor":24},{"not_picked":["PathToVictory","LikeWater","Crescendo"],"picked":"SKIP","floor":28},{"not_picked":["BowlingBash","FearNoEvil"],"picked":"FlurryOfBlows+1","floor":29},{"not_picked":["DeusExMachina","LessonLearned"],"picked":"Alpha","floor":33},{"not_picked":["Protect","EmptyFist","Collect"],"picked":"SKIP","floor":35},{"not_picked":["PathToVictory","Indignation","CrushJoints+1"],"picked":"SKIP","floor":38},{"not_picked":["Weave","Wish","Conclude+1"],"picked":"SKIP","floor":41},{"not_picked":["DeceiveReality","Fasting2+1","CutThroughFate+1"],"picked":"SKIP","floor":42},{"not_picked":["Halt+1","FlurryOfBlows"],"picked":"WindmillStrike+1","floor":44},{"not_picked":["FollowUp+1","DeceiveReality+1","ClearTheMind+1"],"picked":"SKIP","floor":46}],"player_experience":1153746,"relics_obtained":[{"floor":6,"key":"Regal Pillow"},{"floor":8,"key":"Boot"},{"floor":9,"key":"White Beast Statue"},{"floor":11,"key":"Pocketwatch"},{"floor":12,"key":"Bottled Lightning"},{"floor":13,"key":"Mango"},{"floor":23,"key":"Lizard Tail"},{"floor":26,"key":"Whetstone"},{"floor":29,"key":"Juzu Bracelet"},{"floor":30,"key":"The Courier"},{"floor":39,"key":"Shovel"},{"floor":41,"key":"HornCleat"},{"floor":43,"key":"Mercury Hourglass"},{"floor":46,"key":"Letter Opener"}],"event_choices":[{"damage_healed":0,"gold_gain":0,"player_choice":"Entered Light","damage_taken":14,"max_hp_gain":0,"max_hp_loss":0,"event_name":"Shining Light","floor":3,"gold_loss":0,"cards_upgraded":["WheelKick","Defend_P"]},{"damage_healed":24,"gold_gain":0,"player_choice":"Banana","damage_taken":0,"max_hp_gain":0,"max_hp_loss":0,"event_name":"Big Fish","floor":4,"gold_loss":0},{"damage_healed":0,"gold_gain":30,"player_choice":"Searched \u00272\u0027 times","damage_taken":0,"max_hp_gain":0,"max_hp_loss":0,"event_name":"Dead Adventurer","floor":12,"gold_loss":0},{"damage_healed":0,"gold_gain":0,"player_choice":"Upgrade","damage_taken":0,"max_hp_gain":0,"max_hp_loss":0,"event_name":"Designer","floor":20,"gold_loss":40,"cards_upgraded":["Pray"]},{"damage_healed":0,"gold_gain":200,"player_choice":"Gold","damage_taken":0,"max_hp_gain":0,"max_hp_loss":0,"event_name":"Wheel of Change","floor":25,"gold_loss":0},{"damage_healed":0,"gold_gain":0,"player_choice":"Ignored","damage_taken":0,"max_hp_gain":0,"max_hp_loss":0,"event_name":"Vampires","floor":31,"gold_loss":0},{"damage_healed":0,"gold_gain":0,"player_choice":"Max HP","damage_taken":0,"max_hp_gain":0,"max_hp_loss":4,"event_name":"Winding Halls","floor":36,"gold_loss":0},{"damage_healed":0,"gold_gain":0,"player_choice":"Copied","damage_taken":0,"max_hp_gain":0,"max_hp_loss":0,"event_name":"Duplicator","floor":37,"gold_loss":0,"cards_obtained":["Pray"]},{"damage_healed":0,"gold_gain":0,"player_choice":"Fight","damage_taken":0,"max_hp_gain":0,"max_hp_loss":0,"event_name":"MindBloom","floor":39,"gold_loss":0}],"is_beta":false,"boss_relics":[{"not_picked":["Runic Dome","Pandora\u0027s Box"],"picked":"Ectoplasm"},{"not_picked":["Fusion Hammer","SlaversCollar"],"picked":"HolyWater"}],"items_purged_floors":[],"is_endless":false,"potions_floor_spawned":[2,8,10,11,12,13,14,16,18,19,22,23,24,28,29,33,35,38,39,41,42,44,46],"killed_by":"Jaw Worm Horde","ascension_level":7}