{"gold_per_floor":[111,36,47,57,69,98,98,98,174,174,204,204,229,240,240,336,386,399,399,152,152,172,172,197,209,209,224,251,278,40,40,40,40],"floor_reached":33,"playtime":1561,"items_purged":["Strike_P"],"score":510,"play_id":"2898c0ff-b9b6-4fc2-b58b-407f683347c2","local_time":"20200924103938","is_ascension_mode":true,"campfire_choices":[{"floor":7,"key":"REST"},{"data":"1","floor":10,"key":"LIFT"},{"data":"2","floor":12,"key":"LIFT"},{"data":"3","floor":15,"key":"LIFT"},{"data":"Devotion","floor":23,"key":"SMITH"},{"data":"Indignation","floor":32,"key":"SMITH"}],"neow_cost":"PERCENT_DAMAGE","seed_source_timestamp":298848747349800,"circlet_count":0,"master_deck":["Strike_P","Defend_P","Defend_P","Defend_P","Eruption","Vigilance","TalkToTheHand","Wireheading","ReachHeaven+1","Indignation+1","Conclude","Prostrate","Tantrum","ThirdEye","Devotion+1","CrushJoints+1","Shame"],"relics":["PureWater","Girya","Centennial Puzzle","Meat on the Bone","Tiny Chest","Damaru","Tiny House","Mummified Hand","StrikeDummy","Oddly Smooth Stone","Calipers","Eternal Feather","Blue Candle"],"potions_floor_usage":[11,18,24,27,33],"damage_taken":[{"damage":1,"enemies":"Cultist","floor":1,"turns":4},{"damage":8,"enemies":"Small Slimes","floor":3,"turns":4},{"damage":7,"enemies":"Jaw Worm","floor":4,"turns":3},{"damage":2,"enemies":"Gremlin Gang","floor":5,"turns":3},{"damage":14,"enemies":"Gremlin Nob","floor":6,"turns":3},{"damage":29,"enemies":"Lagavulin","floor":11,"turns":3},{"damage":14,"enemies":"Gremlin Nob","floor":13,"turns":3},{"damage":0,"enemies":"Looter","floor":14,"turns":2},{"damage":0,"enemies":"Slime Boss","floor":16,"turns":4},{"damage":3,"enemies":"Spheric Guardian","floor":18,"turns":3},{"damage":16,"enemies":"3 Byrds","floor":22,"turns":3},{"damage":15,"enemies":"Book of Stabbing","floor":24,"turns":4},{"damage":0,"enemies":"Snake Plant","floor":25,"turns":2},{"damage":9,"enemies":"Shelled Parasite and Fungi","floor":27,"turns":4},{"damage":25,"enemies":"Slavers","floor":29,"turns":2},{"damage":51,"enemies":"Collector","floor":33,"turns":3}],"seed_played":"2708687642851580297","potions_obtained":[{"floor":4,"key":"Energy Potion"},{"floor":5,"key":"Swift Potion"},{"floor":13,"key":"Weak Potion"},{"floor":16,"key":"Block Potion"},{"floor":17,"key":"PowerPotion"},{"floor":18,"key":"AttackPotion"},{"floor":25,"key":"Fire Potion"}],"is_trial":false,"path_per_floor":["M","$","M","M","M","E","R","?","T","R","E","R","E","M","R","B",null,"M","?","$","?","M","R","E","M","T","M","T","E","$","?","R","B"],"character_chosen":"WATCHER","items_purchased":["Mummified Hand","Eternal Feather"],"campfire_rested":1,"item_purchase_floors":[20,30],"current_hp_per_floor":[46,46,38,31,29,15,36,36,36,36,19,19,17,29,29,41,69,66,66,66,66,50,50,47,47,47,50,50,37,37,37,46,0],"gold":40,"neow_bonus":"TRANSFORM_TWO_CARDS","is_prod":false,"is_daily":false,"chose_seed":false,"campfire_upgraded":2,"win_rate":0,"timestamp":1600958378,"path_taken":["M","?","M","?","M","E","R","?","T","R","E","R","E","M","R","BOSS","M","?","$","?","M","R","E","?","T","M","?","E","$","?","R","BOSS"],"build_version":"2020-07-30","purchased_purges":1,"victory":false,"max_hp_per_floor":[72,72,72,72,72,72,72,72,72,72,72,72,72,72,72,72,77,77,77,77,77,77,77,77,77,77,77,77,77,77,77,77,77],"card_choices":[{"not_picked":["FlurryOfBlows","EmptyFist"],"picked":"ReachHeaven","floor":1},{"not_picked":["EmptyBody","Study"],"picked":"Indignation","floor":3},{"not_picked":["FollowUp","Study"],"picked":"Conclude","floor":4},{"not_picked":["JustLucky","Conclude"],"picked":"Prostrate","floor":5},{"not_picked":["FlyingSleeves","Protect","JustLucky"],"picked":"SKIP","floor":6},{"not_picked":["BowlingBash","MentalFortress","Crescendo"],"picked":"SKIP","floor":11},{"not_picked":["CutThroughFate","InnerPeace"],"picked":"Tantrum","floor":13},{"not_picked":["FlurryOfBlows","Wireheading"],"picked":"ThirdEye","floor":14},{"not_picked":["Brilliance","Establishment"],"picked":"Devotion","floor":16},{"not_picked":["FlurryOfBlows","Consecrate","DeceiveReality"],"picked":"SKIP","floor":18},{"not_picked":["Halt","BowlingBash"],"picked":"CrushJoints+1","floor":22},{"not_picked":["SandsOfTime+1","FlyingSleeves","CrushJoints"],"picked":"SKIP","floor":24},{"not_picked":["Perseverance","FlurryOfBlows","SashWhip"],"picked":"SKIP","floor":25},{"not_picked":["Prostrate","Swivel","ClearTheMind"],"picked":"SKIP","floor":27},{"not_picked":["Worship","JustLucky","Collect"],"picked":"SKIP","floor":29}],"player_experience":1161828,"relics_obtained":[{"floor":6,"key":"Girya"},{"floor":9,"key":"Meat on the Bone"},{"floor":11,"key":"Tiny Chest"},{"floor":13,"key":"Damaru"},{"floor":24,"key":"StrikeDummy"},{"floor":28,"key":"Oddly Smooth Stone"},{"floor":29,"key":"Calipers"}],"event_choices":[{"damage_healed":0,"gold_gain":0,"player_choice":"Gave Potion","damage_taken":0,"relics_obtained":["Centennial Puzzle"],"max_hp_gain":0,"max_hp_loss":0,"event_name":"WeMeetAgain","floor":8,"gold_loss":0},{"damage_healed":0,"gold_gain":0,"player_choice":"Ignored","damage_taken":0,"max_hp_gain":0,"max_hp_loss":0,"event_name":"Ghosts","floor":19,"gold_loss":0},{"cards_removed":["Strike_P"],"damage_healed":0,"gold_gain":0,"player_choice":"Purged","damage_taken":0,"max_hp_gain":0,"max_hp_loss":0,"event_name":"Purifier","floor":21,"gold_loss":0},{"damage_healed":0,"gold_gain":0,"player_choice":"Stole Relic","damage_taken":0,"relics_obtained":["Blue Candle"],"max_hp_gain":0,"max_hp_loss":0,"event_name":"Addict","floor":31,"gold_loss":0,"cards_obtained":["Shame"]}],"is_beta":false,"boss_relics":[{"not_picked":["SacredBark","Pandora\u0027s Box"],"picked":"Tiny House"}],"items_purged_floors":[2],"is_endless":false,"potions_floor_spawned":[4,5,13,16,18,25],"killed_by":"Collector","ascension_level":7}