{"gold_per_floor":[109,109,59,59,70,96,96,126,126,90,107,125,125,144,144,243,243,261,285,303,317,242,242],"floor_reached":23,"playtime":727,"items_purged":["Defend_P"],"score":305,"play_id":"eadacf4f-63f1-45e6-9fc6-31f9dbc7a0f5","local_time":"20200925133144","is_ascension_mode":true,"campfire_choices":[{"data":"SignatureMove","floor":7,"key":"SMITH"},{"data":"Swivel","floor":13,"key":"SMITH"},{"data":"Evaluate","floor":15,"key":"SMITH"}],"neow_cost":"TEN_PERCENT_HP_LOSS","seed_source_timestamp":396416560349400,"circlet_count":0,"master_deck":["Strike_P+1","Defend_P","Defend_P","Eruption+1","Vigilance","SignatureMove+1","Evaluate+1","Meditate","Consecrate","Swivel+1","Judgement","Pray"],"relics":["PureWater","Calipers","Strawberry","Gremlin Horn","Black Star","Damaru"],"potions_floor_usage":[16,23,23],"damage_taken":[{"damage":1,"enemies":"2 Louse","floor":1,"turns":2},{"damage":0,"enemies":"Jaw Worm","floor":5,"turns":1},{"damage":2,"enemies":"3 Sentries","floor":6,"turns":3},{"damage":0,"enemies":"Gremlin Nob","floor":8,"turns":2},{"damage":0,"enemies":"Cultist","floor":11,"turns":1},{"damage":0,"enemies":"Red Slaver","floor":12,"turns":2},{"damage":0,"enemies":"Blue Slaver","floor":14,"turns":1},{"damage":24,"enemies":"The Guardian","floor":16,"turns":4},{"damage":2,"enemies":"Chosen","floor":18,"turns":4},{"damage":0,"enemies":"3 Byrds","floor":20,"turns":3},{"damage":36,"enemies":"Centurion and Healer","floor":21,"turns":4},{"damage":48,"enemies":"Book of Stabbing","floor":23,"turns":5}],"seed_played":"-1629259643596376281","potions_obtained":[{"floor":5,"key":"FairyPotion"},{"floor":6,"key":"AttackPotion"},{"floor":12,"key":"SpeedPotion"},{"floor":16,"key":"GamblersBrew"}],"is_trial":false,"path_per_floor":["M","?","?","?","M","E","R","E","T","$","M","M","R","M","R","B",null,"M","T","M","M","$","E"],"character_chosen":"WATCHER","items_purchased":["Swivel"],"campfire_rested":0,"item_purchase_floors":[10],"current_hp_per_floor":[64,57,57,44,44,42,42,49,49,49,49,49,49,49,49,25,60,58,58,58,22,22,0],"gold":242,"neow_bonus":"REMOVE_TWO","is_prod":false,"is_daily":false,"chose_seed":false,"campfire_upgraded":3,"win_rate":0,"timestamp":1601055104,"path_taken":["M","?","?","?","?","E","R","E","T","$","M","?","R","M","R","BOSS","M","?","M","M","$","E"],"build_version":"2020-07-30","purchased_purges":1,"victory":false,"max_hp_per_floor":[65,65,65,65,65,65,65,72,72,72,72,72,72,72,72,72,72,72,72,72,72,72,72],"card_choices":[{"not_picked":["EmptyFist","EmptyBody"],"picked":"SignatureMove","floor":1},{"not_picked":["Crescendo","FlurryOfBlows"],"picked":"Evaluate","floor":5},{"not_picked":["Nirvana","EmptyMind"],"picked":"Meditate","floor":6},{"not_picked":["SashWhip","EmptyBody"],"picked":"Consecrate","floor":8},{"not_picked":["CutThroughFate","EmptyBody","Halt"],"picked":"SKIP","floor":11},{"not_picked":["JustLucky","CarveReality","PathToVictory"],"picked":"SKIP","floor":12},{"not_picked":["SashWhip","PathToVictory"],"picked":"Judgement","floor":14},{"not_picked":["Halt","CrushJoints"],"picked":"Pray","floor":18},{"not_picked":["CutThroughFate+1","TalkToTheHand","Consecrate"],"picked":"SKIP","floor":20},{"not_picked":["SashWhip","EmptyFist","CutThroughFate"],"picked":"SKIP","floor":21}],"player_experience":1165581,"relics_obtained":[{"floor":6,"key":"Calipers"},{"floor":8,"key":"Strawberry"},{"floor":9,"key":"Gremlin Horn"},{"floor":19,"key":"Damaru"}],"event_choices":[{"cards_removed":["Strike_P"],"damage_healed":0,"gold_gain":0,"player_choice":"Card Removal","damage_taken":7,"max_hp_gain":0,"max_hp_loss":0,"event_name":"Golden Wing","floor":2,"gold_loss":0},{"cards_removed":["Strike_P"],"damage_healed":0,"gold_gain":0,"player_choice":"Card Removal","damage_taken":0,"max_hp_gain":0,"max_hp_loss":0,"event_name":"The Cleric","floor":3,"gold_loss":50},{"damage_healed":0,"gold_gain":0,"player_choice":"Entered Light","damage_taken":13,"max_hp_gain":0,"max_hp_loss":0,"event_name":"Shining Light","floor":4,"gold_loss":0,"cards_upgraded":["Strike_P","Eruption"]}],"is_beta":false,"boss_relics":[{"not_picked":["Sozu","Ectoplasm"],"picked":"Black Star"}],"items_purged_floors":[22],"is_endless":false,"potions_floor_spawned":[5,6,12,16],"killed_by":"Book of Stabbing","ascension_level":7}