{"gold_per_floor":[109,69,81,93,93,93,124,124,124,49,49,84,84,113,113,211,211,224,149,159,159,74,74,93,128,128,128,128],"floor_reached":28,"playtime":15853,"items_purged":["Strike_P"],"score":499,"play_id":"02324680-1096-467a-8c3e-74156f4a99c2","local_time":"20200930215337","is_ascension_mode":true,"campfire_choices":[{"floor":6,"key":"REST"},{"data":"WreathOfFlame","floor":8,"key":"SMITH"},{"data":"Eruption","floor":11,"key":"SMITH"},{"data":"Judgement","floor":15,"key":"SMITH"},{"data":"Brilliance","floor":23,"key":"SMITH"}],"neow_cost":"PERCENT_DAMAGE","seed_source_timestamp":843430975548900,"circlet_count":0,"master_deck":["Defend_P","Eruption+1","Vigilance","Halt+1","WreathOfFlame+1","Consecrate+1","Judgement+1","Brilliance+1","DeceiveReality+1","Worship+1","Vault+1","TalkToTheHand","Bite","Bite","Bite","Bite","Bite","TalkToTheHand","FollowUp+1"],"relics":["PureWater","Blue Candle","White Beast Statue","TungstenRod","Potion Belt","Astrolabe","MealTicket","CaptainsWheel","Anchor","Enchiridion"],"potions_floor_usage":[2,7,12,28,28,28],"damage_taken":[{"damage":0,"enemies":"Jaw Worm","floor":1,"turns":3},{"damage":0,"enemies":"Cultist","floor":3,"turns":3},{"damage":0,"enemies":"2 Louse","floor":4,"turns":2},{"damage":0,"enemies":"Gremlin Nob","floor":7,"turns":2},{"damage":0,"enemies":"3 Sentries","floor":12,"turns":2},{"damage":0,"enemies":"Gremlin Nob","floor":14,"turns":3},{"damage":35,"enemies":"Slime Boss","floor":16,"turns":13},{"damage":5,"enemies":"2 Thieves","floor":18,"turns":4},{"damage":4,"enemies":"Chosen","floor":20,"turns":4},{"damage":9,"enemies":"Centurion and Healer","floor":24,"turns":3},{"damage":33,"enemies":"Gremlin Leader","floor":25,"turns":7},{"damage":36,"enemies":"Book of Stabbing","floor":28,"turns":6}],"seed_played":"6564279619064823747","potions_obtained":[{"floor":2,"key":"Ambrosia"},{"floor":2,"key":"Ambrosia"},{"floor":2,"key":"Fruit Juice"},{"floor":12,"key":"ColorlessPotion"},{"floor":14,"key":"EssenceOfSteel"},{"floor":16,"key":"BottledMiracle"},{"floor":18,"key":"PowerPotion"},{"floor":20,"key":"Strength Potion"},{"floor":24,"key":"BlessingOfTheForge"}],"is_trial":false,"path_per_floor":["M","?","M","M","?","R","E","R","T","$","R","E","$","E","R","B",null,"M","?","M","?","?","R","M","E","T","?","E"],"character_chosen":"WATCHER","items_purchased":[],"campfire_rested":1,"item_purchase_floors":[],"current_hp_per_floor":[47,52,52,52,37,60,60,60,60,60,60,60,60,60,60,25,64,59,59,55,53,53,53,45,30,30,18,0],"gold":128,"neow_bonus":"REMOVE_TWO","is_prod":false,"is_daily":false,"chose_seed":false,"campfire_upgraded":4,"win_rate":0,"timestamp":1601517217,"path_taken":["M","?","?","M","?","R","E","R","T","$","R","E","$","E","R","BOSS","M","?","M","?","?","R","M","E","T","?","E"],"build_version":"2020-07-30","purchased_purges":1,"victory":false,"max_hp_per_floor":[72,77,77,77,77,77,77,77,77,77,77,77,77,77,77,77,77,77,77,77,53,53,53,53,53,53,53,53],"card_choices":[{"not_picked":["BowlingBash","WaveOfTheHand"],"picked":"Halt","floor":1},{"not_picked":["Prostrate","FlurryOfBlows"],"picked":"WreathOfFlame","floor":3},{"not_picked":["Meditate","JustLucky"],"picked":"Consecrate","floor":4},{"not_picked":["ThirdEye","CrushJoints"],"picked":"Judgement","floor":7},{"not_picked":["Crescendo","CutThroughFate","SashWhip"],"picked":"SKIP","floor":12},{"not_picked":["WheelKick","Wireheading","Prostrate"],"picked":"SKIP","floor":14},{"not_picked":["Blasphemy","Scrawl"],"picked":"Brilliance","floor":16},{"not_picked":["Halt","LikeWater","Protect"],"picked":"SKIP","floor":18},{"not_picked":["Conclude","Perseverance"],"picked":"TalkToTheHand","floor":20},{"not_picked":["Evaluate","Consecrate"],"picked":"TalkToTheHand","floor":24},{"not_picked":["BowlingBash","EmptyFist"],"picked":"FollowUp+1","floor":25}],"player_experience":1172334,"relics_obtained":[{"floor":7,"key":"Blue Candle"},{"floor":9,"key":"White Beast Statue"},{"floor":12,"key":"TungstenRod"},{"floor":14,"key":"Potion Belt"},{"floor":25,"key":"CaptainsWheel"},{"floor":26,"key":"Anchor"},{"floor":27,"key":"Enchiridion"}],"event_choices":[{"damage_healed":0,"gold_gain":0,"player_choice":"Bought 3 Potions","damage_taken":0,"max_hp_gain":0,"max_hp_loss":0,"event_name":"The Woman in Blue","floor":2,"gold_loss":0},{"damage_healed":0,"gold_gain":0,"player_choice":"Entered Light","damage_taken":15,"max_hp_gain":0,"max_hp_loss":0,"event_name":"Shining Light","floor":5,"gold_loss":0,"cards_upgraded":["Halt","Consecrate"]},{"cards_removed":["Defend_P"],"damage_healed":0,"gold_gain":0,"player_choice":"Gave Gold","damage_taken":0,"max_hp_gain":0,"max_hp_loss":0,"event_name":"Beggar","floor":19,"gold_loss":75},{"damage_healed":0,"gold_gain":0,"player_choice":"Became a vampire","damage_taken":0,"max_hp_gain":0,"max_hp_loss":24,"event_name":"Vampires","floor":21,"gold_loss":0,"cards_obtained":["Bite","Bite","Bite","Bite","Bite"]},{"damage_healed":0,"gold_gain":0,"player_choice":"Obtained Relic","damage_taken":0,"relics_obtained":["MealTicket"],"max_hp_gain":0,"max_hp_loss":0,"event_name":"Addict","floor":22,"gold_loss":85},{"damage_healed":0,"gold_gain":0,"player_choice":"Obtained Book","damage_taken":16,"max_hp_gain":0,"max_hp_loss":0,"event_name":"Cursed Tome","floor":27,"gold_loss":0}],"is_beta":false,"boss_relics":[{"not_picked":["Black Star","SacredBark"],"picked":"Astrolabe"}],"items_purged_floors":[10],"is_endless":false,"potions_floor_spawned":[12,14,16,18,20,24,25],"killed_by":"Book of Stabbing","ascension_level":9}