{"gold_per_floor":[16,16,91,137,155,189,189,189,189,232,257,296,296,282,282,403,403,421,441,441],"floor_reached":20,"playtime":2192,"items_purged":[],"score":327,"play_id":"9559fd53-5416-4388-b05c-fc90d3a23302","local_time":"20200925131913","is_ascension_mode":true,"campfire_choices":[{"floor":13,"key":"REST"},{"data":"ForeignInfluence","floor":15,"key":"SMITH"}],"neow_cost":"NO_GOLD","seed_source_timestamp":394199332083600,"circlet_count":0,"master_deck":["Strike_P","Strike_P","Strike_P","Strike_P","Defend_P","Defend_P","Defend_P","Defend_P","Eruption","Vigilance","The Bomb","FollowUp","Nirvana","SignatureMove","ForeignInfluence+1","WreathOfFlame","ConjureBlade","Scrawl","Prostrate","Pray"],"relics":["HolyWater","Golden Idol","MealTicket","The Courier","Unceasing Top","FossilizedHelix","Sundial"],"potions_floor_usage":[10,20],"damage_taken":[{"damage":4,"enemies":"Jaw Worm","floor":1,"turns":4},{"damage":5,"enemies":"Small Slimes","floor":5,"turns":3},{"damage":7,"enemies":"3 Sentries","floor":6,"turns":3},{"damage":17,"enemies":"Gremlin Nob","floor":10,"turns":4},{"damage":0,"enemies":"Cultist","floor":11,"turns":3},{"damage":10,"enemies":"3 Sentries","floor":12,"turns":5},{"damage":11,"enemies":"Exordium Thugs","floor":14,"turns":4},{"damage":0,"enemies":"Slime Boss","floor":16,"turns":6},{"damage":1,"enemies":"3 Byrds","floor":18,"turns":3},{"damage":0,"enemies":"Spheric Guardian","floor":19,"turns":3},{"damage":65,"enemies":"3 Cultists","floor":20,"turns":4}],"seed_played":"3479979922978143816","potions_obtained":[{"floor":6,"key":"ColorlessPotion"},{"floor":10,"key":"LiquidBronze"},{"floor":14,"key":"AttackPotion"},{"floor":16,"key":"SpeedPotion"}],"is_trial":false,"path_per_floor":["M","?","?","T","M","E","T","?","T","E","M","E","R","M","R","B",null,"M","M","M"],"character_chosen":"WATCHER","items_purchased":[],"campfire_rested":1,"item_purchase_floors":[],"current_hp_per_floor":[61,61,50,50,45,38,38,38,38,21,21,11,32,21,21,21,59,58,58,0],"gold":441,"neow_bonus":"RANDOM_COLORLESS_2","is_prod":false,"is_daily":false,"chose_seed":false,"campfire_upgraded":1,"win_rate":0,"timestamp":1601054353,"path_taken":["M","?","?","?","?","E","?","?","T","E","M","E","R","M","R","BOSS","M","M","?"],"build_version":"2020-07-30","purchased_purges":0,"victory":false,"max_hp_per_floor":[72,72,72,72,72,72,72,72,72,72,72,72,72,72,72,72,72,72,72,72],"card_choices":[{"not_picked":["Transmutation","Thinking Ahead"],"picked":"The Bomb","floor":0},{"not_picked":["Study","Crescendo"],"picked":"FollowUp","floor":1},{"not_picked":["CrushJoints","Study"],"picked":"Nirvana","floor":5},{"not_picked":["ClearTheMind","Perseverance"],"picked":"SignatureMove","floor":6},{"not_picked":["Protect","WindmillStrike"],"picked":"ForeignInfluence","floor":10},{"not_picked":["Collect","Protect"],"picked":"WreathOfFlame","floor":11},{"not_picked":["SashWhip","TalkToTheHand","CarveReality"],"picked":"SKIP","floor":12},{"not_picked":["WheelKick","Evaluate"],"picked":"ConjureBlade","floor":14},{"not_picked":["Omniscience","Ragnarok"],"picked":"Scrawl","floor":16},{"not_picked":["Weave","Vengeance"],"picked":"Prostrate","floor":18},{"not_picked":["FlurryOfBlows","Protect"],"picked":"Pray","floor":19}],"player_experience":1163389,"relics_obtained":[{"floor":6,"key":"MealTicket"},{"floor":7,"key":"The Courier"},{"floor":9,"key":"Unceasing Top"},{"floor":10,"key":"FossilizedHelix"},{"floor":12,"key":"Sundial"}],"event_choices":[{"damage_healed":0,"gold_gain":0,"player_choice":"Take Wound","damage_taken":0,"relics_obtained":["Golden Idol"],"max_hp_gain":0,"max_hp_loss":0,"event_name":"Golden Idol","floor":2,"gold_loss":0,"cards_obtained":["Injury"]},{"damage_healed":0,"gold_gain":75,"player_choice":"Gather Gold","damage_taken":11,"max_hp_gain":0,"max_hp_loss":0,"event_name":"World of Goop","floor":3,"gold_loss":0},{"cards_removed":["Injury"],"damage_healed":0,"gold_gain":0,"player_choice":"Purged","damage_taken":0,"max_hp_gain":0,"max_hp_loss":0,"event_name":"Purifier","floor":8,"gold_loss":0}],"is_beta":false,"boss_relics":[{"not_picked":["Sozu","Calling Bell"],"picked":"HolyWater"}],"items_purged_floors":[],"is_endless":false,"potions_floor_spawned":[6,10,14,16],"killed_by":"3 Cultists","ascension_level":7}