{"gold_per_floor":[115,115,115,115,65,98,98,273,273,286,310,11,44,68,68,193,193,208,228,242,242,260,260,273,273,273,306,81,101,101,122,122,245,245,259,328,43,43,57,97,97,112,162,197,197,240,240,265,265,265],"floor_reached":51,"playtime":1909,"items_purged":["Strike_P+1"],"score":1286,"play_id":"4f7bbebd-9a9c-4605-bac6-2fc2c8312d9a","local_time":"20200930172856","is_ascension_mode":true,"campfire_choices":[{"data":"Doubt","floor":15,"key":"PURGE"},{"data":"Defend_P","floor":23,"key":"PURGE"},{"floor":25,"key":"REST"},{"floor":30,"key":"REST"},{"data":"Strike_P+1","floor":32,"key":"PURGE"},{"floor":41,"key":"REST"},{"floor":45,"key":"REST"},{"floor":47,"key":"DIG"},{"floor":49,"key":"DIG"}],"neow_cost":"TEN_PERCENT_HP_LOSS","seed_source_timestamp":841484368637100,"circlet_count":0,"master_deck":["Defend_P+1","Defend_P+1","Defend_P+1","Eruption+1","Vigilance+1","SashWhip+1","Conclude+1","FearNoEvil+1","LessonLearned+1","SashWhip+1","FlurryOfBlows+1","Ragnarok+1","PathToVictory+1","FlurryOfBlows+1","PathToVictory+1","FlurryOfBlows+1"],"relics":["HolyWater","FossilizedHelix","Golden Idol","CaptainsWheel","Ancient Tea Set","InkBottle","Peace Pipe","Boot","Darkstone Periapt","Molten Egg 2","ClockworkSouvenir","Runic Pyramid","Thread and Needle","Mango","Centennial Puzzle","Vajra","Omamori","Shovel","Eternal Feather","Incense Burner"],"potions_floor_usage":[31,33,33,50,50],"damage_taken":[{"damage":0,"enemies":"Small Slimes","floor":1,"turns":2},{"damage":0,"enemies":"Gremlin Nob","floor":6,"turns":3},{"damage":0,"enemies":"2 Louse","floor":10,"turns":1},{"damage":0,"enemies":"Cultist","floor":11,"turns":2},{"damage":0,"enemies":"Lagavulin","floor":13,"turns":4},{"damage":6,"enemies":"Gremlin Gang","floor":14,"turns":3},{"damage":0,"enemies":"Slime Boss","floor":16,"turns":6},{"damage":7,"enemies":"2 Thieves","floor":18,"turns":3},{"damage":0,"enemies":"Spheric Guardian","floor":19,"turns":3},{"damage":0,"enemies":"3 Cultists","floor":20,"turns":3},{"damage":13,"enemies":"Centurion and Healer","floor":22,"turns":7},{"damage":15,"enemies":"Shelled Parasite and Fungi","floor":24,"turns":3},{"damage":7,"enemies":"Slavers","floor":27,"turns":4},{"damage":20,"enemies":"Snake Plant","floor":29,"turns":4},{"damage":0,"enemies":"Snecko","floor":31,"turns":5},{"damage":35,"enemies":"Automaton","floor":33,"turns":7},{"damage":0,"enemies":"Orb Walker","floor":35,"turns":2},{"damage":24,"enemies":"2 Orb Walkers","floor":36,"turns":4},{"damage":18,"enemies":"3 Shapes","floor":39,"turns":5},{"damage":0,"enemies":"Reptomancer","floor":40,"turns":4},{"damage":9,"enemies":"3 Darklings","floor":42,"turns":3},{"damage":85,"enemies":"Giant Head","floor":44,"turns":8},{"damage":0,"enemies":"Nemesis","floor":46,"turns":3},{"damage":0,"enemies":"4 Shapes","floor":48,"turns":5},{"damage":48,"enemies":"Awakened One","floor":50,"turns":6}],"seed_played":"5682875641623797807","potions_obtained":[{"floor":6,"key":"SpeedPotion"},{"floor":10,"key":"StancePotion"},{"floor":18,"key":"BottledMiracle"},{"floor":21,"key":"FairyPotion"},{"floor":31,"key":"SneckoOil"},{"floor":44,"key":"CultistPotion"},{"floor":46,"key":"Strength Potion"}],"is_trial":false,"path_per_floor":["M","?","?","?","?","E","T","?","T","M","M","$","E","M","R","B",null,"M","M","M","?","M","R","M","R","T","E","$","M","R","M","R","B",null,"M","?","$","?","M","E","R","M","T","E","R","E","R","M","R","B",null],"character_chosen":"WATCHER","items_purchased":["Peace Pipe","ClockworkSouvenir","Mango"],"campfire_rested":4,"item_purchase_floors":[12,28,37],"current_hp_per_floor":[65,52,52,52,52,52,52,52,52,52,52,52,52,46,46,46,60,53,53,53,53,40,40,25,44,44,37,37,17,36,36,36,1,49,49,25,39,39,21,21,44,35,35,23,46,46,46,46,55,7],"gold":265,"neow_bonus":"ONE_RARE_RELIC","is_prod":false,"is_daily":false,"chose_seed":false,"campfire_upgraded":0,"win_rate":0,"timestamp":1601501336,"path_taken":["M","?","?","?","?","E","?","?","T","M","?","$","E","M","R","BOSS","M","M","M","?","?","R","M","R","T","E","$","M","R","?","R","BOSS","M","?","$","?","M","E","R","?","T","E","R","E","R","M","R","BOSS"],"build_version":"2020-07-30","purchased_purges":1,"victory":true,"max_hp_per_floor":[65,65,65,65,65,65,65,65,65,65,65,65,65,65,65,65,65,65,65,65,65,65,65,65,65,65,65,65,65,65,65,65,65,65,65,65,79,79,79,79,79,79,79,79,79,79,79,79,79,79],"card_choices":[{"not_picked":["ClearTheMind","Meditate"],"picked":"SashWhip","floor":1},{"not_picked":["FlyingSleeves","Prostrate"],"picked":"Conclude","floor":6},{"not_picked":["ReachHeaven","CrushJoints"],"picked":"FearNoEvil","floor":10},{"not_picked":["Protect","FlyingSleeves","PathToVictory"],"picked":"SKIP","floor":11},{"not_picked":["Vault","EmptyMind","ClearTheMind"],"picked":"SKIP","floor":13},{"not_picked":["SashWhip","ThirdEye","Halt"],"picked":"SKIP","floor":14},{"not_picked":["Alpha","DevaForm"],"picked":"LessonLearned","floor":16},{"not_picked":["Evaluate","JustLucky"],"picked":"SashWhip+1","floor":18},{"not_picked":["WindmillStrike","Consecrate","FearNoEvil"],"picked":"SKIP","floor":19},{"not_picked":["CrushJoints","Wireheading","EmptyFist"],"picked":"SKIP","floor":20},{"not_picked":["FollowUp","CrushJoints","SandsOfTime"],"picked":"SKIP","floor":22},{"not_picked":["Prostrate","Halt","ClearTheMind"],"picked":"SKIP","floor":24},{"not_picked":["Prostrate","Conclude+1"],"picked":"FlurryOfBlows+1","floor":27},{"not_picked":["ClearTheMind","Crescendo","Fasting2"],"picked":"SKIP","floor":29},{"not_picked":["Collect","Nirvana","ClearTheMind"],"picked":"SKIP","floor":31},{"not_picked":["DevaForm","Establishment"],"picked":"Ragnarok+1","floor":33},{"not_picked":["WheelKick+1","LikeWater"],"picked":"PathToVictory+1","floor":35},{"not_picked":["CrushJoints+1","WheelKick+1"],"picked":"FlurryOfBlows+1","floor":36},{"not_picked":["Perseverance","Tantrum+1"],"picked":"PathToVictory","floor":39},{"not_picked":["Wireheading+1","MentalFortress"],"picked":"FlurryOfBlows+1","floor":40},{"not_picked":["CutThroughFate+1","FearNoEvil+1","CrushJoints+1"],"picked":"SKIP","floor":42},{"not_picked":["Halt","Fasting2","Establishment"],"picked":"SKIP","floor":44},{"not_picked":["Halt+1","CutThroughFate+1","Study+1"],"picked":"SKIP","floor":46},{"not_picked":["JustLucky+1","ForeignInfluence+1","EmptyBody+1"],"picked":"SKIP","floor":48}],"player_experience":1170425,"relics_obtained":[{"floor":6,"key":"CaptainsWheel"},{"floor":7,"key":"Ancient Tea Set"},{"floor":9,"key":"InkBottle"},{"floor":13,"key":"Boot"},{"floor":26,"key":"Darkstone Periapt"},{"floor":27,"key":"Molten Egg 2"},{"floor":36,"key":"Thread and Needle"},{"floor":40,"key":"Centennial Puzzle"},{"floor":43,"key":"Vajra"},{"floor":44,"key":"Omamori"},{"floor":46,"key":"Shovel"},{"floor":47,"key":"Eternal Feather"},{"floor":49,"key":"Incense Burner"}],"event_choices":[{"damage_healed":0,"gold_gain":0,"player_choice":"Entered Light","damage_taken":13,"max_hp_gain":0,"max_hp_loss":0,"event_name":"Shining Light","floor":2,"gold_loss":0,"cards_upgraded":["Strike_P","Vigilance"]},{"damage_healed":0,"gold_gain":0,"player_choice":"Take Wound","damage_taken":0,"relics_obtained":["Golden Idol"],"max_hp_gain":0,"max_hp_loss":0,"event_name":"Golden Idol","floor":3,"gold_loss":0,"cards_obtained":["Injury"]},{"cards_removed":["Injury"],"damage_healed":0,"gold_gain":0,"player_choice":"Forget","damage_taken":0,"max_hp_gain":0,"max_hp_loss":0,"event_name":"Living Wall","floor":4,"gold_loss":0},{"cards_removed":["Strike_P"],"damage_healed":0,"gold_gain":0,"player_choice":"Card Removal","damage_taken":0,"max_hp_gain":0,"max_hp_loss":0,"event_name":"The Cleric","floor":5,"gold_loss":50},{"damage_healed":0,"gold_gain":175,"player_choice":"AGREE","damage_taken":0,"max_hp_gain":0,"max_hp_loss":0,"event_name":"Liars Game","floor":8,"gold_loss":0,"cards_obtained":["Doubt"]},{"damage_healed":0,"gold_gain":0,"player_choice":"Got Potions","damage_taken":0,"max_hp_gain":0,"max_hp_loss":0,"event_name":"Lab","floor":21,"gold_loss":0},{"damage_healed":0,"gold_gain":0,"player_choice":"Fight","damage_taken":0,"max_hp_gain":0,"max_hp_loss":0,"event_name":"Mysterious Sphere","floor":36,"gold_loss":0},{"cards_removed":["Strike_P"],"damage_healed":0,"gold_gain":0,"player_choice":"Purged","damage_taken":0,"max_hp_gain":0,"max_hp_loss":0,"event_name":"Purifier","floor":38,"gold_loss":0}],"is_beta":false,"boss_relics":[{"not_picked":["Busted Crown","Coffee Dripper"],"picked":"HolyWater"},{"not_picked":["Cursed Key","SacredBark"],"picked":"Runic Pyramid"}],"items_purged_floors":[28],"is_endless":false,"potions_floor_spawned":[6,10,18,22,24,31,42,44,46],"ascension_level":8}