{"gold_per_floor":[115,115,65,75,89,89,102,102,128,171,188,215,215],"floor_reached":13,"playtime":419,"items_purged":[],"score":138,"play_id":"b3238a45-64d5-4204-98f8-9ed6629cdef7","local_time":"20201001221912","is_ascension_mode":true,"campfire_choices":[{"data":"Eruption","floor":6,"key":"SMITH"},{"data":"SignatureMove","floor":8,"key":"SMITH"}],"neow_cost":"NONE","seed_source_timestamp":946803457190300,"circlet_count":0,"master_deck":["Strike_P","Strike_P","Strike_P","Defend_P","Defend_P+1","Defend_P","Eruption+1","Vigilance+1","Weave","Sanctity","Halt","SignatureMove+1","LessonLearned"],"relics":["PureWater","NeowsBlessing","Bronze Scales","CeramicFish","TeardropLocket"],"potions_floor_usage":[10,10,12],"damage_taken":[{"damage":0,"enemies":"Small Slimes","floor":1,"turns":1},{"damage":0,"enemies":"Jaw Worm","floor":4,"turns":1},{"damage":0,"enemies":"Cultist","floor":5,"turns":1},{"damage":5,"enemies":"Exordium Wildlife","floor":7,"turns":2},{"damage":12,"enemies":"Lagavulin","floor":10,"turns":4},{"damage":7,"enemies":"Large Slime","floor":11,"turns":6},{"damage":6,"enemies":"3 Sentries","floor":12,"turns":5},{"damage":42,"enemies":"Gremlin Gang","floor":13,"turns":3}],"seed_played":"-1832722490102891782","potions_obtained":[{"floor":1,"key":"ColorlessPotion"},{"floor":4,"key":"BlessingOfTheForge"},{"floor":5,"key":"AttackPotion"},{"floor":12,"key":"Regen Potion"}],"is_trial":false,"path_per_floor":["M","?","?","M","M","R","M","R","T","E","M","E","M"],"character_chosen":"WATCHER","items_purchased":[],"campfire_rested":0,"item_purchase_floors":[],"current_hp_per_floor":[65,65,65,65,65,65,60,60,60,48,41,35,0],"gold":215,"neow_bonus":"THREE_ENEMY_KILL","is_prod":false,"is_daily":false,"chose_seed":false,"campfire_upgraded":2,"win_rate":0,"timestamp":1601605152,"path_taken":["M","?","?","M","?","R","M","R","T","E","M","E","M"],"build_version":"2020-07-30","purchased_purges":0,"victory":false,"max_hp_per_floor":[72,72,72,72,72,72,72,72,72,72,72,72,72],"card_choices":[{"not_picked":["Crescendo","FlurryOfBlows"],"picked":"Weave","floor":1},{"not_picked":["EmptyMind","WheelKick"],"picked":"Halt","floor":4},{"not_picked":["Sanctity","Halt"],"picked":"SignatureMove","floor":5},{"not_picked":["Protect","JustLucky","Sanctity"],"picked":"SKIP","floor":7},{"not_picked":["Pray","Halt"],"picked":"LessonLearned","floor":10},{"not_picked":["Prostrate","Halt","Evaluate"],"picked":"SKIP","floor":11},{"not_picked":["EmptyBody","ClearTheMind","Prostrate"],"picked":"SKIP","floor":12}],"player_experience":1188415,"relics_obtained":[{"floor":9,"key":"Bronze Scales"},{"floor":10,"key":"CeramicFish"},{"floor":12,"key":"TeardropLocket"}],"event_choices":[{"damage_healed":0,"gold_gain":0,"cards_transformed":["Strike_P"],"player_choice":"Change","damage_taken":0,"max_hp_gain":0,"max_hp_loss":0,"event_name":"Living Wall","floor":2,"gold_loss":0,"cards_obtained":["Sanctity"]},{"cards_removed":["Defend_P"],"damage_healed":0,"gold_gain":0,"player_choice":"Card Removal","damage_taken":0,"max_hp_gain":0,"max_hp_loss":0,"event_name":"The Cleric","floor":3,"gold_loss":50}],"is_beta":false,"boss_relics":[],"items_purged_floors":[],"is_endless":false,"potions_floor_spawned":[1,4,5,12],"killed_by":"Gremlin Gang","ascension_level":9}