{"gold_per_floor":[10,10,22,22,22,48,66,392,392,423,267,267,283,283,283,402,465,488,506,238,238,259,299,322,322,322,342,416,416,430,430,430,530,530,549,559,585,585,635,635,635,648,729,460,460,483,492,83,83,83],"floor_reached":51,"playtime":1763,"items_purged":["Injury","Strike_P"],"score":1181,"play_id":"6766cdbf-d138-4efc-a511-e4c5497aeb66","local_time":"20200930165628","is_ascension_mode":true,"campfire_choices":[{"data":"1","floor":12,"key":"LIFT"},{"data":"2","floor":15,"key":"LIFT"},{"floor":25,"key":"REST"},{"floor":32,"key":"REST"},{"data":"3","floor":40,"key":"LIFT"},{"data":"Apotheosis","floor":49,"key":"SMITH"}],"neow_cost":"NO_GOLD","seed_source_timestamp":839670731877700,"circlet_count":0,"master_deck":["Strike_P","Strike_P","Defend_P","Defend_P","Defend_P+1","Defend_P+1","Eruption","Vigilance+1","Brilliance","Sanctity","Judgement","Swivel","ForeignInfluence","Prostrate","Ragnarok","Apotheosis+1","Jack Of All Trades","Tantrum","Panache"],"relics":["PureWater","CaptainsWheel","Old Coin","Girya","Damaru","Tiny Chest","Bloody Idol","Tiny House","CeramicFish","Ornamental Fan","Matryoshka","SacredBark","Mercury Hourglass","Thread and Needle","Pear","Bag of Preparation","Pen Nib","Boot","Yang","ClockworkSouvenir"],"potions_floor_usage":[6,19,30,33,33,33,38,50,50],"damage_taken":[{"damage":0,"enemies":"Cultist","floor":1,"turns":4},{"damage":0,"enemies":"2 Louse","floor":3,"turns":1},{"damage":0,"enemies":"Gremlin Nob","floor":6,"turns":2},{"damage":2,"enemies":"Small Slimes","floor":7,"turns":2},{"damage":0,"enemies":"3 Sentries","floor":8,"turns":5},{"damage":0,"enemies":"Gremlin Nob","floor":10,"turns":2},{"damage":0,"enemies":"Blue Slaver","floor":13,"turns":2},{"damage":4,"enemies":"The Guardian","floor":16,"turns":8},{"damage":3,"enemies":"Spheric Guardian","floor":18,"turns":3},{"damage":8,"enemies":"Shell Parasite","floor":19,"turns":5},{"damage":13,"enemies":"Snake Plant","floor":22,"turns":2},{"damage":25,"enemies":"Book of Stabbing","floor":23,"turns":5},{"damage":12,"enemies":"Chosen and Byrds","floor":24,"turns":4},{"damage":0,"enemies":"3 Cultists","floor":27,"turns":4},{"damage":8,"enemies":"Snake Plant","floor":30,"turns":4},{"damage":49,"enemies":"Collector","floor":33,"turns":10},{"damage":6,"enemies":"Orb Walker","floor":35,"turns":3},{"damage":0,"enemies":"3 Shapes","floor":36,"turns":4},{"damage":0,"enemies":"Transient","floor":38,"turns":1},{"damage":5,"enemies":"Mind Bloom Boss Battle","floor":39,"turns":6},{"damage":18,"enemies":"Maw","floor":42,"turns":6},{"damage":74,"enemies":"Time Eater","floor":50,"turns":9}],"seed_played":"-7419388642176903764","potions_obtained":[{"floor":1,"key":"AttackPotion"},{"floor":7,"key":"Dexterity Potion"},{"floor":10,"key":"SpeedPotion"},{"floor":13,"key":"ColorlessPotion"},{"floor":17,"key":"DistilledChaos"},{"floor":23,"key":"ColorlessPotion"},{"floor":30,"key":"GamblersBrew"},{"floor":33,"key":"EntropicBrew"},{"floor":36,"key":"SmokeBomb"}],"is_trial":false,"path_per_floor":["M","?","M","?","?","E","M","E","T","E","$","R","M","?","R","B",null,"M","M","$","?","M","E","M","R","T","M","T","?","M","?","R","B",null,"M","M","T","M","?","R","?","M","T","$","?","T","?","$","R","B",null],"character_chosen":"WATCHER","items_purchased":["Tiny Chest","Apotheosis","Pen Nib","Tantrum","Yang","ClockworkSouvenir"],"campfire_rested":2,"item_purchase_floors":[11,20,44,44,48,48],"current_hp_per_floor":[65,65,65,51,56,56,54,54,54,54,54,54,54,54,54,50,75,72,64,64,64,51,26,14,38,38,38,38,38,30,30,54,10,64,63,68,73,73,73,73,73,60,75,80,80,85,90,90,90,16],"gold":83,"neow_bonus":"THREE_RARE_CARDS","is_prod":false,"is_daily":false,"chose_seed":false,"campfire_upgraded":1,"win_rate":0,"timestamp":1601499388,"path_taken":["M","?","M","?","?","E","M","E","T","E","$","R","M","?","R","BOSS","M","M","$","?","M","E","?","R","T","M","?","?","?","?","R","BOSS","M","M","?","M","?","R","?","M","T","$","?","?","?","?","R","BOSS"],"build_version":"2020-07-30","purchased_purges":2,"victory":true,"max_hp_per_floor":[72,72,72,72,77,77,77,77,77,77,77,77,77,77,77,77,82,82,82,82,82,82,82,82,82,82,82,82,82,82,82,82,82,82,82,82,82,82,82,82,82,82,92,92,92,92,92,92,92,92],"card_choices":[{"not_picked":["DeusExMachina","Wish"],"picked":"Brilliance","floor":0},{"not_picked":["EmptyBody","Vengeance"],"picked":"Sanctity","floor":1},{"not_picked":["SandsOfTime","ClearTheMind"],"picked":"WheelKick","floor":3},{"not_picked":["FearNoEvil","PathToVictory"],"picked":"Swivel","floor":6},{"not_picked":["Conclude","Nirvana","SashWhip"],"picked":"SKIP","floor":7},{"not_picked":["Conclude","Nirvana","SashWhip"],"picked":"SKIP","floor":7},{"not_picked":["Conclude","Nirvana","SashWhip"],"picked":"SKIP","floor":7},{"not_picked":["Wallop","Adaptation","SignatureMove"],"picked":"SKIP","floor":8},{"not_picked":["ReachHeaven","Weave"],"picked":"ForeignInfluence","floor":10},{"not_picked":["Consecrate","MentalFortress"],"picked":"Prostrate","floor":13},{"not_picked":["Blasphemy","LessonLearned"],"picked":"Ragnarok","floor":16},{"not_picked":["CrushJoints+1","FlurryOfBlows+1","Halt"],"picked":"SKIP","floor":18},{"not_picked":["Crescendo","ReachHeaven","Wireheading"],"picked":"SKIP","floor":19},{"not_picked":["Fasting2+1","Tantrum","EmptyFist"],"picked":"SKIP","floor":22},{"not_picked":["Tantrum+1","BowlingBash","SpiritShield"],"picked":"SKIP","floor":23},{"not_picked":["Study","PathToVictory+1","WheelKick"],"picked":"SKIP","floor":24},{"not_picked":["Wireheading+1","WindmillStrike","Collect"],"picked":"SKIP","floor":27},{"not_picked":["PathToVictory+1","SignatureMove","Evaluate"],"picked":"SKIP","floor":30},{"not_picked":["Swivel","FollowUp+1","MentalFortress+1"],"picked":"SKIP","floor":35},{"not_picked":["FlurryOfBlows+1","Evaluate+1","ForeignInfluence+1"],"picked":"SKIP","floor":36},{"not_picked":["EmptyBody","CutThroughFate+1","Study"],"picked":"SKIP","floor":42},{"not_picked":["Flash of Steel","Forethought"],"picked":"Panache","floor":47}],"player_experience":1168662,"relics_obtained":[{"floor":6,"key":"CaptainsWheel"},{"floor":8,"key":"Old Coin"},{"floor":9,"key":"Girya"},{"floor":10,"key":"Damaru"},{"floor":23,"key":"CeramicFish"},{"floor":26,"key":"Ornamental Fan"},{"floor":28,"key":"Matryoshka"},{"floor":37,"key":"Mercury Hourglass"},{"floor":39,"key":"Thread and Needle"},{"floor":43,"key":"Pear"},{"floor":43,"key":"Bag of Preparation"},{"floor":46,"key":"Boot"}],"event_choices":[{"damage_healed":0,"gold_gain":0,"cards_transformed":["Strike_P"],"player_choice":"Change","damage_taken":0,"max_hp_gain":0,"max_hp_loss":0,"event_name":"Living Wall","floor":2,"gold_loss":0,"cards_obtained":["Judgement"]},{"damage_healed":0,"gold_gain":0,"player_choice":"Entered Light","damage_taken":14,"max_hp_gain":0,"max_hp_loss":0,"event_name":"Shining Light","floor":4,"gold_loss":0,"cards_upgraded":["Defend_P","Vigilance"]},{"damage_healed":0,"gold_gain":0,"player_choice":"Donut","damage_taken":0,"max_hp_gain":5,"max_hp_loss":0,"event_name":"Big Fish","floor":5,"gold_loss":0},{"damage_healed":0,"gold_gain":0,"player_choice":"Take Wound","damage_taken":0,"relics_obtained":["Golden Idol"],"max_hp_gain":0,"max_hp_loss":0,"event_name":"Golden Idol","floor":14,"gold_loss":0,"cards_obtained":["Injury"]},{"damage_healed":0,"gold_gain":0,"player_choice":"1 cards matched","damage_taken":0,"max_hp_gain":0,"max_hp_loss":0,"event_name":"Match and Keep!","floor":21,"gold_loss":0,"cards_obtained":["Jack Of All Trades"]},{"damage_healed":0,"gold_gain":0,"player_choice":"Bought 0 Potions","damage_taken":0,"max_hp_gain":0,"max_hp_loss":0,"event_name":"The Woman in Blue","floor":29,"gold_loss":0},{"damage_healed":0,"gold_gain":0,"player_choice":"Gave Idol","damage_taken":0,"relics_obtained":["Bloody Idol"],"max_hp_gain":0,"max_hp_loss":0,"event_name":"Forgotten Altar","floor":31,"relics_lost":["Golden Idol"],"gold_loss":0},{"damage_healed":0,"gold_gain":0,"player_choice":"Fight","damage_taken":0,"max_hp_gain":0,"max_hp_loss":0,"event_name":"MindBloom","floor":39,"gold_loss":0},{"cards_removed":["WheelKick"],"damage_healed":0,"gold_gain":0,"player_choice":"Removed Attack","damage_taken":0,"max_hp_gain":0,"max_hp_loss":0,"event_name":"Falling","floor":41,"gold_loss":0},{"damage_healed":0,"gold_gain":0,"player_choice":"Ignored","damage_taken":0,"max_hp_gain":0,"max_hp_loss":0,"event_name":"Tomb of Lord Red Mask","floor":45,"gold_loss":0},{"damage_healed":0,"gold_gain":0,"player_choice":"Memory 1","damage_taken":0,"max_hp_gain":0,"max_hp_loss":0,"event_name":"SensoryStone","floor":47,"gold_loss":0}],"is_beta":false,"boss_relics":[{"not_picked":["Cursed Key","Astrolabe"],"picked":"Tiny House"},{"not_picked":["Snecko Eye","Runic Pyramid"],"picked":"SacredBark"}],"items_purged_floors":[20,44],"is_endless":false,"potions_floor_spawned":[1,7,10,13,18,23,30,33,36,38],"ascension_level":7}