{"gold_per_floor":[119,119,119,119,134,134,169,169,217,244,319,333,333,343,343,444,444,458,477,505,523,523,523,523,523,523,523,856,866,880,917,917,1021,1021,1032,1032,657,657,671,671,685,711,711,711,736,138,170,170,170,170],"floor_reached":51,"playtime":2378,"items_purged":[],"score":1278,"play_id":"1f296aee-9bb5-49e7-89c6-a88b38938c70","local_time":"20201006152736","is_ascension_mode":true,"campfire_choices":[{"data":"CrushJoints","floor":6,"key":"SMITH"},{"data":"Consecrate","floor":8,"key":"SMITH"},{"floor":13,"key":"REST"},{"data":"DevaForm","floor":15,"key":"SMITH"},{"floor":23,"key":"DIG"},{"floor":25,"key":"DIG"},{"floor":32,"key":"REST"},{"floor":40,"key":"DIG"},{"floor":44,"key":"DIG"},{"floor":49,"key":"DIG"}],"neow_cost":"NONE","seed_source_timestamp":364552682907600,"circlet_count":0,"master_deck":["Strike_P+1","Defend_P","Eruption+1","Vigilance+1","CrushJoints+1","Consecrate+1","FollowUp+1","Adaptation","WheelKick","DevaForm+1","MentalFortress+1","DeusExMachina+1","Perseverance+1","WreathOfFlame+1","Protect+1","ReachHeaven","EmptyMind","SandsOfTime","Wish","Fasting2+1","ConjureBlade","Prostrate+1","Enlightenment+1"],"relics":["PureWater","NeowsBlessing","Happy Flower","Whetstone","InkBottle","Astrolabe","Red Mask","Shovel","Art of War","Gremlin Horn","Mercury Hourglass","Omamori","Old Coin","Busted Crown","Incense Burner","Eternal Feather","Thread and Needle","StoneCalendar","StrikeDummy","Toxic Egg 2","Pantograph","Toolbox","Toy Ornithopter","Pen Nib"],"potions_floor_usage":[16,18,20,29,41,42,45,50,50],"damage_taken":[{"damage":0,"enemies":"Small Slimes","floor":1,"turns":1},{"damage":0,"enemies":"2 Louse","floor":5,"turns":1},{"damage":0,"enemies":"Gremlin Nob","floor":7,"turns":1},{"damage":11,"enemies":"Lagavulin","floor":10,"turns":5},{"damage":0,"enemies":"Cultist","floor":12,"turns":3},{"damage":0,"enemies":"Large Slime","floor":14,"turns":1},{"damage":34,"enemies":"The Guardian","floor":16,"turns":6},{"damage":12,"enemies":"3 Byrds","floor":18,"turns":3},{"damage":0,"enemies":"Spheric Guardian","floor":19,"turns":2},{"damage":7,"enemies":"Masked Bandits","floor":20,"turns":3},{"damage":13,"enemies":"Cultist and Chosen","floor":21,"turns":6},{"damage":10,"enemies":"Book of Stabbing","floor":28,"turns":5},{"damage":9,"enemies":"Snake Plant","floor":29,"turns":3},{"damage":2,"enemies":"Shelled Parasite and Fungi","floor":30,"turns":2},{"damage":0,"enemies":"3 Cultists","floor":31,"turns":4},{"damage":25,"enemies":"Collector","floor":33,"turns":7},{"damage":26,"enemies":"3 Darklings","floor":35,"turns":3},{"damage":9,"enemies":"3 Shapes","floor":39,"turns":4},{"damage":0,"enemies":"Writhing Mass","floor":41,"turns":6},{"damage":23,"enemies":"Nemesis","floor":42,"turns":5},{"damage":9,"enemies":"Reptomancer","floor":45,"turns":5},{"damage":16,"enemies":"Nemesis","floor":47,"turns":5},{"damage":24,"enemies":"Awakened One","floor":50,"turns":8}],"seed_played":"6478933781610279279","potions_obtained":[{"floor":1,"key":"SkillPotion"},{"floor":10,"key":"FairyPotion"},{"floor":16,"key":"FearPotion"},{"floor":18,"key":"ColorlessPotion"},{"floor":29,"key":"Fruit Juice"},{"floor":33,"key":"Ancient Potion"},{"floor":35,"key":"FearPotion"},{"floor":38,"key":"Energy Potion"},{"floor":38,"key":"StancePotion"},{"floor":41,"key":"PowerPotion"}],"is_trial":false,"path_per_floor":["M","?","?","?","M","R","E","R","T","E","?","M","R","M","R","B",null,"M","M","?","M","T","R","?","R","T","?","E","M","M","M","R","B",null,"M","?","$","?","M","R","M","E","T","R","E","$","E","?","R","B",null],"character_chosen":"WATCHER","items_purchased":["Incense Burner","Fasting2","Pantograph","Enlightenment+1","Toolbox","Energy Potion","Dexterity Potion"],"campfire_rested":2,"item_purchase_floors":[37,37,46,46,46,46,46],"current_hp_per_floor":[65,58,44,44,44,44,44,44,44,33,22,22,43,43,43,9,56,44,44,37,24,24,24,24,24,24,24,14,10,8,8,31,6,59,33,67,67,67,58,58,58,35,35,47,38,38,22,22,34,43],"gold":170,"neow_bonus":"THREE_ENEMY_KILL","is_prod":false,"is_daily":false,"chose_seed":false,"campfire_upgraded":3,"win_rate":0,"timestamp":1602012456,"path_taken":["M","?","?","?","?","R","E","R","T","E","?","M","R","M","R","BOSS","M","M","?","M","?","R","?","R","T","?","E","?","M","M","R","BOSS","M","?","$","?","?","R","M","E","T","R","E","$","E","?","R","BOSS"],"build_version":"2020-07-30","purchased_purges":0,"victory":true,"max_hp_per_floor":[72,72,72,72,72,72,72,72,72,72,72,72,72,72,72,72,72,72,72,72,72,72,72,72,72,72,72,72,77,77,77,77,77,77,77,67,67,67,67,67,67,67,67,67,67,67,67,67,67,67],"card_choices":[{"not_picked":["Consecrate","CarveReality"],"picked":"CrushJoints","floor":1},{"not_picked":["Perseverance","Evaluate"],"picked":"Consecrate","floor":5},{"not_picked":["EmptyMind","ClearTheMind"],"picked":"FollowUp","floor":7},{"not_picked":["Crescendo","EmptyFist"],"picked":"Adaptation","floor":10},{"not_picked":["CutThroughFate","ThirdEye"],"picked":"WheelKick","floor":12},{"not_picked":["Prostrate","Consecrate"],"picked":"DevaForm","floor":14},{"not_picked":["ConjureBlade","DevaForm"],"picked":"DeusExMachina","floor":16},{"not_picked":["Crescendo","EmptyBody","BowlingBash"],"picked":"SKIP","floor":18},{"not_picked":["PathToVictory","SashWhip+1"],"picked":"WreathOfFlame+1","floor":19},{"not_picked":["JustLucky","EmptyBody"],"picked":"Protect+1","floor":20},{"not_picked":["ClearTheMind","WheelKick+1"],"picked":"ReachHeaven","floor":21},{"not_picked":["ThirdEye+1","Consecrate"],"picked":"SandsOfTime","floor":28},{"not_picked":["PathToVictory","CrushJoints"],"picked":"Wish","floor":29},{"not_picked":["Evaluate+1","Collect"],"picked":"Fasting2+1","floor":30},{"not_picked":["WreathOfFlame","PathToVictory","FlurryOfBlows+1"],"picked":"SKIP","floor":31},{"not_picked":["Scrawl","DeusExMachina"],"picked":"ConjureBlade","floor":33},{"not_picked":["Indignation"],"picked":"SKIP","floor":35},{"not_picked":["SashWhip"],"picked":"SKIP","floor":39},{"not_picked":["Protect+1"],"picked":"SKIP","floor":41},{"not_picked":["FlyingSleeves"],"picked":"SKIP","floor":42},{"not_picked":[],"picked":"Prostrate+1","floor":45},{"not_picked":["FlurryOfBlows"],"picked":"SKIP","floor":47}],"player_experience":1192729,"relics_obtained":[{"floor":7,"key":"Happy Flower"},{"floor":9,"key":"Whetstone"},{"floor":10,"key":"InkBottle"},{"floor":20,"key":"Red Mask"},{"floor":22,"key":"Shovel"},{"floor":23,"key":"Art of War"},{"floor":25,"key":"Gremlin Horn"},{"floor":26,"key":"Mercury Hourglass"},{"floor":28,"key":"Old Coin"},{"floor":40,"key":"Eternal Feather"},{"floor":42,"key":"Thread and Needle"},{"floor":43,"key":"StoneCalendar"},{"floor":44,"key":"StrikeDummy"},{"floor":45,"key":"Toxic Egg 2"},{"floor":47,"key":"Toy Ornithopter"},{"floor":49,"key":"Pen Nib"}],"event_choices":[{"cards_removed":["Strike_P"],"damage_healed":0,"gold_gain":0,"player_choice":"Card Removal","damage_taken":7,"max_hp_gain":0,"max_hp_loss":0,"event_name":"Golden Wing","floor":2,"gold_loss":0},{"damage_healed":0,"gold_gain":0,"player_choice":"Entered Light","damage_taken":14,"max_hp_gain":0,"max_hp_loss":0,"event_name":"Shining Light","floor":3,"gold_loss":0,"cards_upgraded":["Eruption","Vigilance"]},{"cards_removed":["Strike_P"],"damage_healed":0,"gold_gain":0,"player_choice":"Offered Basic","damage_taken":0,"max_hp_gain":0,"max_hp_loss":0,"event_name":"Bonfire Elementals","floor":4,"gold_loss":0},{"damage_healed":0,"gold_gain":75,"player_choice":"Gather Gold","damage_taken":11,"max_hp_gain":0,"max_hp_loss":0,"event_name":"World of Goop","floor":11,"gold_loss":0},{"damage_healed":0,"gold_gain":0,"player_choice":"Fought Bandits","damage_taken":0,"max_hp_gain":0,"max_hp_loss":0,"event_name":"Masked Bandits","floor":20,"gold_loss":0},{"damage_healed":0,"gold_gain":0,"cards_transformed":["DeusExMachina","Defend_P"],"player_choice":"Became Test Subject","damage_taken":0,"max_hp_gain":0,"max_hp_loss":0,"event_name":"Drug Dealer","floor":24,"gold_loss":0,"cards_obtained":["JustLucky","EmptyMind"]},{"cards_removed":["JustLucky"],"damage_healed":0,"gold_gain":0,"player_choice":"Gave Card","damage_taken":0,"relics_obtained":["Omamori"],"max_hp_gain":0,"max_hp_loss":0,"event_name":"WeMeetAgain","floor":27,"gold_loss":0},{"damage_healed":67,"gold_gain":0,"player_choice":"Heal","damage_taken":0,"max_hp_gain":0,"max_hp_loss":10,"event_name":"The Moai Head","floor":36,"gold_loss":0},{"damage_healed":0,"gold_gain":0,"player_choice":"Got Potions","damage_taken":0,"max_hp_gain":0,"max_hp_loss":0,"event_name":"Lab","floor":38,"gold_loss":0},{"cards_removed":["Fasting2"],"damage_healed":0,"gold_gain":0,"player_choice":"Removed Power","damage_taken":0,"max_hp_gain":0,"max_hp_loss":0,"event_name":"Falling","floor":48,"gold_loss":0}],"is_beta":false,"boss_relics":[{"not_picked":["Philosopher\u0027s Stone","Calling Bell"],"picked":"Astrolabe"},{"not_picked":["SlaversCollar","Empty Cage"],"picked":"Busted Crown"}],"items_purged_floors":[],"is_endless":false,"potions_floor_spawned":[1,10,16,18,29,33,35,41],"ascension_level":9}