{"gold_per_floor":[112,287,287,237,251,251,282,207,252,252,279,22,35,55,55,55],"floor_reached":16,"playtime":459,"items_purged":["Strike_P"],"score":162,"play_id":"a61e97e0-d4a9-49be-9f0a-6ad7d364b062","local_time":"20201006170411","is_ascension_mode":true,"campfire_choices":[{"data":"Eruption","floor":6,"key":"SMITH"},{"floor":10,"key":"REST"},{"floor":15,"key":"REST"}],"neow_cost":"CURSE","seed_source_timestamp":372274938953700,"circlet_count":0,"master_deck":["AscendersBane","Strike_P","Strike_P","Strike_P","Defend_P","Defend_P","Defend_P+1","Defend_P","Eruption+1","Vigilance","BowlingBash+1","PathToVictory","LessonLearned","Panache","Flash of Steel"],"relics":["PureWater","Art of War","Bronze Scales","CaptainsWheel"],"potions_floor_usage":[14,16],"damage_taken":[{"damage":4,"enemies":"Small Slimes","floor":1,"turns":5},{"damage":3,"enemies":"2 Louse","floor":5,"turns":3},{"damage":39,"enemies":"Lagavulin","floor":7,"turns":6},{"damage":52,"enemies":"Gremlin Nob","floor":11,"turns":5},{"damage":0,"enemies":"Jaw Worm","floor":13,"turns":5},{"damage":0,"enemies":"Gremlin Gang","floor":14,"turns":3},{"damage":43,"enemies":"Hexaghost","floor":16,"turns":7}],"seed_played":"-1343354964806390939","potions_obtained":[{"floor":11,"key":"Block Potion"},{"floor":13,"key":"EssenceOfSteel"}],"is_trial":false,"path_per_floor":["M","?","?","?","M","R","E","$","T","R","E","$","M","M","R","B"],"character_chosen":"WATCHER","items_purchased":["Panache","Flash of Steel"],"campfire_rested":2,"item_purchase_floors":[12,12],"current_hp_per_floor":[75,75,75,75,72,72,33,33,33,57,5,5,5,5,29,0],"gold":55,"neow_bonus":"TWENTY_PERCENT_HP_BONUS","is_prod":false,"is_daily":false,"chose_seed":false,"campfire_upgraded":1,"win_rate":0,"timestamp":1602018251,"path_taken":["M","?","?","?","M","R","E","$","T","R","E","?","?","M","R","BOSS"],"build_version":"2020-07-30","purchased_purges":1,"victory":false,"max_hp_per_floor":[86,86,86,83,83,83,83,83,83,83,83,83,83,83,83,83],"card_choices":[{"not_picked":["EmptyBody","Weave"],"picked":"BowlingBash","floor":1},{"not_picked":["Fasting2","Nirvana"],"picked":"PathToVictory","floor":5},{"not_picked":["Halt","EmptyFist"],"picked":"LessonLearned","floor":7},{"not_picked":["EmptyFist","SashWhip","Wireheading"],"picked":"SKIP","floor":11},{"not_picked":["ClearTheMind","Consecrate","Weave"],"picked":"SKIP","floor":13},{"not_picked":["Meditate","Weave","FlurryOfBlows"],"picked":"SKIP","floor":14}],"player_experience":1195107,"relics_obtained":[{"floor":7,"key":"Art of War"},{"floor":9,"key":"Bronze Scales"},{"floor":11,"key":"CaptainsWheel"}],"event_choices":[{"damage_healed":0,"gold_gain":175,"player_choice":"AGREE","damage_taken":0,"max_hp_gain":0,"max_hp_loss":0,"event_name":"Liars Game","floor":2,"gold_loss":0,"cards_obtained":["Doubt"]},{"cards_removed":["Doubt"],"damage_healed":0,"gold_gain":0,"player_choice":"Forget","damage_taken":0,"max_hp_gain":0,"max_hp_loss":0,"event_name":"Living Wall","floor":3,"gold_loss":0},{"cards_removed":["Parasite"],"damage_healed":0,"gold_gain":0,"player_choice":"Card Removal","damage_taken":0,"max_hp_gain":0,"max_hp_loss":0,"event_name":"The Cleric","floor":4,"gold_loss":50}],"is_beta":false,"boss_relics":[],"items_purged_floors":[8],"is_endless":false,"potions_floor_spawned":[11,13],"killed_by":"Hexaghost","ascension_level":10}