{"gold_per_floor":[109,109,109,109,134,134,173,198,223,258,279,279,153,171,171,300,300,316,329,344,382,382,382,84,122,122,122,155,155,155,173,173,296,296,317,650,264,264,486,486,516,516,516,387,387,419,40,74,74,74],"floor_reached":50,"playtime":1918,"items_purged":["Strike_P","Strike_P","Strike_P","Defend_P"],"score":1117,"play_id":"af399e4f-c803-41bb-9ea4-7a64ad95340c","local_time":"20201007111941","is_ascension_mode":true,"campfire_choices":[{"data":"Eruption","floor":6,"key":"SMITH"},{"data":"Blasphemy","floor":12,"key":"SMITH"},{"data":"Vigilance","floor":15,"key":"SMITH"},{"floor":23,"key":"REST"},{"data":"Ragnarok","floor":27,"key":"SMITH"},{"data":"LikeWater","floor":32,"key":"SMITH"},{"data":"Establishment","floor":40,"key":"SMITH"},{"floor":42,"key":"REST"},{"data":"SandsOfTime","floor":45,"key":"SMITH"},{"data":"Defend_P","floor":49,"key":"SMITH"}],"neow_cost":"CURSE","seed_source_timestamp":436552882921400,"circlet_count":0,"master_deck":["AscendersBane","Strike_P+1","Defend_P+1","Defend_P","Defend_P+1","Eruption+1","Vigilance+1","Blasphemy+1","InnerPeace","ClearTheMind","ForeignInfluence+1","BowlingBash","SandsOfTime+1","Ragnarok+1","Consecrate+1","Perseverance+1","LikeWater+1","Establishment+1","CurseOfTheBell"],"relics":["PureWater","Spirit Poop","Smiling Mask","Happy Flower","Pen Nib","SlaversCollar","Red Mask","War Paint","HornCleat","Singing Bowl","Damaru","Gremlin Horn","Enchiridion","Calling Bell","Anchor","White Beast Statue","WingedGreaves","Membership Card","Bronze Scales","Akabeko","Bag of Preparation","Shuriken","Vajra","The Courier","ClockworkSouvenir","Bottled Tornado","Regal Pillow","TeardropLocket","Whetstone","Orichalcum"],"potions_floor_usage":[18,20,25,28,33,41],"damage_taken":[{"damage":7,"enemies":"Jaw Worm","floor":1,"turns":3},{"damage":2,"enemies":"2 Louse","floor":5,"turns":2},{"damage":22,"enemies":"Lagavulin","floor":7,"turns":6},{"damage":1,"enemies":"Cultist","floor":8,"turns":4},{"damage":2,"enemies":"3 Sentries","floor":10,"turns":9},{"damage":0,"enemies":"Blue Slaver","floor":11,"turns":3},{"damage":3,"enemies":"Exordium Wildlife","floor":14,"turns":3},{"damage":8,"enemies":"Hexaghost","floor":16,"turns":6},{"damage":22,"enemies":"2 Thieves","floor":18,"turns":3},{"damage":0,"enemies":"Chosen","floor":19,"turns":3},{"damage":10,"enemies":"Snake Plant","floor":20,"turns":3},{"damage":0,"enemies":"Masked Bandits","floor":21,"turns":2},{"damage":0,"enemies":"Book of Stabbing","floor":25,"turns":3},{"damage":0,"enemies":"Gremlin Leader","floor":28,"turns":3},{"damage":3,"enemies":"Centurion and Healer","floor":31,"turns":4},{"damage":9,"enemies":"Champ","floor":33,"turns":4},{"damage":21,"enemies":"3 Darklings","floor":35,"turns":4},{"damage":24,"enemies":"Giant Head","floor":41,"turns":7},{"damage":0,"enemies":"Reptomancer","floor":46,"turns":3},{"damage":0,"enemies":"Nemesis","floor":48,"turns":1},{"damage":66,"enemies":"Time Eater","floor":50,"turns":3}],"seed_played":"1311298113038650261","potions_obtained":[{"floor":1,"key":"Explosive Potion"},{"floor":7,"key":"Weak Potion"},{"floor":11,"key":"FearPotion"},{"floor":18,"key":"ColorlessPotion"},{"floor":21,"key":"Strength Potion"},{"floor":35,"key":"PowerPotion"},{"floor":41,"key":"EssenceOfSteel"},{"floor":46,"key":"SteroidPotion"}],"is_trial":false,"path_per_floor":["M","?","?","?","M","R","E","M","T","E","M","R","$","M","R","B",null,"M","M","M","?","T","R","$","E","T","R","E","?","?","M","R","B",null,"M","?","$","?","?","R","E","R","T","$","R","E","$","E","R","B"],"character_chosen":"WATCHER","items_purchased":["SandsOfTime","HornCleat","Membership Card","Bronze Scales","Akabeko","Block Potion","Vajra","ClockworkSouvenir","Bottled Tornado","Regal Pillow","TeardropLocket","Whetstone"],"campfire_rested":2,"item_purchase_floors":[13,24,37,37,37,37,44,47,47,47,47,47],"current_hp_per_floor":[58,58,58,58,56,56,34,33,33,31,31,31,31,28,28,20,59,37,37,27,27,27,48,48,48,48,48,48,72,56,55,55,46,67,48,48,48,50,50,50,28,52,52,52,52,54,54,56,56,0],"gold":74,"neow_bonus":"THREE_RARE_CARDS","is_prod":false,"is_daily":false,"chose_seed":false,"campfire_upgraded":8,"win_rate":0,"timestamp":1602083981,"path_taken":["M","?","?","?","M","R","E","M","T","E","M","R","$","M","R","BOSS","M","M","?","?","?","R","$","E","T","R","E","?","?","?","R","BOSS","M","?","$","?","?","R","E","R","T","?","R","E","$","E","R","BOSS"],"build_version":"2020-07-30","purchased_purges":4,"victory":false,"max_hp_per_floor":[72,72,72,72,72,72,72,72,72,72,72,72,72,72,72,72,72,72,72,72,72,72,72,72,72,72,72,72,72,72,74,74,74,74,76,76,76,78,78,78,80,80,80,80,80,82,82,84,84,84],"card_choices":[{"not_picked":["Scrawl","Wish"],"picked":"Blasphemy","floor":0},{"not_picked":["FlyingSleeves","Crescendo"],"picked":"InnerPeace","floor":1},{"not_picked":["Prostrate","JustLucky"],"picked":"ClearTheMind","floor":5},{"not_picked":["Swivel","ClearTheMind"],"picked":"ForeignInfluence","floor":7},{"not_picked":["FlurryOfBlows","CarveReality","EmptyMind"],"picked":"SKIP","floor":8},{"not_picked":["CutThroughFate","EmptyFist","FlurryOfBlows"],"picked":"SKIP","floor":10},{"not_picked":["CrushJoints","Indignation"],"picked":"BowlingBash","floor":11},{"not_picked":["FollowUp","Weave","Halt"],"picked":"SKIP","floor":14},{"not_picked":["Vault","SpiritShield"],"picked":"Ragnarok","floor":16},{"not_picked":["CrushJoints","TalkToTheHand","ClearTheMind"],"picked":"SKIP","floor":18},{"not_picked":["CutThroughFate","BowlingBash","EmptyBody"],"picked":"SKIP","floor":19},{"not_picked":["Prostrate","Protect"],"picked":"Consecrate","floor":20},{"not_picked":["Collect","Prostrate"],"picked":"Perseverance+1","floor":25},{"not_picked":["Worship","FlyingSleeves+1"],"picked":"LikeWater","floor":28},{"not_picked":["MentalFortress","Fasting2","SandsOfTime"],"picked":"Singing Bowl","floor":31},{"not_picked":["Devotion","Wish"],"picked":"Establishment","floor":33},{"not_picked":["FollowUp+1","WindmillStrike","Nirvana"],"picked":"Singing Bowl","floor":35},{"not_picked":["PanicButton","Discovery","HandOfGreed"],"picked":"Singing Bowl","floor":38},{"not_picked":["CutThroughFate+1","SandsOfTime","ThirdEye+1"],"picked":"Singing Bowl","floor":41},{"not_picked":["JustLucky+1","Halt","PathToVictory+1"],"picked":"Singing Bowl","floor":46},{"not_picked":["Indignation+1","ReachHeaven","FlyingSleeves"],"picked":"Singing Bowl","floor":48}],"player_experience":1196323,"relics_obtained":[{"floor":7,"key":"Smiling Mask"},{"floor":9,"key":"Happy Flower"},{"floor":10,"key":"Pen Nib"},{"floor":21,"key":"Red Mask"},{"floor":22,"key":"War Paint"},{"floor":25,"key":"Singing Bowl"},{"floor":26,"key":"Damaru"},{"floor":28,"key":"Gremlin Horn"},{"floor":30,"key":"Enchiridion"},{"floor":34,"key":"Anchor"},{"floor":34,"key":"White Beast Statue"},{"floor":34,"key":"WingedGreaves"},{"floor":41,"key":"Bag of Preparation"},{"floor":43,"key":"Shuriken"},{"floor":46,"key":"The Courier"},{"floor":48,"key":"Orichalcum"}],"event_choices":[{"cards_removed":["Writhe"],"damage_healed":0,"gold_gain":0,"player_choice":"Forget","damage_taken":0,"max_hp_gain":0,"max_hp_loss":0,"event_name":"Living Wall","floor":2,"gold_loss":0},{"damage_healed":0,"gold_gain":0,"player_choice":"Take Wound","damage_taken":0,"relics_obtained":["Golden Idol"],"max_hp_gain":0,"max_hp_loss":0,"event_name":"Golden Idol","floor":3,"gold_loss":0,"cards_obtained":["Injury"]},{"cards_removed":["Injury"],"damage_healed":0,"gold_gain":0,"player_choice":"Offered Curse","damage_taken":0,"relics_obtained":["Spirit Poop"],"max_hp_gain":0,"max_hp_loss":0,"event_name":"Bonfire Elementals","floor":4,"gold_loss":0},{"damage_healed":0,"gold_gain":0,"player_choice":"Fought Bandits","damage_taken":0,"max_hp_gain":0,"max_hp_loss":0,"event_name":"Masked Bandits","floor":21,"gold_loss":0},{"damage_healed":24,"gold_gain":0,"player_choice":"Heal","damage_taken":0,"max_hp_gain":0,"max_hp_loss":0,"event_name":"The Library","floor":29,"gold_loss":0},{"damage_healed":0,"gold_gain":0,"player_choice":"Obtained Book","damage_taken":16,"max_hp_gain":0,"max_hp_loss":0,"event_name":"Cursed Tome","floor":30,"gold_loss":0},{"damage_healed":0,"gold_gain":333,"player_choice":"Gave Idol","damage_taken":0,"max_hp_gain":0,"max_hp_loss":0,"event_name":"The Moai Head","floor":36,"relics_lost":["Golden Idol"],"gold_loss":0},{"damage_healed":0,"gold_gain":0,"player_choice":"Memory 1","damage_taken":0,"max_hp_gain":0,"max_hp_loss":0,"event_name":"SensoryStone","floor":38,"gold_loss":0},{"damage_healed":0,"gold_gain":222,"player_choice":"Wore Mask","damage_taken":0,"max_hp_gain":0,"max_hp_loss":0,"event_name":"Tomb of Lord Red Mask","floor":39,"gold_loss":0}],"is_beta":false,"boss_relics":[{"not_picked":["Pandora\u0027s Box","SacredBark"],"picked":"SlaversCollar"},{"not_picked":["Coffee Dripper","Velvet Choker"],"picked":"Calling Bell"}],"items_purged_floors":[13,24,37,44],"is_endless":false,"potions_floor_spawned":[1,7,11,16,18,19,21,35,41,46,48],"killed_by":"Time Eater","ascension_level":10}