{"gold_per_floor":[109,125,125,125,300,300,32,58,109,159,171,205,257,219,231,352,364,398,335,395,425,352,392,404,456,495,528,549,432,453,489,489,597,597,611,627,627,638,638,638],"floor_reached":40,"playtime":1873,"items_purged":["Doubt","Pain"],"score":714,"play_id":"f8f5b8ce-4ffc-4356-8b72-6cc85dbedaad","local_time":"20201006131135","is_ascension_mode":true,"campfire_choices":[{"floor":6,"key":"REST"},{"floor":11,"key":"REST"},{"floor":15,"key":"REST"},{"floor":24,"key":"REST"},{"floor":32,"key":"REST"}],"neow_cost":"NONE","seed_source_timestamp":356903645595200,"circlet_count":0,"master_deck":["Defend_P","Defend_P","Defend_P","Eruption","Vigilance","CarveReality","FlurryOfBlows","ReachHeaven","Devotion","Vault","FlurryOfBlows","Swivel","EmptyBody","EmptyMind","EmptyFist+1","Evaluate","Halt+1","Prostrate+1","MasterReality"],"relics":["Fusion Hammer","Membership Card","CeramicFish","MawBank","Nunchaku","Strawberry","Sozu","Bronze Scales","Happy Flower","Meat on the Bone","Gremlin Horn","WarpedTongs","Vajra","Letter Opener","Busted Crown"],"potions_floor_usage":[10,13,33],"damage_taken":[{"damage":0,"enemies":"Cultist","floor":1,"turns":4},{"damage":0,"enemies":"2 Louse","floor":2,"turns":3},{"damage":7,"enemies":"Jaw Worm","floor":8,"turns":2},{"damage":25,"enemies":"3 Sentries","floor":10,"turns":6},{"damage":6,"enemies":"Exordium Thugs","floor":12,"turns":4},{"damage":26,"enemies":"Gremlin Nob","floor":13,"turns":5},{"damage":24,"enemies":"The Guardian","floor":16,"turns":7},{"damage":6,"enemies":"Shell Parasite","floor":18,"turns":3},{"damage":9,"enemies":"Book of Stabbing","floor":23,"turns":4},{"damage":32,"enemies":"Slavers","floor":25,"turns":5},{"damage":0,"enemies":"Chosen","floor":27,"turns":3},{"damage":15,"enemies":"Centurion and Healer","floor":30,"turns":3},{"damage":27,"enemies":"Gremlin Leader","floor":31,"turns":6},{"damage":34,"enemies":"Collector","floor":33,"turns":5},{"damage":14,"enemies":"3 Darklings","floor":35,"turns":4},{"damage":8,"enemies":"Orb Walker","floor":36,"turns":3},{"damage":0,"enemies":"3 Darklings","floor":38,"turns":5},{"damage":50,"enemies":"Nemesis","floor":40,"turns":5}],"seed_played":"7586887418816314520","potions_obtained":[{"floor":8,"key":"Block Potion"},{"floor":12,"key":"Ancient Potion"},{"floor":16,"key":"Strength Potion"}],"is_trial":false,"path_per_floor":["M","M","$","?","?","R","$","M","T","E","R","M","E","?","R","B",null,"M","?","T","?","?","E","R","E","T","M","?","$","M","E","R","B",null,"M","M","?","M","?","E"],"character_chosen":"WATCHER","items_purchased":["Membership Card","CeramicFish","Vajra","Evaluate"],"campfire_rested":5,"item_purchase_floors":[7,7,29,29],"current_hp_per_floor":[65,65,65,58,58,72,72,65,65,40,61,55,36,36,59,35,68,62,62,62,62,62,53,76,44,44,44,44,44,41,26,49,27,66,52,44,44,44,44,0],"gold":638,"neow_bonus":"BOSS_RELIC","is_prod":false,"is_daily":false,"chose_seed":false,"campfire_upgraded":0,"win_rate":0,"timestamp":1602004295,"path_taken":["M","M","$","?","?","R","$","M","T","E","R","M","E","?","R","BOSS","M","?","?","?","?","E","R","E","T","M","?","$","?","E","R","BOSS","M","M","?","?","?","E"],"build_version":"2020-07-30","purchased_purges":2,"victory":false,"max_hp_per_floor":[72,72,72,72,72,72,72,72,72,72,72,72,79,79,79,79,79,79,79,79,79,79,79,79,79,79,79,79,79,79,79,79,79,79,79,79,79,79,79,79],"card_choices":[{"not_picked":["Collect","Meditate"],"picked":"Consecrate","floor":1},{"not_picked":["FlurryOfBlows","FollowUp"],"picked":"CarveReality","floor":2},{"not_picked":["Prostrate","Weave"],"picked":"Halt","floor":8},{"not_picked":["ThirdEye","EmptyFist"],"picked":"FlurryOfBlows","floor":10},{"not_picked":["CutThroughFate","ClearTheMind"],"picked":"ReachHeaven","floor":12},{"not_picked":["Vengeance","Protect"],"picked":"Devotion","floor":13},{"not_picked":["Wish","Alpha"],"picked":"Vault","floor":16},{"not_picked":["BowlingBash","Consecrate"],"picked":"FlurryOfBlows","floor":18},{"not_picked":["Sanctity","CrushJoints","ForeignInfluence"],"picked":"SKIP","floor":23},{"not_picked":["Nirvana","ClearTheMind+1"],"picked":"EmptyMind","floor":25},{"not_picked":["EmptyBody","EmptyMind"],"picked":"EmptyFist+1","floor":27},{"not_picked":["WindmillStrike","CutThroughFate"],"picked":"Halt+1","floor":30},{"not_picked":["Nirvana","Worship"],"picked":"Prostrate+1","floor":31},{"not_picked":["Omniscience","Wish"],"picked":"MasterReality","floor":33},{"not_picked":["JustLucky"],"picked":"SKIP","floor":35},{"not_picked":["TalkToTheHand"],"picked":"SKIP","floor":36},{"not_picked":["Indignation"],"picked":"SKIP","floor":38}],"player_experience":1189944,"relics_obtained":[{"floor":9,"key":"MawBank"},{"floor":10,"key":"Nunchaku"},{"floor":13,"key":"Strawberry"},{"floor":20,"key":"Bronze Scales"},{"floor":23,"key":"Meat on the Bone"},{"floor":25,"key":"Gremlin Horn"},{"floor":31,"key":"Letter Opener"}],"event_choices":[{"cards_removed":["Strike_P"],"damage_healed":0,"gold_gain":0,"player_choice":"Card Removal","damage_taken":7,"max_hp_gain":0,"max_hp_loss":0,"event_name":"Golden Wing","floor":4,"gold_loss":0},{"damage_healed":0,"gold_gain":175,"player_choice":"AGREE","damage_taken":0,"max_hp_gain":0,"max_hp_loss":0,"event_name":"Liars Game","floor":5,"gold_loss":0,"cards_obtained":["Doubt"]},{"cards_removed":["Strike_P"],"damage_healed":0,"gold_gain":0,"player_choice":"Card Removal","damage_taken":0,"max_hp_gain":0,"max_hp_loss":0,"event_name":"The Cleric","floor":14,"gold_loss":50},{"cards_removed":["Strike_P"],"damage_healed":0,"gold_gain":0,"player_choice":"Gave Gold","damage_taken":0,"max_hp_gain":0,"max_hp_loss":0,"event_name":"Beggar","floor":19,"gold_loss":75},{"damage_healed":0,"gold_gain":0,"cards_transformed":["Defend_P","Strike_P"],"player_choice":"Became Test Subject","damage_taken":0,"max_hp_gain":0,"max_hp_loss":0,"event_name":"Drug Dealer","floor":21,"gold_loss":0,"cards_obtained":["Swivel","EmptyBody"]},{"damage_healed":0,"gold_gain":0,"player_choice":"Obtained Relic","damage_taken":0,"relics_obtained":["Happy Flower"],"max_hp_gain":0,"max_hp_loss":0,"event_name":"Addict","floor":22,"gold_loss":85},{"damage_healed":0,"gold_gain":0,"player_choice":"Rummage","damage_taken":0,"relics_obtained":["WarpedTongs"],"max_hp_gain":0,"max_hp_loss":0,"event_name":"Accursed Blacksmith","floor":28,"gold_loss":0,"cards_obtained":["Pain"]},{"cards_removed":["Halt"],"damage_healed":0,"gold_gain":0,"player_choice":"Purged","damage_taken":0,"max_hp_gain":0,"max_hp_loss":0,"event_name":"Purifier","floor":37,"gold_loss":0},{"cards_removed":["Consecrate"],"damage_healed":0,"gold_gain":0,"player_choice":"Removed Attack","damage_taken":0,"max_hp_gain":0,"max_hp_loss":0,"event_name":"Falling","floor":39,"gold_loss":0}],"is_beta":false,"boss_relics":[{"not_picked":["Empty Cage","Philosopher\u0027s Stone"],"picked":"Sozu"},{"not_picked":["SacredBark","Velvet Choker"],"picked":"Busted Crown"}],"items_purged_floors":[7,29],"is_endless":false,"potions_floor_spawned":[8,12,16,25,30,33,36],"killed_by":"Nemesis","ascension_level":9}