{"gold_per_floor":[14,33,33,33,33,33,33,33,33,46,63,63,95,108,108,206,206,221,0,0,19,19,45,45,75,75,108,122,37,37,54,54,154,154,167,167,167],"floor_reached":38,"playtime":1578,"items_purged":["Defend_P"],"score":1145,"play_id":"c977af7f-7ed8-4874-9a56-ce8ed89763c5","local_time":"20201012090718","is_ascension_mode":true,"campfire_choices":[{"floor":6,"key":"REST"},{"data":"Wallop","floor":8,"key":"SMITH"},{"floor":12,"key":"REST"},{"data":"SandsOfTime","floor":15,"key":"SMITH"},{"data":"FearNoEvil","floor":32,"key":"SMITH"}],"neow_cost":"NO_GOLD","seed_source_timestamp":0,"circlet_count":0,"master_deck":["AscendersBane","Defend_P+1","Eruption+1","Vigilance+1","Worship+1","InnerPeace+1","Wallop+1","SandsOfTime+1","Halt","Adaptation+1","FearNoEvil+1"],"special_seed":0,"relics":["PureWater","Darkstone Periapt","Incense Burner","Frozen Egg 2","Empty Cage","MutagenicStrength","GoldenEye","Unceasing Top","Bottled Flame","Thread and Needle","Ancient Tea Set","Fusion Hammer"],"potions_floor_usage":[16,25],"damage_taken":[{"damage":0,"enemies":"Jaw Worm","floor":1,"turns":3},{"damage":15,"enemies":"Small Slimes","floor":2,"turns":5},{"damage":3,"enemies":"2 Louse","floor":10,"turns":3},{"damage":7,"enemies":"Blue Slaver","floor":11,"turns":3},{"damage":0,"enemies":"Lagavulin","floor":13,"turns":3},{"damage":0,"enemies":"3 Louse","floor":14,"turns":3},{"damage":29,"enemies":"The Guardian","floor":16,"turns":8},{"damage":25,"enemies":"2 Thieves","floor":18,"turns":3},{"damage":0,"enemies":"Chosen","floor":21,"turns":3},{"damage":5,"enemies":"Book of Stabbing","floor":23,"turns":5},{"damage":21,"enemies":"Slavers","floor":25,"turns":7},{"damage":26,"enemies":"Gremlin Leader","floor":27,"turns":5},{"damage":0,"enemies":"Snake Plant","floor":28,"turns":3},{"damage":3,"enemies":"Snecko","floor":31,"turns":4},{"damage":1,"enemies":"Automaton","floor":33,"turns":6},{"damage":0,"enemies":"3 Darklings","floor":35,"turns":3},{"damage":3,"enemies":"Awakened One","floor":37,"turns":9}],"seed_played":"-8975912439180858475","potions_obtained":[{"floor":1,"key":"Dexterity Potion"},{"floor":18,"key":"Block Potion"},{"floor":23,"key":"Energy Potion"},{"floor":28,"key":"Ancient Potion"},{"floor":31,"key":"SkillPotion"}],"is_trial":false,"path_per_floor":["M","M","?","?","?","R","?","R","T","M","M","R","E","M","R","B",null,"M","$","?","M","?","E","?","E","T","E","M","?","?","M","R","B",null,"M","?","B",null],"character_chosen":"WATCHER","items_purchased":["LessonLearned"],"campfire_rested":2,"item_purchase_floors":[19],"current_hp_per_floor":[65,50,50,43,25,46,32,32,32,29,22,43,43,43,43,14,58,33,33,33,33,57,52,52,31,31,5,5,5,82,79,79,78,81,81,81,78],"gold":167,"neow_bonus":"REMOVE_TWO","is_prod":false,"is_daily":false,"chose_seed":false,"campfire_upgraded":3,"win_rate":0,"timestamp":1602508038,"path_taken":["M","M","?","?","?","R","?","R","T","?","M","R","E","M","R","BOSS","M","$","?","M","?","E","?","E","T","E","M","?","?","?","R","BOSS","M","?","BOSS"],"build_version":"2020-07-30","purchased_purges":1,"victory":true,"max_hp_per_floor":[72,72,72,72,72,72,72,72,72,72,72,72,72,72,72,72,72,72,72,72,72,72,72,72,72,72,72,72,72,82,82,82,82,82,82,82,82],"card_choices":[{"not_picked":["CutThroughFate","Evaluate"],"picked":"Worship","floor":1},{"not_picked":["FlyingSleeves","EmptyBody"],"picked":"InnerPeace","floor":2},{"not_picked":["Worship","BowlingBash"],"picked":"SandsOfTime","floor":10},{"not_picked":["Evaluate","FlyingSleeves","FlurryOfBlows"],"picked":"SKIP","floor":11},{"not_picked":["DeceiveReality","Protect"],"picked":"Halt","floor":13},{"not_picked":["ConjureBlade","ThirdEye","JustLucky"],"picked":"SKIP","floor":14},{"not_picked":["Evaluate","JustLucky+1","InnerPeace"],"picked":"SKIP","floor":18},{"not_picked":["ForeignInfluence","JustLucky","Nirvana+1"],"picked":"SKIP","floor":21},{"not_picked":["Pray","ThirdEye"],"picked":"Adaptation+1","floor":23},{"not_picked":["ThirdEye","CarveReality","Protect"],"picked":"SKIP","floor":25},{"not_picked":["FlurryOfBlows+1","MasterReality+1"],"picked":"FearNoEvil","floor":27},{"not_picked":["Crescendo+1","CutThroughFate+1","Prostrate"],"picked":"SKIP","floor":28},{"not_picked":["BowlingBash","SashWhip","DeceiveReality+1"],"picked":"SKIP","floor":31},{"not_picked":["Meditate","Sanctity","Crescendo"],"picked":"SKIP","floor":35}],"player_experience":1209029,"relics_obtained":[{"floor":9,"key":"Incense Burner"},{"floor":13,"key":"Frozen Egg 2"},{"floor":23,"key":"GoldenEye"},{"floor":25,"key":"Unceasing Top"},{"floor":26,"key":"Bottled Flame"},{"floor":27,"key":"Thread and Needle"}],"event_choices":[{"damage_healed":0,"gold_gain":0,"cards_transformed":["Strike_P"],"player_choice":"Change","damage_taken":0,"max_hp_gain":0,"max_hp_loss":0,"event_name":"Living Wall","floor":3,"gold_loss":0,"cards_obtained":["Wallop"]},{"cards_removed":["Defend_P"],"damage_healed":0,"gold_gain":0,"player_choice":"Card Removal","damage_taken":7,"max_hp_gain":0,"max_hp_loss":0,"event_name":"Golden Wing","floor":4,"gold_loss":0},{"damage_healed":0,"gold_gain":0,"player_choice":"Success","damage_taken":18,"relics_obtained":["Darkstone Periapt"],"max_hp_gain":0,"max_hp_loss":0,"event_name":"Scrap Ooze","floor":5,"gold_loss":0},{"damage_healed":0,"gold_gain":0,"player_choice":"Entered Light","damage_taken":14,"max_hp_gain":0,"max_hp_loss":0,"event_name":"Shining Light","floor":7,"gold_loss":0,"cards_upgraded":["Eruption","InnerPeace"]},{"damage_healed":0,"gold_gain":0,"player_choice":"Inject Mutagens","damage_taken":0,"relics_obtained":["MutagenicStrength"],"max_hp_gain":0,"max_hp_loss":0,"event_name":"Drug Dealer","floor":20,"gold_loss":0},{"damage_healed":24,"gold_gain":0,"player_choice":"Heal","damage_taken":0,"max_hp_gain":0,"max_hp_loss":0,"event_name":"The Library","floor":22,"gold_loss":0},{"damage_healed":0,"gold_gain":0,"player_choice":"Ignored","damage_taken":0,"max_hp_gain":0,"max_hp_loss":0,"event_name":"Ghosts","floor":24,"gold_loss":0},{"damage_healed":0,"gold_gain":0,"player_choice":"Obtained Relic","damage_taken":0,"relics_obtained":["Ancient Tea Set"],"max_hp_gain":0,"max_hp_loss":0,"event_name":"Addict","floor":29,"gold_loss":85},{"cards_removed":["LessonLearned"],"damage_healed":67,"gold_gain":0,"player_choice":"Offered Rare","damage_taken":0,"max_hp_gain":10,"max_hp_loss":0,"event_name":"Bonfire Elementals","floor":30,"gold_loss":0},{"damage_healed":0,"gold_gain":0,"player_choice":"Took Portal","damage_taken":0,"max_hp_gain":0,"max_hp_loss":0,"event_name":"SecretPortal","floor":36,"gold_loss":0}],"is_beta":false,"boss_relics":[{"not_picked":["Astrolabe","Sozu"],"picked":"Empty Cage"},{"not_picked":["SlaversCollar","Runic Pyramid"],"picked":"Fusion Hammer"}],"items_purged_floors":[19],"is_endless":false,"potions_floor_spawned":[1,18,23,28,31,33],"ascension_level":10}