{"gold_per_floor":[115,128,206,51,64,97,272,272,272,300,340,340,340,375,375,471,471,488,488,506,506,277,312,312,312,361,361,398,398,398,429,429,525,525,537,547,246,296,330,330],"floor_reached":40,"playtime":1466,"items_purged":["Defend_P"],"score":721,"play_id":"4a9a9894-ef3b-4e0b-a4dc-d30bc8c07995","local_time":"20201024131423","is_ascension_mode":true,"campfire_choices":[{"data":"MasterReality","floor":8,"key":"SMITH"},{"floor":13,"key":"REST"},{"floor":15,"key":"DIG"},{"floor":24,"key":"DIG"},{"floor":27,"key":"DIG"},{"floor":30,"key":"DIG"},{"floor":32,"key":"DIG"}],"neow_cost":"NONE","seed_source_timestamp":409215884518000,"circlet_count":0,"master_deck":["AscendersBane","Strike_P","Strike_P","Strike_P","Defend_P","Defend_P","Defend_P","Eruption+1","Vigilance","ReachHeaven","Evaluate","MasterReality+1","LikeWater","FollowUp","DevaForm","FollowUp"],"relics":["PureWater","NeowsBlessing","Toolbox","White Beast Statue","Orichalcum","Shuriken","Shovel","Meat on the Bone","Empty Cage","Mummified Hand","Juzu Bracelet","HornCleat","Strawberry","Bag of Marbles","Darkstone Periapt","Art of War","TungstenRod","Potion Belt","VioletLotus","Nunchaku","TheAbacus","GoldenEye"],"potions_floor_usage":[11,16,23,23,28,33,36,38,39,40,40,40],"damage_taken":[{"damage":0,"enemies":"Cultist","floor":1,"turns":1},{"damage":0,"enemies":"2 Louse","floor":2,"turns":1},{"damage":0,"enemies":"Small Slimes","floor":5,"turns":1},{"damage":35,"enemies":"3 Sentries","floor":6,"turns":4},{"damage":28,"enemies":"Gremlin Nob","floor":10,"turns":4},{"damage":0,"enemies":"2 Fungi Beasts","floor":11,"turns":2},{"damage":2,"enemies":"Lagavulin","floor":14,"turns":5},{"damage":32,"enemies":"Slime Boss","floor":16,"turns":5},{"damage":13,"enemies":"Shell Parasite","floor":18,"turns":8},{"damage":13,"enemies":"3 Byrds","floor":20,"turns":3},{"damage":36,"enemies":"Gremlin Leader","floor":23,"turns":5},{"damage":20,"enemies":"Shelled Parasite and Fungi","floor":28,"turns":7},{"damage":21,"enemies":"Book of Stabbing","floor":31,"turns":6},{"damage":48,"enemies":"Collector","floor":33,"turns":10},{"damage":13,"enemies":"3 Shapes","floor":35,"turns":5},{"damage":20,"enemies":"Orb Walker","floor":36,"turns":7},{"damage":0,"enemies":"Mind Bloom Boss Battle","floor":38,"turns":6},{"damage":15,"enemies":"Jaw Worm Horde","floor":39,"turns":3},{"damage":84,"enemies":"Giant Head","floor":40,"turns":7}],"seed_played":"-6145235904003131761","potions_obtained":[{"floor":6,"key":"DuplicationPotion"},{"floor":10,"key":"Explosive Potion"},{"floor":11,"key":"DuplicationPotion"},{"floor":16,"key":"Energy Potion"},{"floor":23,"key":"DuplicationPotion"},{"floor":28,"key":"StancePotion"},{"floor":31,"key":"Regen Potion"},{"floor":33,"key":"DistilledChaos"},{"floor":35,"key":"Weak Potion"},{"floor":36,"key":"FearPotion"},{"floor":38,"key":"Strength Potion"},{"floor":39,"key":"Swift Potion"}],"is_trial":false,"path_per_floor":["M","M","?","$","M","E","?","R","T","E","M","?","R","E","R","B",null,"M","?","M","?","$","E","R","?","T","R","M","?","R","E","R","B",null,"M","M","$","?","M","E"],"character_chosen":"WATCHER","items_purchased":["Toolbox","Juzu Bracelet","Nunchaku","TheAbacus"],"campfire_rested":1,"item_purchase_floors":[4,22,37,37],"current_hp_per_floor":[65,65,65,65,65,30,30,30,30,2,2,26,47,45,45,25,60,47,47,46,46,46,22,29,29,29,29,21,47,47,38,38,17,64,51,43,43,43,40,0],"gold":330,"neow_bonus":"THREE_ENEMY_KILL","is_prod":false,"is_daily":false,"chose_seed":false,"campfire_upgraded":1,"win_rate":0,"timestamp":1603559663,"path_taken":["M","?","?","$","M","E","?","R","T","E","M","?","R","E","R","BOSS","M","?","M","?","$","E","R","?","T","R","M","?","R","E","R","BOSS","M","M","$","?","M","E"],"build_version":"2020-07-30","purchased_purges":1,"victory":false,"max_hp_per_floor":[72,72,72,72,72,72,72,72,72,72,72,72,72,72,72,72,72,72,72,72,72,72,72,79,79,79,79,79,79,79,79,79,79,79,79,79,79,79,79,79],"card_choices":[{"not_picked":["FlurryOfBlows","Protect"],"picked":"ReachHeaven","floor":1},{"not_picked":["WaveOfTheHand","Fasting2"],"picked":"Evaluate","floor":2},{"not_picked":["ClearTheMind","EmptyBody"],"picked":"MasterReality","floor":5},{"not_picked":["BowlingBash","PathToVictory"],"picked":"LikeWater","floor":6},{"not_picked":["WaveOfTheHand","SashWhip","Nirvana"],"picked":"SKIP","floor":10},{"not_picked":["TalkToTheHand","CrushJoints","WaveOfTheHand"],"picked":"SKIP","floor":11},{"not_picked":["Wallop","PathToVictory","CarveReality"],"picked":"SKIP","floor":14},{"not_picked":["Weave","BowlingBash"],"picked":"FollowUp","floor":18},{"not_picked":["CrushJoints","MentalFortress+1","FlurryOfBlows+1"],"picked":"SKIP","floor":20},{"not_picked":["DeceiveReality+1","ForeignInfluence","FlyingSleeves"],"picked":"SKIP","floor":23},{"not_picked":["Crescendo","CutThroughFate","EmptyBody"],"picked":"SKIP","floor":28},{"not_picked":["Indignation","LessonLearned","EmptyBody+1"],"picked":"SKIP","floor":31},{"not_picked":["Judgement","ConjureBlade"],"picked":"DevaForm","floor":33},{"not_picked":["EmptyFist+1","BowlingBash","WaveOfTheHand+1"],"picked":"SKIP","floor":35},{"not_picked":["Adaptation+1","Crescendo","Conclude"],"picked":"SKIP","floor":36},{"not_picked":["Judgement","FlurryOfBlows"],"picked":"FollowUp","floor":39}],"player_experience":1228393,"relics_obtained":[{"floor":6,"key":"White Beast Statue"},{"floor":9,"key":"Orichalcum"},{"floor":10,"key":"Shuriken"},{"floor":14,"key":"Shovel"},{"floor":15,"key":"Meat on the Bone"},{"floor":23,"key":"HornCleat"},{"floor":24,"key":"Strawberry"},{"floor":26,"key":"Bag of Marbles"},{"floor":27,"key":"Darkstone Periapt"},{"floor":30,"key":"Art of War"},{"floor":31,"key":"TungstenRod"},{"floor":32,"key":"Potion Belt"},{"floor":38,"key":"GoldenEye"}],"event_choices":[{"damage_healed":0,"gold_gain":78,"player_choice":"Gained Gold","damage_taken":0,"max_hp_gain":0,"max_hp_loss":0,"event_name":"Golden Wing","floor":3,"gold_loss":0},{"damage_healed":0,"gold_gain":175,"player_choice":"AGREE","damage_taken":0,"max_hp_gain":0,"max_hp_loss":0,"event_name":"Liars Game","floor":7,"gold_loss":0,"cards_obtained":["Doubt"]},{"damage_healed":24,"gold_gain":0,"player_choice":"Banana","damage_taken":0,"max_hp_gain":0,"max_hp_loss":0,"event_name":"Big Fish","floor":12,"gold_loss":0},{"damage_healed":0,"gold_gain":0,"player_choice":"Opened","damage_taken":0,"relics_obtained":["Mummified Hand"],"max_hp_gain":0,"max_hp_loss":0,"event_name":"The Mausoleum","floor":19,"gold_loss":0,"cards_obtained":["Writhe"]},{"cards_removed":["Writhe"],"damage_healed":0,"gold_gain":0,"player_choice":"Removed Curses","damage_taken":0,"max_hp_gain":0,"max_hp_loss":0,"event_name":"Fountain of Cleansing","floor":21,"gold_loss":0},{"damage_healed":0,"gold_gain":0,"player_choice":"Upgraded","damage_taken":0,"max_hp_gain":0,"max_hp_loss":0,"event_name":"Upgrade Shrine","floor":25,"gold_loss":0,"cards_upgraded":["Eruption"]},{"damage_healed":26,"gold_gain":0,"player_choice":"Heal","damage_taken":0,"max_hp_gain":0,"max_hp_loss":0,"event_name":"The Library","floor":29,"gold_loss":0},{"damage_healed":0,"gold_gain":0,"player_choice":"Fight","damage_taken":0,"max_hp_gain":0,"max_hp_loss":0,"event_name":"MindBloom","floor":38,"gold_loss":0}],"is_beta":false,"boss_relics":[{"not_picked":["Cursed Key","SacredBark"],"picked":"Empty Cage"},{"not_picked":["Fusion Hammer","Coffee Dripper"],"picked":"VioletLotus"}],"items_purged_floors":[22],"is_endless":false,"potions_floor_spawned":[6,10,11,14,16,18,20,23,28,31,33,35,36,38,39],"killed_by":"Giant Head","ascension_level":11}