{"gold_per_floor":[113,133,98,98,16,16,43,43,124,152,152,171,171,171,171,171],"floor_reached":16,"playtime":442,"items_purged":[],"score":203,"play_id":"6f15c623-7480-4a3c-a6fe-7233ac85cc7e","local_time":"20201019162000","is_ascension_mode":true,"campfire_choices":[{"data":"Judgement","floor":6,"key":"SMITH"},{"data":"BowlingBash","floor":8,"key":"SMITH"},{"data":"Eruption","floor":11,"key":"SMITH"},{"data":"Protect","floor":15,"key":"SMITH"}],"neow_cost":"PERCENT_DAMAGE","seed_source_timestamp":0,"circlet_count":0,"master_deck":["AscendersBane","Strike_P","Strike_P","Strike_P","Strike_P","Defend_P","Defend_P","Defend_P","Defend_P","Eruption+1","Vigilance","Judgement+1","PathToVictory","BowlingBash+1","Protect+1","Evaluate","Injury"],"special_seed":0,"relics":["PureWater","Anchor","Dead Branch","Pen Nib","TeardropLocket","Dream Catcher","Golden Idol","Lantern"],"potions_floor_usage":[14],"damage_taken":[{"damage":0.0,"enemies":"Small Slimes","floor":1.0,"turns":2.0},{"damage":2,"enemies":"2 Louse","floor":2,"turns":3},{"damage":0,"enemies":"Gremlin Nob","floor":7,"turns":2},{"damage":5,"enemies":"3 Sentries","floor":10,"turns":7},{"damage":0,"enemies":"Cultist","floor":12,"turns":1},{"damage":0,"enemies":"Gremlin Nob","floor":14,"turns":2},{"damage":48,"enemies":"Hexaghost","floor":16,"turns":8}],"seed_played":"3131303797377230015","potions_obtained":[{"floor":7,"key":"SmokeBomb"},{"floor":10,"key":"Energy Potion"}],"is_trial":false,"path_per_floor":["M","M","?","?","?","R","E","R","T","E","R","M","?","?","R","B"],"character_chosen":"WATCHER","items_purchased":[],"campfire_rested":0,"item_purchase_floors":[],"current_hp_per_floor":[47,45,63,38,38,38,38,38,38,33,33,33,33,33,33,0],"gold":171,"neow_bonus":"THREE_RARE_CARDS","is_prod":false,"is_daily":false,"chose_seed":false,"campfire_upgraded":4,"win_rate":0,"timestamp":1603138800,"path_taken":["M","M","?","?","?","R","E","R","T","E","R","?","?","?","R","BOSS"],"build_version":"2020-07-30","purchased_purges":0,"victory":false,"max_hp_per_floor":[72,72,72,72,72,72,72,72,72,72,72,72,72,72,72,72],"card_choices":[{"not_picked":["DevaForm","DeusExMachina"],"picked":"Judgement","floor":0.0},{"not_picked":["FlurryOfBlows","Conclude"],"picked":"PathToVictory","floor":1.0},{"not_picked":["Indignation","Nirvana"],"picked":"BowlingBash","floor":2},{"not_picked":["BowlingBash","WaveOfTheHand"],"picked":"Protect","floor":7},{"not_picked":["FlurryOfBlows","WindmillStrike","Indignation"],"picked":"SKIP","floor":10},{"not_picked":["CrushJoints","Perseverance"],"picked":"Evaluate","floor":12}],"player_experience":1224263,"relics_obtained":[{"floor":7,"key":"Pen Nib"},{"floor":9,"key":"TeardropLocket"},{"floor":10,"key":"Dream Catcher"}],"event_choices":[{"damage_healed":18,"gold_gain":0,"player_choice":"Healed","damage_taken":0,"max_hp_gain":0,"max_hp_loss":0,"event_name":"The Cleric","floor":3,"gold_loss":35},{"damage_healed":0,"gold_gain":0,"player_choice":"Success","damage_taken":25,"relics_obtained":["Anchor"],"max_hp_gain":0,"max_hp_loss":0,"event_name":"Scrap Ooze","floor":4,"gold_loss":0},{"damage_healed":0,"gold_gain":0,"player_choice":"Paid Gold","damage_taken":0,"relics_obtained":["Dead Branch"],"max_hp_gain":0,"max_hp_loss":0,"event_name":"WeMeetAgain","floor":5,"gold_loss":82},{"damage_healed":0,"gold_gain":0,"player_choice":"Take Wound","damage_taken":0,"relics_obtained":["Golden Idol"],"max_hp_gain":0,"max_hp_loss":0,"event_name":"Golden Idol","floor":13,"gold_loss":0,"cards_obtained":["Injury"]},{"damage_healed":0,"gold_gain":0,"player_choice":"Searched \u00273\u0027 times","damage_taken":0,"relics_obtained":["Lantern"],"max_hp_gain":0,"max_hp_loss":0,"event_name":"Dead Adventurer","floor":14,"gold_loss":0}],"is_beta":false,"boss_relics":[],"items_purged_floors":[],"is_endless":false,"potions_floor_spawned":[7,10,12],"killed_by":"Hexaghost","ascension_level":11}