{"gold_per_floor":[118,118,118,43,58,93,118,118,199,199],"floor_reached":10,"playtime":241,"items_purged":["Injury"],"score":102,"play_id":"54a7de88-a2d2-4ef6-9640-e85c0b6b5e4a","local_time":"20201111151624","is_ascension_mode":true,"campfire_choices":[{"floor":8,"key":"REST"}],"neow_cost":"CURSE","seed_source_timestamp":74747349961100,"circlet_count":0,"master_deck":["AscendersBane","Strike_P","Strike_P","Strike_P","Strike_P","Defend_P","Defend_P","Defend_P","Defend_P","Eruption","Vigilance","Injury","WreathOfFlame","Blind","EmptyBody","Consecrate","DeusExMachina"],"relics":["PureWater","Golden Idol","Ancient Tea Set","Singing Bowl"],"potions_floor_usage":[10],"damage_taken":[{"damage":0,"enemies":"Small Slimes","floor":1,"turns":2},{"damage":1,"enemies":"2 Louse","floor":5,"turns":3},{"damage":48,"enemies":"Gremlin Nob","floor":6,"turns":5},{"damage":9,"enemies":"Cultist","floor":7,"turns":3},{"damage":50,"enemies":"Lagavulin","floor":10,"turns":5}],"seed_played":"-6645329736235656064","potions_obtained":[{"floor":6,"key":"Swift Potion"},{"floor":7,"key":"Dexterity Potion"}],"is_trial":false,"path_per_floor":["M","?","?","$","M","E","M","R","T","E"],"character_chosen":"WATCHER","items_purchased":[],"campfire_rested":1,"item_purchase_floors":[],"current_hp_per_floor":[79,79,79,79,78,30,21,46,46,0],"gold":199,"neow_bonus":"TWENTY_PERCENT_HP_BONUS","is_prod":false,"is_daily":false,"chose_seed":false,"campfire_upgraded":0,"win_rate":0,"timestamp":1605125784,"path_taken":["M","?","?","$","?","E","M","R","T","E"],"build_version":"2020-07-30","purchased_purges":1,"victory":false,"max_hp_per_floor":[86,86,86,86,86,86,86,86,86,86],"card_choices":[{"not_picked":["FlyingSleeves","WaveOfTheHand"],"picked":"WreathOfFlame","floor":1},{"not_picked":["Protect","Vengeance"],"picked":"Consecrate","floor":5},{"not_picked":["EmptyBody","SandsOfTime","ClearTheMind"],"picked":"SKIP","floor":6},{"not_picked":["TalkToTheHand","Prostrate"],"picked":"DeusExMachina","floor":7}],"player_experience":1232027,"relics_obtained":[{"floor":6,"key":"Ancient Tea Set"},{"floor":9,"key":"Singing Bowl"}],"event_choices":[{"damage_healed":0,"gold_gain":0,"player_choice":"Take Wound","damage_taken":0,"relics_obtained":["Golden Idol"],"max_hp_gain":0,"max_hp_loss":0,"event_name":"Golden Idol","floor":2,"gold_loss":0,"cards_obtained":["Injury"]},{"damage_healed":0,"gold_gain":0,"player_choice":"2 cards matched","damage_taken":0,"max_hp_gain":0,"max_hp_loss":0,"event_name":"Match and Keep!","floor":3,"gold_loss":0,"cards_obtained":["Blind","EmptyBody"]}],"is_beta":false,"boss_relics":[],"items_purged_floors":[4],"is_endless":false,"potions_floor_spawned":[6,7],"killed_by":"Lagavulin","ascension_level":11}