{"gold_per_floor":[109,109,36,49,66,66,96,96,96,96,131,96,106,106,106,106],"floor_reached":16,"playtime":460,"items_purged":[],"score":167,"play_id":"e6aa32ae-009e-445c-aa00-9d1b87a24121","local_time":"20201111151212","is_ascension_mode":true,"campfire_choices":[{"data":"Eruption","floor":6,"key":"SMITH"},{"data":"Wallop","floor":8,"key":"SMITH"},{"floor":10,"key":"REST"},{"floor":15,"key":"REST"}],"neow_cost":"PERCENT_DAMAGE","seed_source_timestamp":74276880291400,"circlet_count":0,"master_deck":["AscendersBane","Strike_P","Strike_P","Strike_P","Defend_P","Defend_P","Defend_P","Defend_P","Eruption+1","Vigilance","Indignation","Wallop+1","FlyingSleeves","FearNoEvil","Wish","Injury"],"relics":["PureWater","Ginger","Mercury Hourglass","Tiny Chest","Golden Idol"],"potions_floor_usage":[7,7,16],"damage_taken":[{"damage":0,"enemies":"Jaw Worm","floor":1,"turns":3},{"damage":0,"enemies":"2 Louse","floor":4,"turns":3},{"damage":13,"enemies":"Small Slimes","floor":5,"turns":2},{"damage":7,"enemies":"3 Sentries","floor":7,"turns":6},{"damage":52,"enemies":"Lagavulin","floor":11,"turns":5},{"damage":0,"enemies":"Gremlin Gang","floor":13,"turns":2},{"damage":53,"enemies":"The Guardian","floor":16,"turns":7}],"seed_played":"4634777737266142967","potions_obtained":[{"floor":1,"key":"BlessingOfTheForge"},{"floor":4,"key":"SpeedPotion"},{"floor":5,"key":"PowerPotion"},{"floor":13,"key":"SkillPotion"}],"is_trial":false,"path_per_floor":["M","?","$","M","M","R","E","R","T","R","E","?","M","?","R","B"],"character_chosen":"WATCHER","items_purchased":["Wallop"],"campfire_rested":2,"item_purchase_floors":[3],"current_hp_per_floor":[61,54,54,54,41,41,34,34,34,59,7,28,28,28,53,0],"gold":106,"neow_bonus":"TWENTY_PERCENT_HP_BONUS","is_prod":false,"is_daily":false,"chose_seed":false,"campfire_upgraded":2,"win_rate":0,"timestamp":1605125532,"path_taken":["M","?","$","M","M","R","E","R","T","R","E","?","M","?","R","BOSS"],"build_version":"2020-07-30","purchased_purges":0,"victory":false,"max_hp_per_floor":[86,86,86,86,86,86,86,86,86,86,86,86,86,86,86,86],"card_choices":[{"not_picked":["Halt","DeceiveReality"],"picked":"Indignation","floor":1},{"not_picked":["Indignation","EmptyBody"],"picked":"FlyingSleeves","floor":4},{"not_picked":["SashWhip","Prostrate"],"picked":"FearNoEvil","floor":5},{"not_picked":["FlyingSleeves","ThirdEye","Prostrate"],"picked":"SKIP","floor":7},{"not_picked":["PathToVictory","Halt"],"picked":"Wish","floor":11},{"not_picked":["CutThroughFate","CrushJoints","SashWhip"],"picked":"SKIP","floor":13}],"player_experience":1231567,"relics_obtained":[{"floor":7,"key":"Ginger"},{"floor":9,"key":"Mercury Hourglass"},{"floor":11,"key":"Tiny Chest"}],"event_choices":[{"cards_removed":["Strike_P"],"damage_healed":0,"gold_gain":0,"player_choice":"Card Removal","damage_taken":7,"max_hp_gain":0,"max_hp_loss":0,"event_name":"Golden Wing","floor":2,"gold_loss":0},{"damage_healed":21,"gold_gain":0,"player_choice":"Healed","damage_taken":0,"max_hp_gain":0,"max_hp_loss":0,"event_name":"The Cleric","floor":12,"gold_loss":35},{"damage_healed":0,"gold_gain":0,"player_choice":"Take Wound","damage_taken":0,"relics_obtained":["Golden Idol"],"max_hp_gain":0,"max_hp_loss":0,"event_name":"Golden Idol","floor":14,"gold_loss":0,"cards_obtained":["Injury"]}],"is_beta":false,"boss_relics":[],"items_purged_floors":[],"is_endless":false,"potions_floor_spawned":[1,4,5,13],"killed_by":"The Guardian","ascension_level":11}