{"gold_per_floor":[363,374,101,121,121,121,195,195,195,225,300,300,334,349,349,349],"floor_reached":16,"playtime":397,"items_purged":[],"score":167,"play_id":"14cc6c0a-ff03-4338-a6b5-b54c9f2e8277","local_time":"20201227224110","is_ascension_mode":true,"campfire_choices":[{"data":"Eruption","floor":6,"key":"SMITH"},{"data":"PathToVictory","floor":8,"key":"SMITH"},{"floor":12,"key":"REST"},{"floor":15,"key":"REST"}],"neow_cost":"PERCENT_DAMAGE","seed_source_timestamp":356969768718900,"circlet_count":0,"master_deck":["AscendersBane","Strike_P","Strike_P","Strike_P","Strike_P","Defend_P","Defend_P","Defend_P","Defend_P","Eruption+1","Vigilance","MentalFortress","PathToVictory+1","Conclude","Flash of Steel","Judgement","MentalFortress+1"],"relics":["PureWater","Nunchaku","Frozen Egg 2","HornCleat","Singing Bowl","Art of War"],"potions_floor_usage":[4,16],"damage_taken":[{"damage":0,"enemies":"Cultist","floor":1,"turns":4},{"damage":6,"enemies":"2 Louse","floor":2,"turns":3},{"damage":7,"enemies":"Jaw Worm","floor":4,"turns":3},{"damage":19,"enemies":"Lagavulin","floor":10,"turns":6},{"damage":20,"enemies":"3 Sentries","floor":13,"turns":7},{"damage":6,"enemies":"Looter","floor":14,"turns":2},{"damage":42,"enemies":"Slime Boss","floor":16,"turns":3}],"seed_played":"7190371715593895373","potions_obtained":[{"floor":1,"key":"Weak Potion"},{"floor":4,"key":"Fruit Juice"},{"floor":14,"key":"SmokeBomb"}],"is_trial":false,"path_per_floor":["M","M","$","M","$","R","T","R","T","E","?","R","E","M","R","B"],"character_chosen":"WATCHER","items_purchased":["Conclude","Nunchaku","Flash of Steel"],"campfire_rested":2,"item_purchase_floors":[3,3,3],"current_hp_per_floor":[47,41,41,39,39,39,39,39,39,20,9,32,14,8,31,0],"gold":349,"neow_bonus":"TWO_FIFTY_GOLD","is_prod":false,"is_daily":false,"chose_seed":false,"campfire_upgraded":2,"win_rate":0,"timestamp":1609126870,"path_taken":["M","M","$","M","$","R","?","R","T","E","?","R","E","M","R","BOSS"],"build_version":"2020-12-22","purchased_purges":0,"victory":false,"max_hp_per_floor":[72,72,72,77,77,77,77,77,77,77,77,77,79,79,79,79],"card_choices":[{"not_picked":["WreathOfFlame","Weave"],"picked":"MentalFortress","floor":1},{"not_picked":["Perseverance","ThirdEye"],"picked":"PathToVictory","floor":2},{"not_picked":["Protect","SashWhip","WaveOfTheHand"],"picked":"SKIP","floor":4},{"not_picked":["Tantrum","Blasphemy"],"picked":"Judgement","floor":10},{"not_picked":["Evaluate","Wallop","EmptyFist"],"picked":"Singing Bowl","floor":13},{"not_picked":["EmptyFist","Swivel"],"picked":"MentalFortress+1","floor":14}],"player_experience":1235304,"relics_obtained":[{"floor":7,"key":"Frozen Egg 2"},{"floor":9,"key":"HornCleat"},{"floor":10,"key":"Singing Bowl"},{"floor":13,"key":"Art of War"}],"event_choices":[{"damage_healed":0,"gold_gain":75,"player_choice":"Gather Gold","damage_taken":11,"max_hp_gain":0,"max_hp_loss":0,"event_name":"World of Goop","floor":11,"gold_loss":0}],"is_beta":false,"boss_relics":[],"items_purged_floors":[],"is_endless":false,"potions_floor_spawned":[1,4,14],"killed_by":"Slime Boss","ascension_level":11}