{"gold_per_floor":[116,116,116,134,134,134,167,167,246,246,258,287,287,287],"floor_reached":14,"playtime":300,"items_purged":[],"score":188,"play_id":"d7d2d742-c309-48f7-9751-8731a41d45b8","local_time":"20210102222704","is_ascension_mode":true,"campfire_choices":[{"data":"Eruption","floor":6,"key":"SMITH"},{"data":"Sanctity","floor":8,"key":"SMITH"}],"neow_cost":"NONE","seed_source_timestamp":439627728825400,"circlet_count":0,"master_deck":["AscendersBane","Strike_P","Strike_P","Strike_P","Strike_P","Defend_P","Defend_P","Defend_P+1","Eruption+1","Vigilance","Sanctity+1","EmptyFist","Adaptation+1","JustLucky","BowlingBash"],"relics":["PureWater","NeowsBlessing","Kunai","Incense Burner","Blue Candle","Bottled Lightning"],"potions_floor_usage":[12],"damage_taken":[{"damage":0,"enemies":"Small Slimes","floor":1,"turns":2},{"damage":0,"enemies":"Jaw Worm","floor":4,"turns":1},{"damage":0,"enemies":"3 Sentries","floor":7,"turns":2},{"damage":5,"enemies":"2 Louse","floor":11,"turns":2},{"damage":8,"enemies":"Gremlin Nob","floor":12,"turns":3},{"damage":26,"enemies":"Lagavulin Event","floor":14,"turns":5}],"seed_played":"-4687896168505824762","potions_obtained":[{"floor":7,"key":"BlessingOfTheForge"},{"floor":11,"key":"EssenceOfSteel"}],"is_trial":false,"path_per_floor":["M","?","?","M","$","R","E","R","T","T","M","E","?","?"],"character_chosen":"WATCHER","items_purchased":[],"campfire_rested":0,"item_purchase_floors":[],"current_hp_per_floor":[65,65,53,53,53,53,53,53,53,53,48,40,26,0],"gold":287,"neow_bonus":"THREE_ENEMY_KILL","is_prod":false,"is_daily":false,"chose_seed":false,"campfire_upgraded":2,"win_rate":0,"timestamp":1609644424,"path_taken":["M","?","?","M","$","R","E","R","T","?","M","E","?","?"],"build_version":"2020-12-22","purchased_purges":0,"victory":false,"max_hp_per_floor":[72,72,72,72,72,72,72,72,72,72,72,72,72,72],"card_choices":[{"not_picked":["EmptyFist","CarveReality"],"picked":"Sanctity","floor":1},{"not_picked":["EmptyBody","BattleHymn"],"picked":"Adaptation","floor":4},{"not_picked":["FlyingSleeves","EmptyBody","Evaluate"],"picked":"SKIP","floor":7},{"not_picked":["Crescendo","Alpha"],"picked":"JustLucky","floor":11},{"not_picked":["Alpha","Collect"],"picked":"BowlingBash","floor":12}],"player_experience":1239963,"relics_obtained":[{"floor":7,"key":"Incense Burner"},{"floor":10,"key":"Blue Candle"},{"floor":12,"key":"Bottled Lightning"}],"event_choices":[{"damage_healed":0,"gold_gain":0,"cards_transformed":["Defend_P"],"player_choice":"Change","damage_taken":0,"max_hp_gain":0,"max_hp_loss":0,"event_name":"Living Wall","floor":2,"gold_loss":0,"cards_obtained":["EmptyFist"]},{"damage_healed":0,"gold_gain":0,"player_choice":"Success","damage_taken":12,"relics_obtained":["Kunai"],"max_hp_gain":0,"max_hp_loss":0,"event_name":"Scrap Ooze","floor":3,"gold_loss":0},{"damage_healed":0,"gold_gain":0,"player_choice":"Entered Light","damage_taken":14,"max_hp_gain":0,"max_hp_loss":0,"event_name":"Shining Light","floor":13,"gold_loss":0,"cards_upgraded":["Adaptation","Defend_P"]},{"damage_healed":0,"gold_gain":0,"player_choice":"Searched \u00271\u0027 times","damage_taken":0,"max_hp_gain":0,"max_hp_loss":0,"event_name":"Dead Adventurer","floor":14,"gold_loss":0}],"is_beta":false,"boss_relics":[],"items_purged_floors":[],"is_endless":false,"potions_floor_spawned":[7,11],"killed_by":"Lagavulin Event","ascension_level":11}