{"gold_per_floor":[112,387,406,406,406,406,406,421,421,431,462,231,265,265],"floor_reached":14,"playtime":374,"items_purged":["Strike_P"],"score":152,"play_id":"ccad610f-b445-41bb-bcc4-449bbccec9fd","local_time":"20210102222154","is_ascension_mode":true,"campfire_choices":[{"data":"Eruption","floor":6,"key":"SMITH"}],"neow_cost":"NONE","seed_source_timestamp":439242935392200,"circlet_count":0,"master_deck":["AscendersBane","Strike_P","Strike_P","Strike_P","Defend_P","Defend_P","Defend_P","Defend_P","Eruption+1","Vigilance","Prostrate","TalkToTheHand","BowlingBash","Alpha","Evaluate","Prostrate"],"relics":["PureWater","NeowsBlessing","Omamori","Ornamental Fan","Girya","TheAbacus","Toy Ornithopter"],"potions_floor_usage":[11,14],"damage_taken":[{"damage":0,"enemies":"Jaw Worm","floor":1,"turns":1},{"damage":0,"enemies":"Cultist","floor":3,"turns":1},{"damage":0,"enemies":"Small Slimes","floor":8,"turns":1},{"damage":13,"enemies":"3 Louse","floor":10,"turns":2},{"damage":18,"enemies":"3 Sentries","floor":11,"turns":6},{"damage":31,"enemies":"Gremlin Nob","floor":13,"turns":5},{"damage":23,"enemies":"Large Slime","floor":14,"turns":8}],"seed_played":"-4304454926012850481","potions_obtained":[{"floor":3,"key":"Swift Potion"},{"floor":13,"key":"SneckoOil"}],"is_trial":false,"path_per_floor":["M","?","M","?","?","R","?","M","T","M","E","$","E","M"],"character_chosen":"WATCHER","items_purchased":["TheAbacus"],"campfire_rested":0,"item_purchase_floors":[12],"current_hp_per_floor":[65,65,65,65,53,53,71,71,71,58,40,40,9,0],"gold":265,"neow_bonus":"THREE_ENEMY_KILL","is_prod":false,"is_daily":false,"chose_seed":false,"campfire_upgraded":1,"win_rate":0,"timestamp":1609644114,"path_taken":["M","?","?","?","?","R","?","M","T","?","E","$","E","M"],"build_version":"2020-12-22","purchased_purges":1,"victory":false,"max_hp_per_floor":[72,72,72,72,72,72,72,72,72,72,72,72,72,72],"card_choices":[{"not_picked":["Fasting2","ClearTheMind"],"picked":"Prostrate","floor":1},{"not_picked":["ThirdEye","ClearTheMind"],"picked":"TalkToTheHand","floor":3},{"not_picked":["EmptyMind","EmptyFist"],"picked":"BowlingBash","floor":8},{"not_picked":["Tantrum","CrushJoints"],"picked":"Alpha","floor":10},{"not_picked":["WaveOfTheHand","ThirdEye"],"picked":"Evaluate","floor":11},{"not_picked":["Crescendo","BowlingBash"],"picked":"Prostrate","floor":13}],"player_experience":1239589,"relics_obtained":[{"floor":9,"key":"Ornamental Fan"},{"floor":11,"key":"Girya"},{"floor":13,"key":"Toy Ornithopter"}],"event_choices":[{"damage_healed":0,"gold_gain":275,"player_choice":"Desecrate","damage_taken":0,"max_hp_gain":0,"max_hp_loss":0,"event_name":"Golden Shrine","floor":2,"gold_loss":0,"cards_obtained":["Regret"]},{"cards_removed":["Regret"],"damage_healed":0,"gold_gain":0,"player_choice":"Forget","damage_taken":0,"max_hp_gain":0,"max_hp_loss":0,"event_name":"Living Wall","floor":4,"gold_loss":0},{"damage_healed":0,"gold_gain":0,"player_choice":"Success","damage_taken":12,"relics_obtained":["Omamori"],"max_hp_gain":0,"max_hp_loss":0,"event_name":"Scrap Ooze","floor":5,"gold_loss":0},{"damage_healed":18,"gold_gain":0,"player_choice":"Healed and dodged fight","damage_taken":0,"max_hp_gain":0,"max_hp_loss":0,"event_name":"Mushrooms","floor":7,"gold_loss":0,"cards_obtained":["Parasite"]}],"is_beta":false,"boss_relics":[],"items_purged_floors":[12],"is_endless":false,"potions_floor_spawned":[3,13],"killed_by":"Large Slime","ascension_level":11}