{"gold_per_floor":[365,384,75,95,95,95,170,203,228,228,228,228,247,285,285,285],"floor_reached":16,"playtime":568,"items_purged":[],"score":245,"play_id":"b7eb6858-9874-431d-bdd3-43fa11946713","local_time":"20201227225054","is_ascension_mode":true,"campfire_choices":[{"data":"BowlingBash","floor":6,"key":"SMITH"},{"data":"Vigilance","floor":10,"key":"SMITH"},{"data":"EmptyFist","floor":12,"key":"SMITH"},{"data":"Prostrate","floor":15,"key":"SMITH"}],"neow_cost":"CURSE","seed_source_timestamp":357382244707800,"circlet_count":0,"master_deck":["AscendersBane","Strike_P+1","Strike_P","Strike_P","Strike_P","Defend_P","Defend_P","Defend_P","Defend_P","Eruption+1","Vigilance+1","Decay","BowlingBash+1","EmptyFist+1","Prostrate+1","Vengeance","Injury"],"relics":["PureWater","Sling","Akabeko","Regal Pillow","Happy Flower","Golden Idol","Ornamental Fan"],"potions_floor_usage":[16],"damage_taken":[{"damage":4,"enemies":"2 Louse","floor":1,"turns":4},{"damage":0,"enemies":"Small Slimes","floor":2,"turns":3},{"damage":2,"enemies":"Jaw Worm","floor":4,"turns":4},{"damage":0,"enemies":"Lagavulin","floor":8,"turns":4},{"damage":0,"enemies":"Large Slime","floor":13,"turns":5},{"damage":0,"enemies":"3 Sentries","floor":14,"turns":4},{"damage":35,"enemies":"Hexaghost","floor":16,"turns":9}],"seed_played":"2705787855805707525","potions_obtained":[{"floor":8,"key":"Ancient Potion"},{"floor":14,"key":"StancePotion"}],"is_trial":false,"path_per_floor":["M","M","$","M","?","R","?","E","T","R","?","R","M","E","R","B"],"character_chosen":"WATCHER","items_purchased":["Sling","Akabeko"],"campfire_rested":0,"item_purchase_floors":[3,3],"current_hp_per_floor":[61,61,61,59,45,45,34,34,34,34,34,34,34,34,34,0],"gold":285,"neow_bonus":"TWO_FIFTY_GOLD","is_prod":false,"is_daily":false,"chose_seed":false,"campfire_upgraded":4,"win_rate":0,"timestamp":1609127454,"path_taken":["M","M","$","M","?","R","?","E","T","R","?","R","M","E","R","BOSS"],"build_version":"2020-12-22","purchased_purges":0,"victory":false,"max_hp_per_floor":[72,72,72,72,72,72,72,72,72,72,72,72,72,72,72,72],"card_choices":[{"not_picked":["Halt","Weave"],"picked":"BowlingBash","floor":1},{"not_picked":["DeceiveReality","Collect"],"picked":"EmptyFist","floor":2},{"not_picked":["CarveReality","SandsOfTime"],"picked":"Prostrate","floor":4},{"not_picked":["EmptyFist","Consecrate"],"picked":"Vengeance","floor":8},{"not_picked":["FlyingSleeves","EmptyFist","BowlingBash"],"picked":"SKIP","floor":13},{"not_picked":["FlurryOfBlows","EmptyBody","Consecrate"],"picked":"SKIP","floor":14}],"player_experience":1235701,"relics_obtained":[{"floor":8,"key":"Regal Pillow"},{"floor":9,"key":"Happy Flower"},{"floor":14,"key":"Ornamental Fan"}],"event_choices":[{"damage_healed":0,"gold_gain":0,"player_choice":"Entered Light","damage_taken":14,"max_hp_gain":0,"max_hp_loss":0,"event_name":"Shining Light","floor":5,"gold_loss":0,"cards_upgraded":["Eruption","Strike_P"]},{"damage_healed":0,"gold_gain":75,"player_choice":"Gather Gold","damage_taken":11,"max_hp_gain":0,"max_hp_loss":0,"event_name":"World of Goop","floor":7,"gold_loss":0},{"damage_healed":0,"gold_gain":0,"player_choice":"Take Wound","damage_taken":0,"relics_obtained":["Golden Idol"],"max_hp_gain":0,"max_hp_loss":0,"event_name":"Golden Idol","floor":11,"gold_loss":0,"cards_obtained":["Injury"]}],"is_beta":false,"boss_relics":[],"items_purged_floors":[],"is_endless":false,"potions_floor_spawned":[8,14],"killed_by":"Hexaghost","ascension_level":11}