{"gold_per_floor":[118,118,118,129,404,439,439,470,494,523,241,264,229,250,250,356,356,373,402,402,402,327,327],"floor_reached":23,"playtime":879,"items_purged":["Regret"],"score":347,"play_id":"d43289dc-10ce-41cb-8525-5898add96918","local_time":"20210118145036","is_ascension_mode":true,"campfire_choices":[{"data":"Eruption","floor":7.0,"key":"SMITH"},{"data":"Vigilance","floor":15,"key":"SMITH"}],"neow_cost":"NONE","seed_source_timestamp":0,"circlet_count":0,"master_deck":["AscendersBane","Strike_P","Strike_P","Defend_P","Defend_P","Defend_P","Eruption+1","Vigilance+1","Indignation","Evaluate","Halt","BowlingBash","InnerPeace","CrushJoints","Adaptation","Scrawl","JustLucky","Devotion","EmptyFist+1"],"special_seed":0,"relics":["PureWater","NeowsBlessing","Ancient Tea Set","Kunai","CeramicFish","PreservedInsect","SlaversCollar","Ginger"],"potions_floor_usage":[16,18],"damage_taken":[{"damage":0.0,"enemies":"2 Louse","floor":1.0,"turns":1.0},{"damage":0.0,"enemies":"Small Slimes","floor":4.0,"turns":1.0},{"damage":0.0,"enemies":"Gremlin Nob","floor":6.0,"turns":1.0},{"damage":26.0,"enemies":"3 Sentries","floor":8.0,"turns":6.0},{"damage":3.0,"enemies":"Cultist","floor":10.0,"turns":2.0},{"damage":0.0,"enemies":"Blue Slaver","floor":12.0,"turns":5.0},{"damage":4.0,"enemies":"Exordium Wildlife","floor":14.0,"turns":2.0},{"damage":25,"enemies":"Slime Boss","floor":16,"turns":12},{"damage":32,"enemies":"Spheric Guardian","floor":18,"turns":5},{"damage":9,"enemies":"2 Thieves","floor":19,"turns":4},{"damage":22,"enemies":"Gremlin Leader","floor":23,"turns":2}],"seed_played":"6106795523952497189","potions_obtained":[{"floor":4.0,"key":"SpeedPotion"},{"floor":6.0,"key":"SkillPotion"},{"floor":10.0,"key":"Fire Potion"}],"is_trial":false,"path_per_floor":["M","?","?","M","?","E","R","E","T","M","$","M","?","M","R","B",null,"M","M","?","T","?","E"],"character_chosen":"WATCHER","items_purchased":["PreservedInsect","Adaptation"],"campfire_rested":0,"item_purchase_floors":[11,11],"current_hp_per_floor":[65,65,58,58,58,58,58,32,32,29,29,29,47,43,43,18,59,27,18,18,18,18,0],"gold":327,"neow_bonus":"THREE_ENEMY_KILL","is_prod":false,"is_daily":false,"chose_seed":false,"campfire_upgraded":2,"win_rate":0,"timestamp":1610999436,"path_taken":["M","?","?","M","?","E","R","E","T","?","$","M","?","M","R","BOSS","M","M","?","?","?","E"],"build_version":"2020-12-22","purchased_purges":1,"victory":false,"max_hp_per_floor":[72,72,72,72,72,72,72,72,72,72,72,72,72,72,72,72,72,72,72,72,72,72,72],"card_choices":[{"not_picked":["Evaluate","Meditate"],"picked":"Indignation","floor":1.0},{"not_picked":["TalkToTheHand","JustLucky"],"picked":"Halt","floor":4.0},{"not_picked":["FollowUp","EmptyFist"],"picked":"BowlingBash","floor":6.0},{"not_picked":["Weave","EmptyBody"],"picked":"InnerPeace","floor":8.0},{"not_picked":["ThirdEye","Prostrate"],"picked":"CrushJoints","floor":10.0},{"not_picked":["Wireheading","FlyingSleeves"],"picked":"Scrawl","floor":12.0},{"not_picked":["Crescendo","Swivel"],"picked":"JustLucky","floor":14.0},{"not_picked":["Omniscience","Judgement"],"picked":"Devotion","floor":16},{"not_picked":["Swivel","EmptyFist","Protect"],"picked":"SKIP","floor":18},{"not_picked":["Pray","ReachHeaven"],"picked":"EmptyFist+1","floor":19}],"player_experience":1241435,"relics_obtained":[{"floor":6.0,"key":"Ancient Tea Set"},{"floor":8.0,"key":"Kunai"},{"floor":9.0,"key":"CeramicFish"},{"floor":21,"key":"Ginger"}],"event_choices":[{"damage_healed":0.0,"max_hp_gain":0.0,"max_hp_loss":0.0,"gold_gain":0.0,"cards_transformed":["Strike_P"],"event_name":"Living Wall","player_choice":"Change","floor":2.0,"gold_loss":0.0,"damage_taken":0.0,"cards_obtained":["Evaluate"]},{"cards_removed":["Defend_P"],"damage_healed":0.0,"max_hp_gain":0.0,"max_hp_loss":0.0,"gold_gain":0.0,"event_name":"Golden Wing","player_choice":"Card Removal","floor":3.0,"gold_loss":0.0,"damage_taken":7.0},{"damage_healed":0.0,"max_hp_gain":0.0,"max_hp_loss":0.0,"gold_gain":275.0,"event_name":"Golden Shrine","player_choice":"Desecrate","floor":5.0,"gold_loss":0.0,"damage_taken":0.0,"cards_obtained":["Regret"]},{"damage_healed":18.0,"max_hp_gain":0.0,"max_hp_loss":0.0,"gold_gain":0.0,"event_name":"The Cleric","player_choice":"Healed","floor":13.0,"gold_loss":35.0,"damage_taken":0.0},{"damage_healed":0,"gold_gain":0,"player_choice":"Ignored","damage_taken":0,"max_hp_gain":0,"max_hp_loss":0,"event_name":"Ghosts","floor":20,"gold_loss":0},{"cards_removed":["Strike_P"],"damage_healed":0,"gold_gain":0,"player_choice":"Gave Gold","damage_taken":0,"max_hp_gain":0,"max_hp_loss":0,"event_name":"Beggar","floor":22,"gold_loss":75}],"is_beta":false,"boss_relics":[{"not_picked":["Runic Pyramid","SacredBark"],"picked":"SlaversCollar"}],"items_purged_floors":[11],"is_endless":false,"potions_floor_spawned":[4,6,10],"killed_by":"Gremlin Leader","ascension_level":11}