{"gold_per_floor":[118,118,293,339,339,373,392,13,13,13,45,45,77,95,95,190,190,206,206,226,8,8,8,8,43,68,68,30,56,73,87,87,87],"floor_reached":33,"playtime":1162,"items_purged":["Shame"],"score":638,"play_id":"669b808b-786f-4f5f-b9e5-f8b4b25c51b5","local_time":"20210125225200","is_ascension_mode":true,"campfire_choices":[{"data":"Eruption","floor":10,"key":"SMITH"},{"data":"Conclude","floor":12,"key":"SMITH"},{"data":"Protect","floor":15,"key":"SMITH"},{"floor":23,"key":"DIG"},{"floor":27,"key":"REST"},{"floor":32,"key":"DIG"}],"neow_cost":"NONE","seed_source_timestamp":885466543120100,"circlet_count":0,"master_deck":["AscendersBane","Strike_P","Strike_P","Strike_P","Strike_P","Defend_P","Defend_P","Defend_P","Defend_P","Eruption+1","Vigilance","Indignation","BowlingBash","Conclude+1","Adaptation","Protect+1","SignatureMove+1","ThirdEye","Omniscience+1","FollowUp+1","Tantrum+1","InnerPeace","Halt"],"relics":["PureWater","NeowsBlessing","Bag of Marbles","Bird Faced Urn","Membership Card","Molten Egg 2","Juzu Bracelet","TungstenRod","Unceasing Top","Prayer Wheel","VioletLotus","Shovel","Oddly Smooth Stone","Happy Flower","Girya","White Beast Statue","Damaru","Ancient Tea Set","Yang"],"potions_floor_usage":[11,11,25,29,33,33],"damage_taken":[{"damage":0,"enemies":"2 Louse","floor":1,"turns":2},{"damage":0,"enemies":"Gremlin Nob","floor":6,"turns":1},{"damage":0,"enemies":"Jaw Worm","floor":7,"turns":1},{"damage":0,"enemies":"Lagavulin","floor":11,"turns":2},{"damage":1,"enemies":"3 Sentries","floor":13,"turns":3},{"damage":0,"enemies":"Cultist","floor":14,"turns":3},{"damage":44,"enemies":"Hexaghost","floor":16,"turns":8},{"damage":1,"enemies":"Chosen","floor":18,"turns":3},{"damage":0,"enemies":"Spheric Guardian","floor":20,"turns":3},{"damage":52,"enemies":"Book of Stabbing","floor":25,"turns":7},{"damage":0,"enemies":"Gremlin Leader","floor":29,"turns":4},{"damage":0,"enemies":"Centurion and Healer","floor":30,"turns":3},{"damage":0,"enemies":"Snake Plant","floor":31,"turns":2},{"damage":61,"enemies":"Automaton","floor":33,"turns":8}],"seed_played":"-1945521645667978454","potions_obtained":[{"floor":1,"key":"Strength Potion"},{"floor":7,"key":"Fire Potion"},{"floor":14,"key":"Strength Potion"},{"floor":20,"key":"BlessingOfTheForge"},{"floor":25,"key":"Weak Potion"},{"floor":29,"key":"AttackPotion"},{"floor":30,"key":"BottledMiracle"}],"is_trial":false,"path_per_floor":["M","$","?","T","?","E","M","$","T","R","E","R","E","M","R","B",null,"M","?","M","$","?","R","?","E","T","R","$","E","M","M","R","B"],"character_chosen":"WATCHER","items_purchased":["Membership Card","Molten Egg 2","Juzu Bracelet","Adaptation","Shovel","Oddly Smooth Stone"],"campfire_rested":1,"item_purchase_floors":[8,8,8,8,21,21],"current_hp_per_floor":[65,65,65,65,65,65,65,65,65,65,67,67,68,68,68,26,61,60,60,62,62,62,62,62,12,12,33,33,35,35,35,35,0],"gold":87,"neow_bonus":"THREE_ENEMY_KILL","is_prod":false,"is_daily":false,"chose_seed":false,"campfire_upgraded":3,"win_rate":0,"timestamp":1611633120,"path_taken":["M","$","?","?","?","E","?","?","T","R","E","R","E","M","R","BOSS","M","?","M","$","?","R","?","E","T","R","$","E","M","M","R","BOSS"],"build_version":"2020-12-22","purchased_purges":1,"victory":false,"max_hp_per_floor":[72,72,72,72,72,72,72,72,72,72,72,72,72,72,72,72,72,72,72,72,72,72,72,72,72,72,72,72,72,72,72,72,72],"card_choices":[{"not_picked":["Worship","Prostrate"],"picked":"Indignation","floor":1},{"not_picked":["Vengeance","Crescendo"],"picked":"BowlingBash","floor":6},{"not_picked":["FlurryOfBlows","BowlingBash"],"picked":"Conclude","floor":7},{"not_picked":["ReachHeaven+1","CarveReality+1"],"picked":"Protect","floor":11},{"not_picked":["Worship","PathToVictory"],"picked":"SignatureMove+1","floor":13},{"not_picked":["WindmillStrike+1","JustLucky+1"],"picked":"ThirdEye","floor":14},{"not_picked":["FollowUp+1","CrushJoints+1","BattleHymn"],"picked":"SKIP","floor":14},{"not_picked":["MasterReality","DevaForm"],"picked":"Omniscience","floor":16},{"not_picked":["ReachHeaven+1","Wireheading"],"picked":"FollowUp+1","floor":18},{"not_picked":["JustLucky+1","FlyingSleeves+1"],"picked":"Tantrum+1","floor":18},{"not_picked":["EmptyBody","FlyingSleeves+1"],"picked":"InnerPeace","floor":20},{"not_picked":["PathToVictory","Wallop+1","FlurryOfBlows+1"],"picked":"SKIP","floor":20},{"not_picked":["DeceiveReality","InnerPeace"],"picked":"Halt","floor":25},{"not_picked":["PathToVictory","SandsOfTime+1","Crescendo"],"picked":"SKIP","floor":29},{"not_picked":["CrushJoints+1","Evaluate","FlurryOfBlows+1"],"picked":"SKIP","floor":30},{"not_picked":["Pray","CarveReality+1","Worship"],"picked":"SKIP","floor":30},{"not_picked":["EmptyFist+1","SashWhip+1","Tantrum+1"],"picked":"SKIP","floor":31},{"not_picked":["CutThroughFate+1","BowlingBash+1","Tantrum+1"],"picked":"SKIP","floor":31}],"player_experience":1250123,"relics_obtained":[{"floor":4,"key":"Bag of Marbles"},{"floor":6,"key":"Bird Faced Urn"},{"floor":9,"key":"TungstenRod"},{"floor":11,"key":"Unceasing Top"},{"floor":13,"key":"Prayer Wheel"},{"floor":23,"key":"Girya"},{"floor":25,"key":"White Beast Statue"},{"floor":26,"key":"Damaru"},{"floor":29,"key":"Ancient Tea Set"},{"floor":32,"key":"Yang"}],"event_choices":[{"damage_healed":0,"gold_gain":175,"player_choice":"AGREE","damage_taken":0,"max_hp_gain":0,"max_hp_loss":0,"event_name":"Liars Game","floor":3,"gold_loss":0,"cards_obtained":["Doubt"]},{"cards_removed":["Doubt"],"damage_healed":0,"gold_gain":0,"player_choice":"Removed Curses","damage_taken":0,"max_hp_gain":0,"max_hp_loss":0,"event_name":"Fountain of Cleansing","floor":5,"gold_loss":0},{"damage_healed":0,"gold_gain":0,"player_choice":"Ignored","damage_taken":0,"max_hp_gain":0,"max_hp_loss":0,"event_name":"Vampires","floor":19,"gold_loss":0},{"damage_healed":0,"gold_gain":0,"player_choice":"Stole Relic","damage_taken":0,"relics_obtained":["Happy Flower"],"max_hp_gain":0,"max_hp_loss":0,"event_name":"Addict","floor":22,"gold_loss":0,"cards_obtained":["Shame"]},{"damage_healed":0,"gold_gain":0,"player_choice":"Upgraded","damage_taken":0,"max_hp_gain":0,"max_hp_loss":0,"event_name":"Upgrade Shrine","floor":24,"gold_loss":0,"cards_upgraded":["Omniscience"]}],"is_beta":false,"boss_relics":[{"not_picked":["Philosopher\u0027s Stone","Sozu"],"picked":"VioletLotus"}],"items_purged_floors":[28],"is_endless":false,"potions_floor_spawned":[1,7,14,20,25,29,30,31],"killed_by":"Automaton","ascension_level":12}