{"gold_per_floor":[368,388,388,406,406,435,435,33,33,62,62,82,82],"floor_reached":13,"playtime":435,"items_purged":[],"score":144,"play_id":"9834415e-8b94-4cc8-89bb-56c21bd6a291","local_time":"20210124191113","is_ascension_mode":true,"campfire_choices":[{"floor":7,"key":"REST"},{"floor":11,"key":"DIG"}],"neow_cost":"TEN_PERCENT_HP_LOSS","seed_source_timestamp":786538415383000,"circlet_count":0,"master_deck":["AscendersBane","Strike_P","Strike_P","Strike_P","Strike_P+1","Defend_P","Defend_P","Defend_P+1","Defend_P","Eruption","Vigilance","BowlingBash+1","FearNoEvil","LikeWater","WreathOfFlame+1","ThirdEye+1"],"relics":["PureWater","Lizard Tail","Tiny Chest","Toxic Egg 2","Mercury Hourglass","Shovel","Oddly Smooth Stone"],"potions_floor_usage":[13,13],"damage_taken":[{"damage":0,"enemies":"Cultist","floor":1,"turns":3},{"damage":7,"enemies":"2 Louse","floor":2,"turns":2},{"damage":8,"enemies":"Small Slimes","floor":4,"turns":3},{"damage":27,"enemies":"3 Sentries","floor":6,"turns":5},{"damage":36,"enemies":"Gremlin Nob","floor":10,"turns":3},{"damage":20,"enemies":"Gremlin Gang","floor":12,"turns":4},{"damage":18,"enemies":"Gremlin Nob","floor":13,"turns":3}],"seed_played":"-6018465953247425388","potions_obtained":[{"floor":6,"key":"SpeedPotion"},{"floor":12,"key":"Swift Potion"}],"is_trial":false,"path_per_floor":["M","M","?","M","?","E","R","$","T","E","R","M","?"],"character_chosen":"WATCHER","items_purchased":["Tiny Chest","Toxic Egg 2"],"campfire_rested":1,"item_purchase_floors":[8,8],"current_hp_per_floor":[65,58,58,50,37,10,29,29,29,32,32,12,0],"gold":82,"neow_bonus":"TWO_FIFTY_GOLD","is_prod":false,"is_daily":false,"chose_seed":false,"campfire_upgraded":0,"win_rate":0,"timestamp":1611533473,"path_taken":["M","?","?","?","?","E","R","$","T","E","R","M","?"],"build_version":"2020-12-22","purchased_purges":0,"victory":false,"max_hp_per_floor":[65,65,65,65,65,65,65,65,65,65,65,65,65],"card_choices":[{"not_picked":["EmptyFist","Weave"],"picked":"BowlingBash","floor":1},{"not_picked":["Halt","ClearTheMind"],"picked":"FearNoEvil","floor":2},{"not_picked":["Pray","ForeignInfluence"],"picked":"LikeWater","floor":4},{"not_picked":["EmptyFist","WindmillStrike","Adaptation"],"picked":"SKIP","floor":6},{"not_picked":["ReachHeaven","FollowUp"],"picked":"WreathOfFlame+1","floor":10},{"not_picked":["EmptyFist","ClearTheMind+1"],"picked":"ThirdEye+1","floor":12}],"player_experience":1246972,"relics_obtained":[{"floor":6,"key":"Lizard Tail"},{"floor":9,"key":"Mercury Hourglass"},{"floor":10,"key":"Shovel"},{"floor":11,"key":"Oddly Smooth Stone"}],"event_choices":[{"damage_healed":0,"gold_gain":0,"player_choice":"Upgraded","damage_taken":0,"max_hp_gain":0,"max_hp_loss":0,"event_name":"Upgrade Shrine","floor":3,"gold_loss":0,"cards_upgraded":["BowlingBash"]},{"damage_healed":0,"gold_gain":0,"player_choice":"Entered Light","damage_taken":13,"max_hp_gain":0,"max_hp_loss":0,"event_name":"Shining Light","floor":5,"gold_loss":0,"cards_upgraded":["Defend_P","Strike_P"]},{"damage_healed":0,"gold_gain":0,"player_choice":"Searched \u00271\u0027 times","damage_taken":0,"max_hp_gain":0,"max_hp_loss":0,"event_name":"Dead Adventurer","floor":13,"gold_loss":0}],"is_beta":false,"boss_relics":[],"items_purged_floors":[],"is_endless":false,"potions_floor_spawned":[6,12],"killed_by":"Gremlin Nob","ascension_level":11}