{"gold_per_floor":[116,116,135,135,154,187,207,132,132,132,132,147,147,162,162,292,292,310,310,310,310,328,328,328,328,376,407,407,443,443,443],"floor_reached":31,"playtime":1108,"items_purged":["Injury"],"score":420,"play_id":"a6f2db1d-41fc-43ad-adca-d97bdc9fe475","local_time":"20210122224314","is_ascension_mode":true,"campfire_choices":[{"data":"Collect","floor":10,"key":"SMITH"},{"floor":13,"key":"REST"},{"data":"WaveOfTheHand","floor":15,"key":"SMITH"},{"floor":23,"key":"REST"},{"data":"Protect","floor":25,"key":"SMITH"},{"floor":28,"key":"REST"}],"neow_cost":"CURSE","seed_source_timestamp":0,"circlet_count":0,"master_deck":["AscendersBane","Strike_P","Strike_P","Strike_P+1","Defend_P","Defend_P","Defend_P","Eruption+1","Vigilance","MasterReality","WaveOfTheHand+1","BowlingBash","SashWhip","BattleHymn","Collect+1","SpiritShield+1","Indignation+1","LessonLearned+1","EmptyMind","Protect+1","Consecrate+1"],"special_seed":0,"relics":["PureWater","Orichalcum","Golden Idol","Whetstone","Shuriken","Sozu","Anchor","Juzu Bracelet","Darkstone Periapt","Bottled Lightning"],"potions_floor_usage":[6,16,16,18],"damage_taken":[{"damage":1,"enemies":"Cultist","floor":1,"turns":5},{"damage":2,"enemies":"Small Slimes","floor":3,"turns":4},{"damage":2,"enemies":"2 Louse","floor":5,"turns":5},{"damage":21,"enemies":"Lagavulin","floor":6,"turns":7},{"damage":0,"enemies":"Exordium Thugs","floor":7,"turns":2},{"damage":7,"enemies":"Large Slime","floor":12,"turns":5},{"damage":10,"enemies":"Red Slaver","floor":14,"turns":4},{"damage":69,"enemies":"Hexaghost","floor":16,"turns":11},{"damage":17,"enemies":"Spheric Guardian","floor":18,"turns":5},{"damage":22,"enemies":"2 Thieves","floor":22,"turns":3},{"damage":29,"enemies":"Book of Stabbing","floor":27,"turns":5},{"damage":15,"enemies":"Gremlin Leader","floor":29,"turns":5},{"damage":14,"enemies":"Slavers","floor":31,"turns":3}],"seed_played":"-4256833159796010111","potions_obtained":[{"floor":1,"key":"SteroidPotion"},{"floor":3,"key":"ColorlessPotion"},{"floor":6,"key":"FearPotion"},{"floor":11,"key":"Regen Potion"},{"floor":11,"key":"PowerPotion"},{"floor":11,"key":"Regen Potion"},{"floor":16,"key":"BlessingOfTheForge"}],"is_trial":false,"path_per_floor":["M","T","M","?","M","E","M","$","T","R","?","M","R","M","R","B",null,"M","?","?","?","M","R","?","R","T","E","R","E","?","E"],"character_chosen":"WATCHER","items_purchased":[],"campfire_rested":3,"item_purchase_floors":[],"current_hp_per_floor":[64,64,62,62,60,39,39,39,39,39,39,32,53,43,43,28,61,44,44,44,44,22,42,42,42,42,13,33,18,12,0],"gold":443,"neow_bonus":"THREE_RARE_CARDS","is_prod":false,"is_daily":false,"chose_seed":false,"campfire_upgraded":3,"win_rate":0,"timestamp":1611373394,"path_taken":["M","?","M","?","M","E","M","$","T","R","?","M","R","?","R","BOSS","M","?","?","?","?","R","?","R","T","E","R","E","?","E"],"build_version":"2020-12-22","purchased_purges":1,"victory":false,"max_hp_per_floor":[72,72,72,72,72,72,72,72,72,72,72,72,72,72,72,72,72,72,69,69,69,69,69,69,69,69,69,69,69,69,69],"card_choices":[{"not_picked":["SpiritShield","Scrawl"],"picked":"MasterReality","floor":0},{"not_picked":["Collect","Swivel"],"picked":"WaveOfTheHand","floor":1},{"not_picked":["FollowUp","FearNoEvil"],"picked":"BowlingBash","floor":3},{"not_picked":["Protect","Evaluate"],"picked":"SashWhip","floor":5},{"not_picked":["InnerPeace","Study"],"picked":"BattleHymn","floor":6},{"not_picked":["SandsOfTime","FollowUp"],"picked":"Collect","floor":7},{"not_picked":["EmptyFist","EmptyMind","CutThroughFate"],"picked":"SKIP","floor":12},{"not_picked":["JustLucky","Wish","Worship"],"picked":"SKIP","floor":14},{"not_picked":["Vault","DeusExMachina"],"picked":"SpiritShield","floor":16},{"not_picked":["Evaluate+1","CutThroughFate"],"picked":"Indignation+1","floor":18},{"not_picked":["FlurryOfBlows","SashWhip","EmptyFist"],"picked":"SKIP","floor":22},{"not_picked":["ThirdEye+1","DevaForm"],"picked":"Consecrate+1","floor":27},{"not_picked":["Crescendo+1","JustLucky","CrushJoints"],"picked":"SKIP","floor":29}],"player_experience":1244549,"relics_obtained":[{"floor":2,"key":"Orichalcum"},{"floor":6,"key":"Whetstone"},{"floor":9,"key":"Shuriken"},{"floor":24,"key":"Anchor"},{"floor":26,"key":"Juzu Bracelet"},{"floor":27,"key":"Darkstone Periapt"},{"floor":29,"key":"Bottled Lightning"}],"event_choices":[{"damage_healed":0,"gold_gain":0,"player_choice":"Take Wound","damage_taken":0,"relics_obtained":["Golden Idol"],"max_hp_gain":0,"max_hp_loss":0,"event_name":"Golden Idol","floor":4,"gold_loss":0,"cards_obtained":["Injury"]},{"damage_healed":0,"gold_gain":0,"player_choice":"Got Potions","damage_taken":0,"max_hp_gain":0,"max_hp_loss":0,"event_name":"Lab","floor":11,"gold_loss":0},{"cards_removed":["Parasite"],"damage_healed":0,"gold_gain":0,"player_choice":"Elegance","damage_taken":0,"max_hp_gain":0,"max_hp_loss":0,"event_name":"Back to Basics","floor":19,"gold_loss":0},{"damage_healed":0,"gold_gain":0,"cards_transformed":["Strike_P","Defend_P"],"player_choice":"Became Test Subject","damage_taken":0,"max_hp_gain":0,"max_hp_loss":0,"event_name":"Drug Dealer","floor":20,"gold_loss":0,"cards_obtained":["LessonLearned","EmptyMind"]},{"damage_healed":0,"gold_gain":0,"player_choice":"1 cards matched","damage_taken":0,"max_hp_gain":0,"max_hp_loss":0,"event_name":"Match and Keep!","floor":21,"gold_loss":0,"cards_obtained":["Protect"]},{"damage_healed":0,"gold_gain":0,"player_choice":"Relic","damage_taken":0,"max_hp_gain":0,"max_hp_loss":0,"event_name":"Wheel of Change","floor":24,"gold_loss":0},{"damage_healed":0,"gold_gain":0,"player_choice":"","damage_taken":6,"max_hp_gain":0,"max_hp_loss":0,"event_name":"Knowing Skull","floor":30,"potions_obtained":[],"gold_loss":0,"cards_obtained":[]}],"is_beta":false,"boss_relics":[{"not_picked":["Cursed Key","Runic Dome"],"picked":"Sozu"}],"items_purged_floors":[8],"is_endless":false,"potions_floor_spawned":[1,3,6,16,22,27],"killed_by":"Slavers","ascension_level":11}