{"gold_per_floor":[115,115,135,150,170,200,180,180,226,245,273,87,115,115,115,219,219,237,237,250,250,270,296,296,327,327,327,357,67,77,90,90,192,192,209,225,225,114,0,25,25,50,50,75,121,130,165,184,184,184,184,184,28,28],"floor_reached":54,"playtime":2255,"items_purged":["Strike_P"],"score":1657,"play_id":"cc6d1423-1974-4dc5-b560-ceba6d76db9f","local_time":"20210124195610","is_ascension_mode":true,"campfire_choices":[{"data":"Wallop","floor":8,"key":"SMITH"},{"data":"Meditate","floor":15,"key":"SMITH"},{"floor":27,"key":"RECALL"},{"data":"Brilliance","floor":32,"key":"SMITH"},{"data":"Vengeance","floor":41,"key":"SMITH"},{"floor":49,"key":"REST"},{"data":"Worship","floor":52,"key":"SMITH"}],"neow_cost":"NONE","seed_source_timestamp":787414377872900,"circlet_count":0,"master_deck":["AscendersBane","Strike_P+1","Strike_P+1","Strike_P+1","Defend_P+1","Defend_P+1","Defend_P+1","Defend_P+1","Eruption+1","Vigilance+1","WheelKick+1","Meditate+1","Wallop+1","Adaptation","Halt+1","Brilliance+1","Prostrate+1","Swivel+1","Vengeance+1","Vault","Worship+1","Magnetism"],"relics":["PureWater","NeowsBlessing","Mummified Hand","PreservedInsect","Damaru","Membership Card","FossilizedHelix","Snecko Eye","NlothsMask","War Paint","Anchor","Centennial Puzzle","Gremlin Horn","Ginger","VioletLotus","Toolbox","Red Mask","Omamori","Prayer Wheel","Ancient Tea Set","CeramicFish","Oddly Smooth Stone"],"potions_floor_usage":[6,10,11,13,20,22,25,25,30,42,42,47,48,54],"damage_taken":[{"damage":0,"enemies":"Cultist","floor":1,"turns":1},{"damage":0,"enemies":"2 Louse","floor":3,"turns":1},{"damage":0,"enemies":"Small Slimes","floor":4,"turns":1},{"damage":0,"enemies":"2 Fungi Beasts","floor":5,"turns":2},{"damage":9,"enemies":"Lagavulin","floor":6,"turns":6},{"damage":0,"enemies":"3 Louse","floor":10,"turns":2},{"damage":0,"enemies":"Gremlin Nob","floor":11,"turns":2},{"damage":0,"enemies":"Lagavulin","floor":13,"turns":2},{"damage":0,"enemies":"Slime Boss","floor":16,"turns":6},{"damage":0,"enemies":"Shell Parasite","floor":18,"turns":2},{"damage":3,"enemies":"3 Byrds","floor":20,"turns":4},{"damage":9,"enemies":"Cultist and Chosen","floor":22,"turns":5},{"damage":20,"enemies":"Gremlin Leader","floor":23,"turns":4},{"damage":0,"enemies":"Book of Stabbing","floor":25,"turns":3},{"damage":0,"enemies":"Gremlin Leader","floor":28,"turns":5},{"damage":0,"enemies":"Snake Plant","floor":30,"turns":4},{"damage":0,"enemies":"Snecko","floor":31,"turns":4},{"damage":0,"enemies":"Automaton","floor":33,"turns":6},{"damage":0,"enemies":"Orb Walker","floor":35,"turns":3},{"damage":0,"enemies":"3 Shapes","floor":36,"turns":3},{"damage":0,"enemies":"Reptomancer","floor":40,"turns":4},{"damage":0,"enemies":"Giant Head","floor":42,"turns":6},{"damage":0,"enemies":"Nemesis","floor":44,"turns":4},{"damage":25,"enemies":"Spire Growth","floor":47,"turns":4},{"damage":0,"enemies":"Maw","floor":48,"turns":4},{"damage":37,"enemies":"Awakened One","floor":50,"turns":9},{"damage":71,"enemies":"Shield and Spear","floor":54,"turns":5}],"seed_played":"530728006677302881","potions_obtained":[{"floor":5,"key":"Weak Potion"},{"floor":6,"key":"SneckoOil"},{"floor":7,"key":"Explosive Potion"},{"floor":10,"key":"GamblersBrew"},{"floor":11,"key":"Explosive Potion"},{"floor":18,"key":"FearPotion"},{"floor":20,"key":"Explosive Potion"},{"floor":23,"key":"EntropicBrew"},{"floor":30,"key":"Swift Potion"},{"floor":42,"key":"SpeedPotion"},{"floor":44,"key":"FearPotion"},{"floor":47,"key":"FearPotion"}],"is_trial":false,"path_per_floor":["M","?","M","M","M","E","?","R","T","M","E","$","E","?","R","B",null,"M","?","M","?","M","E","?","E","T","R","E","$","M","M","R","B",null,"M","M","?","$","?","E","R","E","T","E","T","?","M","M","R","B",null,"R","$","E"],"character_chosen":"WATCHER","items_purchased":["Membership Card","Gremlin Horn","Ginger","Vengeance","Vault","Toolbox","Magnetism","Oddly Smooth Stone"],"campfire_rested":1,"item_purchase_floors":[12,29,29,29,38,38,53,53],"current_hp_per_floor":[65,65,65,65,65,56,56,56,56,56,56,56,56,56,56,56,68,68,68,65,65,56,36,41,41,41,41,41,41,41,41,41,41,64,64,64,64,64,64,64,64,64,64,64,64,64,39,39,60,23,60,60,60,0],"gold":28,"neow_bonus":"THREE_ENEMY_KILL","is_prod":false,"is_daily":false,"chose_seed":false,"campfire_upgraded":5,"win_rate":0,"timestamp":1611536170,"path_taken":["M","?","?","M","?","E","?","R","T","?","E","$","E","?","R","BOSS","M","?","?","?","M","E","?","E","T","R","E","$","M","M","R","BOSS","M","M","?","$","?","E","R","E","T","E","?","?","?","M","R","BOSS","R","$","E"],"build_version":"2020-12-22","purchased_purges":1,"victory":false,"max_hp_per_floor":[72,72,72,72,72,72,72,72,72,72,72,72,72,72,72,72,72,72,72,72,72,72,72,72,72,72,72,72,72,72,72,72,72,72,72,72,72,72,72,72,72,72,72,72,72,72,72,72,72,72,72,72,72,72],"card_choices":[{"not_picked":["FlurryOfBlows","CutThroughFate"],"picked":"WheelKick","floor":1},{"not_picked":["Sanctity","ReachHeaven"],"picked":"Meditate","floor":3},{"not_picked":["ReachHeaven","FlurryOfBlows"],"picked":"Evaluate","floor":4},{"not_picked":["Perseverance","Weave"],"picked":"Wallop","floor":5},{"not_picked":["Prostrate","SashWhip"],"picked":"Adaptation","floor":6},{"not_picked":["PathToVictory","WaveOfTheHand","ThirdEye"],"picked":"SKIP","floor":10},{"not_picked":["Weave","Adaptation","DeceiveReality"],"picked":"SKIP","floor":11},{"not_picked":["Collect","FlurryOfBlows"],"picked":"Halt","floor":13},{"not_picked":["Omniscience","Judgement"],"picked":"Brilliance","floor":16},{"not_picked":["Evaluate+1","SashWhip"],"picked":"Prostrate+1","floor":18},{"not_picked":["InnerPeace","FlyingSleeves","PathToVictory"],"picked":"SKIP","floor":20},{"not_picked":["InnerPeace+1","EmptyFist","ForeignInfluence"],"picked":"SKIP","floor":22},{"not_picked":["EmptyBody+1","Meditate","ClearTheMind"],"picked":"SKIP","floor":23},{"not_picked":["ThirdEye","Tantrum+1"],"picked":"Swivel+1","floor":25},{"not_picked":["BowlingBash","LikeWater","EmptyFist"],"picked":"SKIP","floor":28},{"not_picked":["FearNoEvil","Consecrate","Sanctity"],"picked":"SKIP","floor":30},{"not_picked":["Protect","ReachHeaven","FollowUp"],"picked":"SKIP","floor":31},{"not_picked":["ClearTheMind+1","WaveOfTheHand+1","EmptyFist"],"picked":"SKIP","floor":35},{"not_picked":["WindmillStrike+1","Crescendo+1","Collect"],"picked":"SKIP","floor":36},{"not_picked":["FlurryOfBlows","Crescendo","Nirvana"],"picked":"SKIP","floor":40},{"not_picked":["FlurryOfBlows","Adaptation+1","Halt"],"picked":"SKIP","floor":42},{"not_picked":["SashWhip","FollowUp","EmptyBody"],"picked":"SKIP","floor":44},{"not_picked":["WindmillStrike","Crescendo","Collect+1"],"picked":"SKIP","floor":47},{"not_picked":["SandsOfTime","Indignation+1","LikeWater"],"picked":"SKIP","floor":47},{"not_picked":["Crescendo+1","PathToVictory","Perseverance"],"picked":"SKIP","floor":48},{"not_picked":["Judgement","WaveOfTheHand+1","Halt+1"],"picked":"SKIP","floor":48}],"player_experience":1247812,"relics_obtained":[{"floor":6,"key":"Mummified Hand"},{"floor":9,"key":"PreservedInsect"},{"floor":11,"key":"Damaru"},{"floor":13,"key":"FossilizedHelix"},{"floor":23,"key":"War Paint"},{"floor":25,"key":"Anchor"},{"floor":28,"key":"Centennial Puzzle"},{"floor":40,"key":"Omamori"},{"floor":42,"key":"Prayer Wheel"},{"floor":44,"key":"Ancient Tea Set"},{"floor":45,"key":"CeramicFish"}],"event_choices":[{"damage_healed":0,"gold_gain":0,"player_choice":"Upgraded","damage_taken":0,"max_hp_gain":0,"max_hp_loss":0,"event_name":"Upgrade Shrine","floor":2,"gold_loss":0,"cards_upgraded":["Eruption"]},{"damage_healed":0,"gold_gain":0,"player_choice":"Bought 1 Potion","damage_taken":0,"max_hp_gain":0,"max_hp_loss":0,"event_name":"The Woman in Blue","floor":7,"gold_loss":0},{"damage_healed":0,"gold_gain":0,"player_choice":"Grow","damage_taken":0,"max_hp_gain":0,"max_hp_loss":0,"event_name":"Living Wall","floor":14,"gold_loss":0,"cards_upgraded":["WheelKick"]},{"damage_healed":0,"gold_gain":0,"player_choice":"Trade","damage_taken":0,"relics_obtained":["NlothsMask"],"max_hp_gain":0,"max_hp_loss":0,"event_name":"FaceTrader","floor":19,"gold_loss":0},{"damage_healed":0,"gold_gain":0,"player_choice":"Simplicity","damage_taken":0,"max_hp_gain":0,"max_hp_loss":0,"event_name":"Back to Basics","floor":21,"gold_loss":0,"cards_upgraded":["Strike_P","Strike_P","Strike_P","Defend_P","Defend_P","Defend_P","Defend_P"]},{"cards_removed":["Evaluate"],"damage_healed":5,"gold_gain":0,"player_choice":"Offered Common","damage_taken":0,"max_hp_gain":0,"max_hp_loss":0,"event_name":"Bonfire Elementals","floor":24,"gold_loss":0},{"cards_removed":["Evaluate"],"damage_healed":5,"gold_gain":0,"player_choice":"Offered Special","damage_taken":0,"max_hp_gain":0,"max_hp_loss":0,"event_name":"Bonfire Elementals","floor":24,"gold_loss":0},{"damage_healed":0,"gold_gain":0,"player_choice":"Memory 1","damage_taken":0,"max_hp_gain":0,"max_hp_loss":0,"event_name":"SensoryStone","floor":37,"gold_loss":0},{"damage_healed":0,"gold_gain":0,"player_choice":"Paid","damage_taken":0,"relics_obtained":["Red Mask"],"max_hp_gain":0,"max_hp_loss":0,"event_name":"Tomb of Lord Red Mask","floor":39,"gold_loss":114},{"damage_healed":0,"gold_gain":0,"player_choice":"1 cards matched","damage_taken":0,"max_hp_gain":0,"max_hp_loss":0,"event_name":"Match and Keep!","floor":46,"gold_loss":0,"cards_obtained":["Worship"]}],"is_beta":false,"boss_relics":[{"not_picked":["Coffee Dripper","Sozu"],"picked":"Snecko Eye"},{"not_picked":["Calling Bell","HolyWater"],"picked":"VioletLotus"}],"items_purged_floors":[12],"is_endless":false,"potions_floor_spawned":[5,6,10,11,18,20,23,25,30,42,44,47],"killed_by":"Shield and Spear","ascension_level":11}