{"gold_per_floor":[12,25,40,40,52,52,52,52,79,79,96,96,106,106,106,106],"floor_reached":16,"playtime":392,"items_purged":[],"score":143,"play_id":"32e1412d-a42b-4052-b272-26b5ffc9dfd3","local_time":"20210120082820","is_ascension_mode":true,"campfire_choices":[{"floor":6,"key":"REST"},{"data":"Consecrate","floor":10,"key":"SMITH"},{"data":"Eruption","floor":15,"key":"SMITH"}],"neow_cost":"NO_GOLD","seed_source_timestamp":402394849567200,"circlet_count":0,"master_deck":["AscendersBane","Strike_P","Strike_P","Strike_P","Defend_P","Defend_P","Defend_P","Eruption+1","Vigilance","CrushJoints","SashWhip","Consecrate+1","Fasting2","FollowUp","Prostrate","Parasite"],"relics":["PureWater","Juzu Bracelet","Happy Flower"],"potions_floor_usage":[16],"damage_taken":[{"damage":7,"enemies":"Cultist","floor":1,"turns":3},{"damage":2,"enemies":"Jaw Worm","floor":2,"turns":4},{"damage":0,"enemies":"2 Louse","floor":3,"turns":2},{"damage":37,"enemies":"Gremlin Gang","floor":5,"turns":4},{"damage":4,"enemies":"3 Louse","floor":11,"turns":2},{"damage":8,"enemies":"Looter","floor":13,"turns":2},{"damage":45,"enemies":"The Guardian","floor":16,"turns":5}],"seed_played":"7313290045222074192","potions_obtained":[{"floor":2,"key":"DuplicationPotion"},{"floor":11,"key":"Ancient Potion"}],"is_trial":false,"path_per_floor":["M","M","M","$","M","R","$","?","T","R","M","?","M","?","R","B"],"character_chosen":"WATCHER","items_purchased":[],"campfire_rested":1,"item_purchase_floors":[],"current_hp_per_floor":[58,56,56,56,19,40,40,33,33,33,29,29,21,39,39,0],"gold":106,"neow_bonus":"REMOVE_TWO","is_prod":false,"is_daily":false,"chose_seed":false,"campfire_upgraded":2,"win_rate":0,"timestamp":1611149300,"path_taken":["M","M","?","?","?","R","$","?","T","R","M","?","M","?","R","BOSS"],"build_version":"2020-12-22","purchased_purges":0,"victory":false,"max_hp_per_floor":[72,72,72,72,72,72,72,72,72,72,72,72,72,72,72,72],"card_choices":[{"not_picked":["ClearTheMind","ForeignInfluence"],"picked":"CrushJoints","floor":1},{"not_picked":["CutThroughFate","DevaForm"],"picked":"SashWhip","floor":2},{"not_picked":["SashWhip","EmptyFist"],"picked":"Consecrate","floor":3},{"not_picked":["Study","Crescendo"],"picked":"Fasting2","floor":5},{"not_picked":["CrushJoints","Consecrate"],"picked":"FollowUp","floor":11},{"not_picked":["Protect","Collect"],"picked":"Prostrate","floor":13}],"player_experience":1242314,"relics_obtained":[{"floor":9,"key":"Happy Flower"}],"event_choices":[{"damage_healed":0,"gold_gain":0,"player_choice":"Success","damage_taken":7,"relics_obtained":["Juzu Bracelet"],"max_hp_gain":0,"max_hp_loss":0,"event_name":"Scrap Ooze","floor":8,"gold_loss":0},{"damage_healed":0,"gold_gain":0,"player_choice":"Got Potions","damage_taken":0,"max_hp_gain":0,"max_hp_loss":0,"event_name":"Lab","floor":12,"gold_loss":0},{"damage_healed":18,"gold_gain":0,"player_choice":"Healed and dodged fight","damage_taken":0,"max_hp_gain":0,"max_hp_loss":0,"event_name":"Mushrooms","floor":14,"gold_loss":0,"cards_obtained":["Parasite"]}],"is_beta":false,"boss_relics":[],"items_purged_floors":[],"is_endless":false,"potions_floor_spawned":[2,11,13],"killed_by":"The Guardian","ascension_level":11}