{"gold_per_floor":[117,133,208,208,22,37,37,55,81,81,256,256,276,305,305,403,403,417,172,185,226,226,226,257,257,257,4,55,55,55,74,74,74],"floor_reached":33,"playtime":1366,"items_purged":["Doubt","Decay"],"score":493,"play_id":"7007179a-eb05-4853-a258-454970811ba5","local_time":"20210126144911","is_ascension_mode":true,"campfire_choices":[{"data":"Apotheosis","floor":7,"key":"SMITH"},{"floor":10,"key":"REST"},{"data":"Eruption","floor":15,"key":"SMITH"},{"floor":23,"key":"REST"},{"floor":29,"key":"REST"},{"floor":32,"key":"REST"}],"neow_cost":"CURSE","seed_source_timestamp":942702702315700,"circlet_count":0,"master_deck":["AscendersBane","Strike_P","Strike_P","Strike_P","Defend_P","Defend_P","Defend_P","Eruption+1","Vigilance","Magnetism","PathToVictory","WaveOfTheHand","Apotheosis+1","PathToVictory","Conclude","Omniscience","Wish","CurseOfTheBell","Panache","Crescendo","FlyingSleeves"],"relics":["PureWater","MealTicket","Bag of Marbles","White Beast Statue","Calling Bell","Boot","Gremlin Horn","Lizard Tail","Tiny Chest","Molten Egg 2","Bag of Preparation","Akabeko","Enchiridion"],"potions_floor_usage":[16,18,21,24,24,28,31],"damage_taken":[{"damage":8,"enemies":"2 Louse","floor":1,"turns":3},{"damage":0,"enemies":"Small Slimes","floor":2,"turns":4},{"damage":6,"enemies":"Cultist","floor":6,"turns":4},{"damage":17,"enemies":"Looter","floor":8,"turns":5},{"damage":15,"enemies":"Large Slime","floor":13,"turns":4},{"damage":0,"enemies":"Lagavulin","floor":14,"turns":5},{"damage":23,"enemies":"Hexaghost","floor":16,"turns":14},{"damage":14,"enemies":"2 Thieves","floor":18,"turns":3},{"damage":7,"enemies":"Chosen","floor":20,"turns":4},{"damage":39,"enemies":"Snake Plant","floor":21,"turns":5},{"damage":27,"enemies":"Slavers","floor":24,"turns":7},{"damage":53,"enemies":"Book of Stabbing","floor":28,"turns":7},{"damage":11,"enemies":"Centurion and Healer","floor":31,"turns":4},{"damage":52,"enemies":"Champ","floor":33,"turns":6}],"seed_played":"-8442590333720699451","potions_obtained":[{"floor":8,"key":"BottledMiracle"},{"floor":14,"key":"SkillPotion"},{"floor":16,"key":"Strength Potion"},{"floor":18,"key":"Fire Potion"},{"floor":21,"key":"AttackPotion"},{"floor":24,"key":"Energy Potion"},{"floor":28,"key":"Block Potion"},{"floor":31,"key":"LiquidBronze"}],"is_trial":false,"path_per_floor":["M","M","?","?","$","M","R","M","T","R","?","?","M","E","R","B",null,"M","$","M","M","?","R","E","?","T","$","E","R","?","M","R","B"],"character_chosen":"WATCHER","items_purchased":["Apotheosis","Panache","Bag of Preparation"],"campfire_rested":4,"item_purchase_floors":[5,19,27],"current_hp_per_floor":[57,57,46,28,43,37,37,20,20,41,41,41,26,26,26,3,55,41,56,49,10,10,31,4,4,4,19,10,31,15,4,25,0],"gold":74,"neow_bonus":"RANDOM_COLORLESS_2","is_prod":false,"is_daily":false,"chose_seed":false,"campfire_upgraded":2,"win_rate":0,"timestamp":1611690551,"path_taken":["M","M","?","?","$","M","R","M","T","R","?","?","M","E","R","BOSS","M","$","M","?","?","R","E","?","T","$","E","R","?","M","R","BOSS"],"build_version":"2020-12-22","purchased_purges":2,"victory":false,"max_hp_per_floor":[72,72,72,72,72,72,72,72,72,72,72,72,72,72,72,72,72,72,72,72,72,72,72,72,72,72,72,72,72,72,72,72,72],"card_choices":[{"not_picked":["Master of Strategy","Secret Weapon"],"picked":"Magnetism","floor":0},{"not_picked":["JustLucky","CutThroughFate"],"picked":"PathToVictory","floor":1},{"not_picked":["WreathOfFlame","Worship"],"picked":"WaveOfTheHand","floor":2},{"not_picked":["Wireheading","EmptyBody","ForeignInfluence"],"picked":"SKIP","floor":6},{"not_picked":["DeceiveReality","Worship"],"picked":"PathToVictory","floor":8},{"not_picked":["Prostrate","ThirdEye"],"picked":"Conclude","floor":13},{"not_picked":["FollowUp","DeusExMachina"],"picked":"Omniscience","floor":14},{"not_picked":["Vault","Judgement"],"picked":"Wish","floor":16},{"not_picked":["Nirvana","Crescendo","SashWhip"],"picked":"SKIP","floor":18},{"not_picked":["FlurryOfBlows","EmptyFist","ForeignInfluence"],"picked":"SKIP","floor":20},{"not_picked":["JustLucky","MentalFortress","EmptyFist"],"picked":"SKIP","floor":21},{"not_picked":["FollowUp","FlyingSleeves","Worship"],"picked":"SKIP","floor":24},{"not_picked":["Halt","Devotion","Protect"],"picked":"SKIP","floor":28},{"not_picked":["DeceiveReality","FlyingSleeves+1","Meditate"],"picked":"SKIP","floor":31}],"player_experience":1256193,"relics_obtained":[{"floor":9,"key":"Bag of Marbles"},{"floor":14,"key":"White Beast Statue"},{"floor":17,"key":"Boot"},{"floor":17,"key":"Gremlin Horn"},{"floor":17,"key":"Lizard Tail"},{"floor":24,"key":"Tiny Chest"},{"floor":26,"key":"Molten Egg 2"},{"floor":28,"key":"Akabeko"},{"floor":30,"key":"Enchiridion"}],"event_choices":[{"damage_healed":0,"gold_gain":75,"player_choice":"Gather Gold","damage_taken":11,"max_hp_gain":0,"max_hp_loss":0,"event_name":"World of Goop","floor":3,"gold_loss":0},{"damage_healed":0,"gold_gain":0,"player_choice":"Success","damage_taken":18,"relics_obtained":["MealTicket"],"max_hp_gain":0,"max_hp_loss":0,"event_name":"Scrap Ooze","floor":4,"gold_loss":0},{"damage_healed":0,"gold_gain":175,"player_choice":"AGREE","damage_taken":0,"max_hp_gain":0,"max_hp_loss":0,"event_name":"Liars Game","floor":11,"gold_loss":0,"cards_obtained":["Doubt"]},{"cards_removed":["Normality"],"damage_healed":0,"gold_gain":0,"player_choice":"Purged","damage_taken":0,"max_hp_gain":0,"max_hp_loss":0,"event_name":"Purifier","floor":12,"gold_loss":0},{"damage_healed":0,"gold_gain":0,"player_choice":"Smashed Altar","damage_taken":0,"max_hp_gain":0,"max_hp_loss":0,"event_name":"Forgotten Altar","floor":22,"gold_loss":0,"cards_obtained":["Decay"]},{"damage_healed":0,"gold_gain":0,"cards_transformed":["Strike_P","Defend_P"],"player_choice":"Became Test Subject","damage_taken":0,"max_hp_gain":0,"max_hp_loss":0,"event_name":"Drug Dealer","floor":25,"gold_loss":0,"cards_obtained":["Crescendo","FlyingSleeves"]},{"damage_healed":0,"gold_gain":0,"player_choice":"Obtained Book","damage_taken":16,"max_hp_gain":0,"max_hp_loss":0,"event_name":"Cursed Tome","floor":30,"gold_loss":0}],"is_beta":false,"boss_relics":[{"not_picked":["Coffee Dripper","Philosopher\u0027s Stone"],"picked":"Calling Bell"}],"items_purged_floors":[19,27],"is_endless":false,"potions_floor_spawned":[8,14,16,18,20,21,24,28,31],"killed_by":"Champ","ascension_level":12}