{"gold_per_floor":[114,114,39,50,50,83,83,115,115,115,126,126,144,144,144,243,243,258,284,298,298,298,298,326,346,370,370,381,398,414,414],"floor_reached":31,"playtime":1315,"items_purged":["Strike_P"],"score":411,"play_id":"e74fa516-738f-45ec-894e-9ea0e1a0efb6","local_time":"20210123114252","is_ascension_mode":true,"campfire_choices":[{"floor":7,"key":"REST"},{"data":"Eruption","floor":12,"key":"SMITH"},{"data":"LikeWater","floor":15,"key":"SMITH"},{"data":"Vigilance","floor":23,"key":"SMITH"}],"neow_cost":"PERCENT_DAMAGE","seed_source_timestamp":672353048163800,"circlet_count":0,"master_deck":["AscendersBane","Defend_P","Defend_P","Defend_P","Eruption+1","Vigilance+1","CutThroughFate","Meditate","FollowUp","Weave","Judgement","EmptyFist","LikeWater+1","ConjureBlade","FollowUp+1","Adaptation","Writhe","FearNoEvil","Necronomicurse","EmptyBody+1","Collect+1"],"relics":["PureWater","Mummified Hand","Yang","Mercury Hourglass","Matryoshka","NlothsMask","SacredBark","Red Mask","Ice Cream","Gremlin Horn","Toy Ornithopter","Necronomicon"],"potions_floor_usage":[8,16,18,19,28,30],"damage_taken":[{"damage":0,"enemies":"Jaw Worm","floor":1,"turns":4},{"damage":0,"enemies":"Cultist","floor":4,"turns":2},{"damage":24,"enemies":"Lagavulin","floor":6,"turns":6},{"damage":6,"enemies":"3 Sentries","floor":8,"turns":7},{"damage":0,"enemies":"2 Louse","floor":11,"turns":2},{"damage":4,"enemies":"Red Slaver","floor":13,"turns":2},{"damage":5,"enemies":"Hexaghost","floor":16,"turns":10},{"damage":0,"enemies":"Chosen","floor":18,"turns":3},{"damage":10,"enemies":"Masked Bandits","floor":19,"turns":3},{"damage":18,"enemies":"3 Byrds","floor":20,"turns":3},{"damage":17,"enemies":"Gremlin Leader","floor":24,"turns":5},{"damage":18,"enemies":"Snecko","floor":25,"turns":5},{"damage":22,"enemies":"Centurion and Healer","floor":28,"turns":4},{"damage":6,"enemies":"3 Cultists","floor":29,"turns":4},{"damage":7,"enemies":"Snake Plant","floor":30,"turns":3},{"damage":11,"enemies":"Sentry and Sphere","floor":31,"turns":2}],"seed_played":"-8129119192061423103","potions_obtained":[{"floor":4,"key":"EssenceOfSteel"},{"floor":8,"key":"DistilledChaos"},{"floor":11,"key":"Weak Potion"},{"floor":16,"key":"ColorlessPotion"},{"floor":24,"key":"Regen Potion"},{"floor":28,"key":"DuplicationPotion"}],"is_trial":false,"path_per_floor":["M","?","$","M","T","E","R","E","T","?","M","R","M","?","R","B",null,"M","?","M","?","?","R","E","M","T","?","M","M","M","M"],"character_chosen":"WATCHER","items_purchased":[],"campfire_rested":1,"item_purchase_floors":[],"current_hp_per_floor":[47,47,47,47,47,23,44,38,38,38,38,38,34,34,34,29,61,61,51,33,57,57,57,40,22,22,6,16,10,8,0],"gold":414,"neow_bonus":"TRANSFORM_TWO_CARDS","is_prod":false,"is_daily":false,"chose_seed":false,"campfire_upgraded":3,"win_rate":0,"timestamp":1611420172,"path_taken":["M","?","$","?","?","E","R","E","T","?","M","R","?","?","R","BOSS","M","?","M","?","?","R","E","M","T","?","M","?","M","M"],"build_version":"2020-12-22","purchased_purges":1,"victory":false,"max_hp_per_floor":[72,72,72,72,72,72,72,72,72,72,72,72,72,72,72,72,72,72,72,72,72,72,72,72,72,72,72,72,72,72,72],"card_choices":[{"not_picked":["JustLucky","WaveOfTheHand"],"picked":"FollowUp","floor":1},{"not_picked":["Meditate","FlyingSleeves"],"picked":"Weave","floor":4},{"not_picked":["ClearTheMind","CrushJoints","FlurryOfBlows"],"picked":"SKIP","floor":6},{"not_picked":["ThirdEye","Pray"],"picked":"Judgement","floor":8},{"not_picked":["Halt","Indignation"],"picked":"EmptyFist","floor":11},{"not_picked":["Meditate","Sanctity"],"picked":"LikeWater","floor":13},{"not_picked":["Brilliance","DevaForm"],"picked":"ConjureBlade","floor":16},{"not_picked":["SashWhip","EmptyFist"],"picked":"FollowUp+1","floor":18},{"not_picked":["LikeWater","SashWhip+1"],"picked":"Adaptation","floor":19},{"not_picked":["Evaluate","WaveOfTheHand","Adaptation+1"],"picked":"SKIP","floor":20},{"not_picked":["Indignation","FlyingSleeves","BattleHymn"],"picked":"SKIP","floor":24},{"not_picked":["Omniscience","SashWhip"],"picked":"FearNoEvil","floor":25},{"not_picked":["ReachHeaven","Evaluate"],"picked":"EmptyBody+1","floor":28},{"not_picked":["Tantrum","Wallop","BattleHymn+1"],"picked":"SKIP","floor":29},{"not_picked":["Wireheading","SashWhip"],"picked":"Collect+1","floor":30}],"player_experience":1245657,"relics_obtained":[{"floor":5,"key":"Mummified Hand"},{"floor":6,"key":"Yang"},{"floor":8,"key":"Mercury Hourglass"},{"floor":9,"key":"Matryoshka"},{"floor":19,"key":"Red Mask"},{"floor":24,"key":"Gremlin Horn"},{"floor":26,"key":"Toy Ornithopter"},{"floor":27,"key":"Necronomicon"}],"event_choices":[{"cards_removed":["Strike_P"],"damage_healed":0,"gold_gain":0,"player_choice":"Purged","damage_taken":0,"max_hp_gain":0,"max_hp_loss":0,"event_name":"Purifier","floor":2,"gold_loss":0},{"damage_healed":0,"gold_gain":0,"player_choice":"Trade","damage_taken":0,"relics_obtained":["NlothsMask"],"max_hp_gain":0,"max_hp_loss":0,"event_name":"FaceTrader","floor":10,"gold_loss":0},{"cards_removed":["Strike_P"],"damage_healed":0,"gold_gain":0,"player_choice":"Forget","damage_taken":0,"max_hp_gain":0,"max_hp_loss":0,"event_name":"Living Wall","floor":14,"gold_loss":0},{"damage_healed":0,"gold_gain":0,"player_choice":"Fought Bandits","damage_taken":0,"max_hp_gain":0,"max_hp_loss":0,"event_name":"Masked Bandits","floor":19,"gold_loss":0},{"damage_healed":24,"gold_gain":0,"player_choice":"Heal","damage_taken":0,"max_hp_gain":0,"max_hp_loss":0,"event_name":"The Library","floor":21,"gold_loss":0},{"damage_healed":0,"gold_gain":0,"player_choice":"Opened","damage_taken":0,"relics_obtained":["Ice Cream"],"max_hp_gain":0,"max_hp_loss":0,"event_name":"The Mausoleum","floor":22,"gold_loss":0,"cards_obtained":["Writhe"]},{"damage_healed":0,"gold_gain":0,"player_choice":"Obtained Book","damage_taken":16,"max_hp_gain":0,"max_hp_loss":0,"event_name":"Cursed Tome","floor":27,"gold_loss":0}],"is_beta":false,"boss_relics":[{"not_picked":["Runic Dome","Pandora\u0027s Box"],"picked":"SacredBark"}],"items_purged_floors":[3],"is_endless":false,"potions_floor_spawned":[4,8,11,16,24,28],"killed_by":"Sentry and Sphere","ascension_level":11}