{"gold_per_floor":[10,30,30,45,64,75,105,105,105,120,155,155,170,184,184,267,276,288,4,13,22,39,82,82,109,132,32,43,43,73,85,85,164,214,214,0,21,21,21,49,49,77,77,109,109,139,76,93,93,93],"floor_reached":50,"playtime":1958,"items_purged":["Strike_P","Strike_P"],"score":1205,"play_id":"bd7f4310-b9fc-4168-a224-1ee3ec3fc6bd","local_time":"20210205160414","is_ascension_mode":true,"campfire_choices":[{"data":"Apotheosis","floor":8,"key":"SMITH"},{"floor":12,"key":"RECALL"},{"data":"Eruption","floor":15,"key":"SMITH"},{"floor":24,"key":"REST"},{"floor":29,"key":"REST"},{"floor":32,"key":"REST"},{"floor":41,"key":"REST"},{"floor":45,"key":"REST"},{"floor":49,"key":"REST"}],"neow_cost":"NO_GOLD","seed_source_timestamp":0,"circlet_count":0,"master_deck":["AscendersBane","Strike_P","Defend_P+1","Defend_P","Defend_P","Defend_P","Eruption+1","Vigilance","Apotheosis+1","CrushJoints","Conclude","Protect","ConjureBlade","Wallop","Indignation","MasterReality","CurseOfTheBell","DeusExMachina","Shame","Pray","Scrawl","BattleHymn+1","Adaptation"],"special_seed":0,"relics":["PureWater","StrikeDummy","Blood Vial","CeramicFish","Calling Bell","Nunchaku","White Beast Statue","Du-Vu Doll","Lee\u0027s Waffle","Letter Opener","Sundial","Eternal Feather","Bag of Marbles","Pocketwatch","Tiny House","Red Mask","MealTicket","Boot","Unceasing Top","Mummified Hand"],"potions_floor_usage":[7,18,22,23,25,25,25,28,30,30,31,33,35,40,40,42,44,48,50],"damage_taken":[{"damage":0,"enemies":"Cultist","floor":1,"turns":3},{"damage":0,"enemies":"Jaw Worm","floor":2,"turns":2},{"damage":0,"enemies":"2 Louse","floor":4,"turns":2},{"damage":1,"enemies":"Looter","floor":5,"turns":5},{"damage":0,"enemies":"Gremlin Gang","floor":6,"turns":1},{"damage":0,"enemies":"3 Sentries","floor":7,"turns":3},{"damage":0,"enemies":"Blue Slaver","floor":10,"turns":1},{"damage":0,"enemies":"Gremlin Nob","floor":11,"turns":3},{"damage":0,"enemies":"2 Fungi Beasts","floor":13,"turns":3},{"damage":2,"enemies":"3 Louse","floor":14,"turns":3},{"damage":3,"enemies":"The Guardian","floor":16,"turns":5},{"damage":11,"enemies":"3 Byrds","floor":18,"turns":4},{"damage":8,"enemies":"Spheric Guardian","floor":22,"turns":5},{"damage":33,"enemies":"Slavers","floor":23,"turns":4},{"damage":0,"enemies":"Book of Stabbing","floor":25,"turns":3},{"damage":24,"enemies":"Snake Plant","floor":28,"turns":5},{"damage":49,"enemies":"Slavers","floor":30,"turns":7},{"damage":4,"enemies":"Cultist and Chosen","floor":31,"turns":3},{"damage":12,"enemies":"Automaton","floor":33,"turns":3},{"damage":0,"enemies":"Orb Walker","floor":35,"turns":1},{"damage":0,"enemies":"3 Darklings","floor":37,"turns":4},{"damage":50,"enemies":"Reptomancer","floor":40,"turns":6},{"damage":27,"enemies":"Giant Head","floor":42,"turns":5},{"damage":29,"enemies":"Reptomancer","floor":44,"turns":5},{"damage":53,"enemies":"Nemesis","floor":46,"turns":7},{"damage":20,"enemies":"Jaw Worm Horde","floor":48,"turns":3},{"damage":56,"enemies":"Awakened One","floor":50,"turns":3}],"seed_played":"-2434858197614079852","potions_obtained":[{"floor":2,"key":"Swift Potion"},{"floor":3,"key":"CultistPotion"},{"floor":3,"key":"BottledMiracle"},{"floor":10,"key":"EssenceOfSteel"},{"floor":14,"key":"Block Potion"},{"floor":18,"key":"BlessingOfTheForge"},{"floor":22,"key":"EntropicBrew"},{"floor":23,"key":"PowerPotion"},{"floor":25,"key":"Weak Potion"},{"floor":28,"key":"Dexterity Potion"},{"floor":30,"key":"GamblersBrew"},{"floor":31,"key":"DistilledChaos"},{"floor":33,"key":"EssenceOfSteel"},{"floor":34,"key":"SmokeBomb"},{"floor":37,"key":"Ancient Potion"},{"floor":40,"key":"Strength Potion"},{"floor":42,"key":"Swift Potion"},{"floor":44,"key":"Fire Potion"},{"floor":46,"key":"Regen Potion"},{"floor":48,"key":"Energy Potion"}],"is_trial":false,"path_per_floor":["M","M","?","M","M","M","E","R","T","M","E","R","M","M","R","B",null,"M","$","?","?","M","E","R","E","T","$","M","R","E","M","R","B",null,"M","?","M","?","?","E","R","E","T","E","R","E","$","M","R","B"],"character_chosen":"WATCHER","items_purchased":["DeusExMachina","Lee\u0027s Waffle","Adaptation"],"campfire_rested":6,"item_purchase_floors":[19,19,47],"current_hp_per_floor":[65,65,65,65,64,64,64,64,64,66,68,68,70,70,70,69,71,61,79,79,79,71,40,63,65,65,65,43,78,30,28,63,53,78,80,80,82,82,82,34,71,46,46,19,56,5,20,11,48,0],"gold":93,"neow_bonus":"RANDOM_COLORLESS_2","is_prod":false,"is_daily":false,"chose_seed":false,"campfire_upgraded":2,"win_rate":0,"timestamp":1612559054,"path_taken":["M","?","?","?","M","?","E","R","T","M","E","R","M","M","R","BOSS","M","$","?","?","M","E","R","E","T","$","M","R","E","M","R","BOSS","M","?","M","?","?","E","R","E","T","E","R","E","$","?","R","BOSS"],"build_version":"2020-12-22","purchased_purges":2,"victory":false,"max_hp_per_floor":[72,72,72,72,72,72,72,72,72,72,72,72,72,72,72,72,72,72,79,79,79,79,79,79,79,79,79,79,79,79,79,79,79,84,84,84,84,84,84,84,84,84,84,84,84,84,84,84,84,84],"card_choices":[{"not_picked":["Magnetism","Secret Technique"],"picked":"Apotheosis","floor":0.0},{"not_picked":["Tantrum","FlyingSleeves"],"picked":"CrushJoints","floor":1},{"not_picked":["CrushJoints","Study"],"picked":"Conclude","floor":2},{"not_picked":["FlyingSleeves","BowlingBash","EmptyFist"],"picked":"SKIP","floor":4},{"not_picked":["EmptyMind","Wireheading"],"picked":"Protect","floor":5},{"not_picked":["BattleHymn","EmptyBody"],"picked":"ConjureBlade","floor":6},{"not_picked":["SashWhip","CrushJoints","BattleHymn"],"picked":"SKIP","floor":7},{"not_picked":["SignatureMove","Protect"],"picked":"Wallop","floor":10},{"not_picked":["FlyingSleeves","PathToVictory"],"picked":"Indignation","floor":11},{"not_picked":["PathToVictory","ClearTheMind","Consecrate"],"picked":"SKIP","floor":13},{"not_picked":["Crescendo","Wish","Tantrum"],"picked":"SKIP","floor":14},{"not_picked":["Blasphemy","ConjureBlade"],"picked":"MasterReality","floor":16},{"not_picked":["MentalFortress","FlurryOfBlows","JustLucky"],"picked":"SKIP","floor":18},{"not_picked":["Protect","Fasting2","FlurryOfBlows"],"picked":"SKIP","floor":22},{"not_picked":["BowlingBash","Tantrum"],"picked":"Scrawl","floor":23},{"not_picked":["Crescendo","Vault","ThirdEye"],"picked":"SKIP","floor":25},{"not_picked":["CutThroughFate","LikeWater+1","Halt"],"picked":"SKIP","floor":28},{"not_picked":["Judgement","FollowUp","Consecrate"],"picked":"SKIP","floor":30},{"not_picked":["BowlingBash","WindmillStrike","TalkToTheHand"],"picked":"SKIP","floor":31},{"not_picked":["Halt","Evaluate+1"],"picked":"BattleHymn+1","floor":37},{"not_picked":["Pray","Wallop","WreathOfFlame"],"picked":"SKIP","floor":40},{"not_picked":["SashWhip","FlyingSleeves+1","Blasphemy"],"picked":"SKIP","floor":42},{"not_picked":["BowlingBash","Nirvana+1","Tantrum+1"],"picked":"SKIP","floor":44},{"not_picked":["WheelKick","FlurryOfBlows","Vengeance"],"picked":"SKIP","floor":46},{"not_picked":["Fasting2","ClearTheMind","PathToVictory"],"picked":"SKIP","floor":48}],"player_experience":1267456,"relics_obtained":[{"floor":7,"key":"StrikeDummy"},{"floor":9,"key":"Blood Vial"},{"floor":11,"key":"CeramicFish"},{"floor":17,"key":"Nunchaku"},{"floor":17,"key":"White Beast Statue"},{"floor":17,"key":"Du-Vu Doll"},{"floor":23,"key":"Sundial"},{"floor":25,"key":"Eternal Feather"},{"floor":26,"key":"Bag of Marbles"},{"floor":30,"key":"Pocketwatch"},{"floor":40,"key":"MealTicket"},{"floor":42,"key":"Boot"},{"floor":44,"key":"Unceasing Top"},{"floor":46,"key":"Mummified Hand"}],"event_choices":[{"damage_healed":0,"gold_gain":0,"player_choice":"Got Potions","damage_taken":0,"max_hp_gain":0,"max_hp_loss":0,"event_name":"Lab","floor":3,"gold_loss":0},{"damage_healed":0,"gold_gain":0,"player_choice":"Stole Relic","damage_taken":0,"relics_obtained":["Letter Opener"],"max_hp_gain":0,"max_hp_loss":0,"event_name":"Addict","floor":20,"gold_loss":0,"cards_obtained":["Shame"]},{"damage_healed":0,"gold_gain":0,"player_choice":"Read","damage_taken":0,"max_hp_gain":0,"max_hp_loss":0,"event_name":"The Library","floor":21,"gold_loss":0,"cards_obtained":["Pray"]},{"damage_healed":0,"gold_gain":0,"player_choice":"Paid","damage_taken":0,"relics_obtained":["Red Mask"],"max_hp_gain":0,"max_hp_loss":0,"event_name":"Tomb of Lord Red Mask","floor":36,"gold_loss":214},{"cards_removed":["Strike_P"],"damage_healed":0,"gold_gain":0,"player_choice":"Removed Attack","damage_taken":0,"max_hp_gain":0,"max_hp_loss":0,"event_name":"Falling","floor":38,"gold_loss":0},{"damage_healed":0,"gold_gain":0,"player_choice":"0 cards matched","damage_taken":0,"max_hp_gain":0,"max_hp_loss":0,"event_name":"Match and Keep!","floor":39,"gold_loss":0,"cards_obtained":[]}],"is_beta":false,"boss_relics":[{"not_picked":["Snecko Eye","Runic Pyramid"],"picked":"Calling Bell"},{"not_picked":["Empty Cage","Runic Dome"],"picked":"Tiny House"}],"items_purged_floors":[19,27],"is_endless":false,"potions_floor_spawned":[2,6,10,14,16,18,22,23,25,28,30,31,33,35,37,40,42,44,46,48],"killed_by":"Awakened One","ascension_level":13}