{"gold_per_floor":[115,40,40,40,51,80,105,125,151,151,56,56,56,81,81,175,175,190,170,185,210,234,234,234,234],"floor_reached":25,"playtime":763,"items_purged":["Decay"],"score":332,"play_id":"a5b13f22-c323-4424-9a66-396490c33011","local_time":"20210209221021","is_ascension_mode":true,"campfire_choices":[{"floor":10,"key":"REST"},{"data":"SignatureMove","floor":12,"key":"SMITH"},{"floor":15,"key":"REST"},{"data":"PathToVictory","floor":23,"key":"SMITH"}],"neow_cost":"CURSE","seed_source_timestamp":0,"circlet_count":0,"master_deck":["AscendersBane","Defend_P","Defend_P","Defend_P","Eruption","Vigilance","PathToVictory","Adaptation","FlurryOfBlows","PathToVictory+1","SignatureMove+1","Protect","Impatience","Injury","Sanctity+1","LessonLearned","PathToVictory+1","FearNoEvil","Devotion"],"special_seed":0,"relics":["PureWater","Mercury Hourglass","Pen Nib","Toy Ornithopter","Golden Idol","Snecko Eye"],"potions_floor_usage":[16,21,21,22],"damage_taken":[{"damage":0.0,"enemies":"Small Slimes","floor":1.0,"turns":3.0},{"damage":12.0,"enemies":"Cultist","floor":5.0,"turns":3.0},{"damage":54,"enemies":"3 Sentries","floor":6,"turns":10},{"damage":0,"enemies":"Jaw Worm","floor":8,"turns":2},{"damage":8,"enemies":"Exordium Wildlife","floor":14,"turns":2},{"damage":2,"enemies":"The Guardian","floor":16,"turns":7},{"damage":5,"enemies":"Spheric Guardian","floor":18,"turns":3},{"damage":0,"enemies":"2 Thieves","floor":20,"turns":4},{"damage":10,"enemies":"Snake Plant","floor":21,"turns":4},{"damage":4,"enemies":"3 Cultists","floor":22,"turns":4},{"damage":75,"enemies":"Book of Stabbing","floor":25,"turns":3}],"seed_played":"-6332814757740728655","potions_obtained":[{"floor":8,"key":"Dexterity Potion"},{"floor":14,"key":"SkillPotion"},{"floor":19,"key":"AttackPotion"},{"floor":21,"key":"Strength Potion"}],"is_trial":false,"path_per_floor":["M","$","?","?","M","E","T","M","T","R","$","R","?","M","R","B",null,"M","?","M","M","M","R","?","E"],"character_chosen":"WATCHER","items_purchased":["Impatience"],"campfire_rested":2,"item_purchase_floors":[11],"current_hp_per_floor":[65,65,65,70,58,4,4,4,4,25,25,25,25,17,38,41,64,59,59,59,59,60,60,60,0],"gold":234,"neow_bonus":"TRANSFORM_TWO_CARDS","is_prod":false,"is_daily":false,"chose_seed":false,"campfire_upgraded":2,"win_rate":0,"timestamp":1612926621,"path_taken":["M","$","?","?","?","E","?","M","T","R","?","R","?","M","R","BOSS","M","?","M","M","?","R","?","E"],"build_version":"2020-12-22","purchased_purges":1,"victory":false,"max_hp_per_floor":[72,72,72,72,72,72,72,72,72,72,72,72,72,72,72,72,72,72,72,72,72,72,72,72,72],"card_choices":[{"not_picked":["CarveReality","Wireheading"],"picked":"FlurryOfBlows","floor":1.0},{"not_picked":["Evaluate","SashWhip"],"picked":"PathToVictory","floor":5},{"not_picked":["Prostrate","Wireheading"],"picked":"SignatureMove","floor":6},{"not_picked":["Halt","BattleHymn"],"picked":"Protect","floor":8},{"not_picked":["BowlingBash","SignatureMove"],"picked":"Sanctity","floor":14},{"not_picked":["MasterReality","Brilliance"],"picked":"LessonLearned","floor":16},{"not_picked":["CutThroughFate","Adaptation"],"picked":"PathToVictory+1","floor":18},{"not_picked":["Meditate","JustLucky","Establishment"],"picked":"SKIP","floor":20},{"not_picked":["Prostrate","Protect","FlurryOfBlows"],"picked":"SKIP","floor":21},{"not_picked":["CrushJoints","Consecrate","Perseverance"],"picked":"SKIP","floor":22}],"player_experience":1277881,"relics_obtained":[{"floor":6,"key":"Mercury Hourglass"},{"floor":7,"key":"Pen Nib"},{"floor":9,"key":"Toy Ornithopter"}],"event_choices":[{"damage_healed":0.0,"max_hp_gain":0.0,"max_hp_loss":0.0,"gold_gain":0.0,"cards_transformed":["Strike_P"],"event_name":"Living Wall","player_choice":"Change","floor":3.0,"gold_loss":0.0,"damage_taken":0.0,"cards_obtained":["JustLucky"]},{"cards_removed":["JustLucky"],"damage_healed":5.0,"max_hp_gain":0.0,"max_hp_loss":0.0,"gold_gain":0.0,"event_name":"Bonfire Elementals","player_choice":"Offered Common","floor":4.0,"gold_loss":0.0,"damage_taken":0.0},{"cards_removed":["JustLucky"],"damage_healed":5.0,"max_hp_gain":0.0,"max_hp_loss":0.0,"gold_gain":0.0,"event_name":"Bonfire Elementals","player_choice":"Offered Special","floor":4.0,"gold_loss":0.0,"damage_taken":0.0},{"damage_healed":0,"gold_gain":0,"player_choice":"Take Wound","damage_taken":0,"relics_obtained":["Golden Idol"],"max_hp_gain":0,"max_hp_loss":0,"event_name":"Golden Idol","floor":13,"gold_loss":0,"cards_obtained":["Injury"]},{"damage_healed":0,"gold_gain":0,"player_choice":"Bought 1 Potion","damage_taken":0,"max_hp_gain":0,"max_hp_loss":0,"event_name":"The Woman in Blue","floor":19,"gold_loss":0},{"damage_healed":0,"gold_gain":0,"cards_transformed":["Strike_P","Strike_P"],"player_choice":"Became Test Subject","damage_taken":0,"max_hp_gain":0,"max_hp_loss":0,"event_name":"Drug Dealer","floor":24,"gold_loss":0,"cards_obtained":["FearNoEvil","Devotion"]}],"is_beta":false,"boss_relics":[{"not_picked":["HolyWater","Velvet Choker"],"picked":"Snecko Eye"}],"items_purged_floors":[2],"is_endless":false,"potions_floor_spawned":[8,14,20,21],"killed_by":"Book of Stabbing","ascension_level":13}