{"gold_per_floor":[116,41,57,57,76,76,106,106,132,132,151,151,171,183,183,261,311,328,346,346,365,365,400,400,325,325,325],"floor_reached":27,"playtime":1196,"items_purged":["Strike_P"],"score":384,"play_id":"cf2a176f-7e64-41c0-abce-d31dddf8a80f","local_time":"20210206114934","is_ascension_mode":true,"campfire_choices":[{"data":"TalkToTheHand","floor":6,"key":"SMITH"},{"floor":10,"key":"REST"},{"floor":15,"key":"REST"},{"floor":24,"key":"REST"}],"neow_cost":"TEN_PERCENT_HP_LOSS","seed_source_timestamp":1882563158215300,"circlet_count":0,"master_deck":["AscendersBane","Strike_P","Strike_P","Defend_P+1","Defend_P","Defend_P+1","Eruption+1","Vigilance","TalkToTheHand+1","Collect","EmptyFist","Halt","Conclude+1","DeusExMachina","MentalFortress","TalkToTheHand","FollowUp+1"],"relics":["PureWater","Boot","Bronze Scales","Tiny House","Mummified Hand","Calipers"],"potions_floor_usage":[21,23,23],"damage_taken":[{"damage":10,"enemies":"Cultist","floor":1,"turns":4},{"damage":0,"enemies":"2 Louse","floor":3,"turns":2},{"damage":1,"enemies":"Small Slimes","floor":5,"turns":3},{"damage":23,"enemies":"Gremlin Nob","floor":7,"turns":5},{"damage":3,"enemies":"Red Slaver","floor":11,"turns":3},{"damage":0,"enemies":"Looter","floor":13,"turns":1},{"damage":0,"enemies":"Gremlin Gang","floor":14,"turns":1},{"damage":29,"enemies":"Slime Boss","floor":16,"turns":11},{"damage":6,"enemies":"Shell Parasite","floor":18,"turns":4},{"damage":13,"enemies":"Chosen","floor":19,"turns":5},{"damage":14,"enemies":"Shelled Parasite and Fungi","floor":21,"turns":5},{"damage":52,"enemies":"Gremlin Leader","floor":23,"turns":7},{"damage":31,"enemies":"Book of Stabbing","floor":27,"turns":4}],"seed_played":"-5576808345703557796","potions_obtained":[{"floor":3,"key":"BottledMiracle"},{"floor":7,"key":"BottledMiracle"},{"floor":21,"key":"GamblersBrew"}],"is_trial":false,"path_per_floor":["M","$","M","?","M","R","E","$","T","R","M","?","M","M","R","B",null,"M","M","?","M","?","E","R","?","T","E"],"character_chosen":"WATCHER","items_purchased":[],"campfire_rested":3,"item_purchase_floors":[],"current_hp_per_floor":[55,55,55,42,41,41,18,18,18,37,34,34,34,34,53,24,60,54,41,70,56,56,4,25,25,25,0],"gold":325,"neow_bonus":"TRANSFORM_TWO_CARDS","is_prod":false,"is_daily":false,"chose_seed":false,"campfire_upgraded":1,"win_rate":0,"timestamp":1612630174,"path_taken":["M","$","?","?","M","R","E","$","T","R","M","?","?","M","R","BOSS","M","M","?","?","?","E","R","?","T","E"],"build_version":"2020-12-22","purchased_purges":1,"victory":false,"max_hp_per_floor":[65,65,65,65,65,65,65,65,65,65,65,65,65,65,65,65,70,70,70,70,70,70,70,70,70,70,70],"card_choices":[{"not_picked":["SashWhip","WindmillStrike"],"picked":"EmptyFist","floor":1},{"not_picked":["ReachHeaven","FollowUp"],"picked":"Vengeance","floor":3},{"not_picked":["WreathOfFlame","Crescendo"],"picked":"Halt","floor":5},{"not_picked":["Ragnarok","CarveReality","JustLucky"],"picked":"SKIP","floor":7},{"not_picked":["EmptyMind","Collect"],"picked":"Conclude","floor":11},{"not_picked":["SashWhip","Crescendo","BowlingBash"],"picked":"SKIP","floor":13},{"not_picked":["ClearTheMind","BowlingBash","Crescendo"],"picked":"SKIP","floor":14},{"not_picked":["Brilliance","Alpha"],"picked":"DeusExMachina","floor":16},{"not_picked":["ThirdEye","Halt+1"],"picked":"MentalFortress","floor":18},{"not_picked":["WreathOfFlame","SandsOfTime"],"picked":"TalkToTheHand","floor":19},{"not_picked":["FlyingSleeves","SashWhip","CutThroughFate"],"picked":"SKIP","floor":21},{"not_picked":["Devotion","Study"],"picked":"FollowUp+1","floor":23}],"player_experience":1273296,"relics_obtained":[{"floor":7,"key":"Boot"},{"floor":9,"key":"Bronze Scales"},{"floor":23,"key":"Mummified Hand"},{"floor":26,"key":"Calipers"}],"event_choices":[{"damage_healed":0,"gold_gain":0,"player_choice":"Entered Light","damage_taken":13,"max_hp_gain":0,"max_hp_loss":0,"event_name":"Shining Light","floor":4,"gold_loss":0,"cards_upgraded":["Defend_P","Eruption"]},{"damage_healed":0,"gold_gain":0,"player_choice":"Upgraded","damage_taken":0,"max_hp_gain":0,"max_hp_loss":0,"event_name":"Upgrade Shrine","floor":12,"gold_loss":0,"cards_upgraded":["Conclude"]},{"cards_removed":["Vengeance"],"damage_healed":29,"gold_gain":0,"player_choice":"Offered Uncommon","damage_taken":0,"max_hp_gain":0,"max_hp_loss":0,"event_name":"Bonfire Elementals","floor":20,"gold_loss":0},{"damage_healed":0,"gold_gain":0,"player_choice":"Smashed Altar","damage_taken":0,"max_hp_gain":0,"max_hp_loss":0,"event_name":"Forgotten Altar","floor":22,"gold_loss":0,"cards_obtained":["Decay"]},{"cards_removed":["Decay"],"damage_healed":0,"gold_gain":0,"player_choice":"Gave Gold","damage_taken":0,"max_hp_gain":0,"max_hp_loss":0,"event_name":"Beggar","floor":25,"gold_loss":75}],"is_beta":false,"boss_relics":[{"not_picked":["Ectoplasm","Sozu"],"picked":"Tiny House"}],"items_purged_floors":[2],"is_endless":false,"potions_floor_spawned":[3,7,11,13,14,18,21],"killed_by":"Book of Stabbing","ascension_level":13}