{"gold_per_floor":[15,15,15,15,33,65,77,111,111,121,149,160,160,171,171,246,246,258,101,101,111,26,26,26,42,123,123],"floor_reached":27,"playtime":1087,"items_purged":[],"score":492,"play_id":"710b35be-57b6-4d74-bf40-c798b3ada05f","local_time":"20210209224509","is_ascension_mode":true,"campfire_choices":[{"floor":13,"key":"REST"},{"floor":15,"key":"REST"},{"data":"Blasphemy","floor":23,"key":"SMITH"}],"neow_cost":"NO_GOLD","seed_source_timestamp":2181225863526800,"circlet_count":0,"master_deck":["AscendersBane","Strike_P","Defend_P","Defend_P","Eruption+1","Vigilance","Weave","Indignation","BowlingBash","Evaluate","CutThroughFate","Conclude","Protect","ThirdEye","Devotion","Halt+1","BowlingBash","Blasphemy+1"],"relics":["PureWater","Pear","Matryoshka","InkBottle","Ornamental Fan","Question Card","Black Star","Lee\u0027s Waffle","Meat on the Bone","Art of War","Mummified Hand"],"potions_floor_usage":[5,10,10,11,21],"damage_taken":[{"damage":0,"enemies":"Small Slimes","floor":1,"turns":2},{"damage":0,"enemies":"Jaw Worm","floor":5,"turns":2},{"damage":18,"enemies":"3 Sentries","floor":6,"turns":6},{"damage":0,"enemies":"2 Louse","floor":7,"turns":2},{"damage":35,"enemies":"Lagavulin","floor":8,"turns":4},{"damage":6,"enemies":"Lots of Slimes","floor":10,"turns":2},{"damage":4,"enemies":"3 Sentries","floor":11,"turns":6},{"damage":1,"enemies":"Looter","floor":12,"turns":2},{"damage":11,"enemies":"3 Louse","floor":14,"turns":3},{"damage":0,"enemies":"Slime Boss","floor":16,"turns":6},{"damage":49,"enemies":"Chosen","floor":18,"turns":6},{"damage":26,"enemies":"2 Thieves","floor":21,"turns":3},{"damage":23,"enemies":"Shelled Parasite and Fungi","floor":25,"turns":5},{"damage":84,"enemies":"Book of Stabbing","floor":27,"turns":6}],"seed_played":"-417811018482765353","potions_obtained":[{"floor":1,"key":"Fire Potion"},{"floor":4,"key":"SkillPotion"},{"floor":6,"key":"EssenceOfSteel"},{"floor":10,"key":"PowerPotion"},{"floor":14,"key":"Energy Potion"}],"is_trial":false,"path_per_floor":["M","?","?","?","M","E","M","E","T","M","E","M","R","M","R","B",null,"M","$","?","M","?","R","$","M","T","E"],"character_chosen":"WATCHER","items_purchased":["Lee\u0027s Waffle"],"campfire_rested":2,"item_purchase_floors":[19],"current_hp_per_floor":[65,65,58,58,58,50,50,15,15,9,5,4,28,17,41,41,72,23,89,89,63,63,63,63,52,52,0],"gold":123,"neow_bonus":"TRANSFORM_TWO_CARDS","is_prod":false,"is_daily":false,"chose_seed":false,"campfire_upgraded":1,"win_rate":0,"timestamp":1612928709,"path_taken":["M","?","?","?","M","E","M","E","T","?","E","M","R","M","R","BOSS","M","$","?","M","?","R","?","M","T","E"],"build_version":"2020-12-22","purchased_purges":0,"victory":false,"max_hp_per_floor":[72,72,72,72,72,82,82,82,82,82,82,82,82,82,82,82,82,82,89,89,89,89,89,89,89,89,89],"card_choices":[{"not_picked":["WheelKick","Prostrate"],"picked":"BowlingBash","floor":1},{"not_picked":["PathToVictory","Prostrate"],"picked":"Evaluate","floor":5},{"not_picked":["Halt","Worship"],"picked":"CutThroughFate","floor":6},{"not_picked":["CarveReality","SpiritShield","Crescendo"],"picked":"SKIP","floor":7},{"not_picked":["Indignation","InnerPeace"],"picked":"Conclude","floor":8},{"not_picked":["EmptyFist","EmptyBody","Protect"],"picked":"SKIP","floor":10},{"not_picked":["SashWhip","DevaForm"],"picked":"Protect","floor":11},{"not_picked":["FlurryOfBlows","Halt","FollowUp"],"picked":"ThirdEye","floor":12},{"not_picked":["CrushJoints","ClearTheMind","Crescendo","FlurryOfBlows"],"picked":"SKIP","floor":14},{"not_picked":["DevaForm","MasterReality","Omniscience"],"picked":"Devotion","floor":16},{"not_picked":["Prostrate","CutThroughFate","FollowUp"],"picked":"Halt+1","floor":18},{"not_picked":["Halt","Consecrate","Study","BowlingBash"],"picked":"SKIP","floor":21},{"not_picked":["FlyingSleeves","ClearTheMind","Indignation","Swivel"],"picked":"SKIP","floor":25}],"player_experience":1278644,"relics_obtained":[{"floor":6,"key":"Pear"},{"floor":8,"key":"Matryoshka"},{"floor":9,"key":"InkBottle"},{"floor":9,"key":"Ornamental Fan"},{"floor":11,"key":"Question Card"},{"floor":26,"key":"Art of War"},{"floor":26,"key":"Mummified Hand"}],"event_choices":[{"damage_healed":0,"gold_gain":0,"player_choice":"Grow","damage_taken":0,"max_hp_gain":0,"max_hp_loss":0,"event_name":"Living Wall","floor":2,"gold_loss":0,"cards_upgraded":["Eruption"]},{"cards_removed":["Strike_P"],"damage_healed":0,"gold_gain":0,"player_choice":"Card Removal","damage_taken":7,"max_hp_gain":0,"max_hp_loss":0,"event_name":"Golden Wing","floor":3,"gold_loss":0},{"damage_healed":0,"gold_gain":0,"player_choice":"Got Potions","damage_taken":0,"max_hp_gain":0,"max_hp_loss":0,"event_name":"Lab","floor":4,"gold_loss":0},{"damage_healed":0,"gold_gain":0,"cards_transformed":["Strike_P","Defend_P"],"player_choice":"Became Test Subject","damage_taken":0,"max_hp_gain":0,"max_hp_loss":0,"event_name":"Drug Dealer","floor":20,"gold_loss":0,"cards_obtained":["BowlingBash","Blasphemy"]},{"damage_healed":0,"gold_gain":0,"player_choice":"Obtained Relic","damage_taken":0,"relics_obtained":["Meat on the Bone"],"max_hp_gain":0,"max_hp_loss":0,"event_name":"Addict","floor":22,"gold_loss":85}],"is_beta":false,"boss_relics":[{"not_picked":["Runic Dome","Ectoplasm"],"picked":"Black Star"}],"items_purged_floors":[],"is_endless":false,"potions_floor_spawned":[1,6,10,14],"killed_by":"Book of Stabbing","ascension_level":13}