{"gold_per_floor":[117,117,117,117,69,69,100,113,188,228,76,1,1,27,27,128,128,148,247,247,52,64,64,0,0,69,69,69,97,129,229,229,334,334,360,360,360,1377,978,1022,872,881,881,881,452,463,463,504,504,504],"floor_reached":51,"playtime":1742,"items_purged":["Strike_P","Defend_P","Normality","Normality","Pain"],"score":1570,"play_id":"b692c849-e465-4053-a3b4-0379491a2cdf","local_time":"20210204223724","is_ascension_mode":true,"campfire_choices":[{"data":"PathToVictory","floor":6,"key":"SMITH"},{"data":"Eruption","floor":13,"key":"SMITH"},{"floor":15,"key":"REST"},{"data":"Strike_P","floor":23,"key":"PURGE"},{"data":"ThirdEye","floor":25,"key":"PURGE"},{"data":"Eruption+1","floor":27,"key":"PURGE"},{"data":"Defend_P+1","floor":32,"key":"PURGE"},{"floor":44,"key":"RECALL"},{"data":"Conclude","floor":47,"key":"PURGE"},{"data":"WheelKick+1","floor":49,"key":"PURGE"}],"neow_cost":"NONE","seed_source_timestamp":1748063669861500,"circlet_count":0,"master_deck":["AscendersBane","Defend_P+1","Defend_P+1","Vigilance","PathToVictory+1","PathToVictory+1","EmptyMind","Wireheading+1","Evaluate","Omniscience","PathToVictory","PathToVictory+1","InnerPeace","Deep Breath","EmptyMind","Sadistic Nature+1","Study+1"],"relics":["PureWater","NeowsBlessing","War Paint","Frozen Egg 2","CeramicFish","Melange","Peace Pipe","Fusion Hammer","Membership Card","Pear","FossilizedHelix","Anchor","Ginger","White Beast Statue","Sozu","DollysMirror","TeardropLocket","Centennial Puzzle","TungstenRod","Bag of Preparation","WarpedTongs","Regal Pillow","Medical Kit","PreservedInsect","Orichalcum"],"potions_floor_usage":[10,30,37],"damage_taken":[{"damage":0,"enemies":"Jaw Worm","floor":1,"turns":1},{"damage":0,"enemies":"3 Sentries","floor":7,"turns":2},{"damage":0,"enemies":"Small Slimes","floor":8,"turns":1},{"damage":6,"enemies":"Gremlin Nob","floor":10,"turns":3},{"damage":31,"enemies":"3 Sentries","floor":14,"turns":10},{"damage":2,"enemies":"The Guardian","floor":16,"turns":5},{"damage":10,"enemies":"Spheric Guardian","floor":18,"turns":5},{"damage":0,"enemies":"Shell Parasite","floor":22,"turns":4},{"damage":10,"enemies":"Snecko","floor":29,"turns":4},{"damage":0,"enemies":"Slavers","floor":30,"turns":4},{"damage":0,"enemies":"Colosseum Slavers","floor":31,"turns":3},{"damage":1,"enemies":"Colosseum Nobs","floor":31,"turns":6},{"damage":0,"enemies":"Collector","floor":33,"turns":5},{"damage":0,"enemies":"Orb Walker","floor":35,"turns":4},{"damage":0,"enemies":"3 Darklings","floor":37,"turns":1},{"damage":0,"enemies":"Giant Head","floor":40,"turns":5},{"damage":0,"enemies":"Maw","floor":46,"turns":3},{"damage":0,"enemies":"Nemesis","floor":48,"turns":3},{"damage":55,"enemies":"Awakened One","floor":50,"turns":7}],"seed_played":"7471198723246177893","potions_obtained":[{"floor":7,"key":"Swift Potion"},{"floor":14,"key":"SmokeBomb"},{"floor":16,"key":"BlessingOfTheForge"},{"floor":30,"key":"CultistPotion"}],"is_trial":false,"path_per_floor":["M","?","?","?","$","R","E","M","T","E","$","$","R","E","R","B",null,"M","?","?","$","M","R","?","R","T","R","?","M","E","?","R","B",null,"M","?","M","?","$","E","$","?","T","R","$","M","R","E","R","B",null],"character_chosen":"WATCHER","items_purchased":["PathToVictory","Melange","Membership Card","DollysMirror","TeardropLocket","Centennial Puzzle","InnerPeace","Deep Breath","Bag of Preparation","Regal Pillow","Medical Kit","EmptyMind","Sadistic Nature+1","PreservedInsect"],"campfire_rested":1,"item_purchase_floors":[5,11,21,39,39,39,39,39,41,45,45,45,45,45],"current_hp_per_floor":[65,70,55,55,55,55,55,55,55,49,49,49,49,18,41,39,68,58,58,58,58,58,58,58,58,68,68,68,58,58,57,57,57,80,80,80,80,80,80,80,80,80,80,80,80,80,80,80,80,25],"gold":504,"neow_bonus":"THREE_ENEMY_KILL","is_prod":false,"is_daily":false,"chose_seed":false,"campfire_upgraded":2,"win_rate":0,"timestamp":1612496244,"path_taken":["M","?","?","?","$","R","E","?","T","E","?","$","R","E","R","BOSS","M","?","?","$","M","R","?","R","T","R","?","?","E","?","R","BOSS","M","?","?","?","$","E","$","?","T","R","$","M","R","E","R","BOSS"],"build_version":"2020-12-22","purchased_purges":5,"victory":true,"max_hp_per_floor":[72,77,77,77,77,77,77,77,77,77,77,77,77,77,77,77,77,77,77,77,77,77,77,77,77,87,87,87,87,87,87,87,87,87,87,87,87,87,87,87,87,87,87,87,87,87,87,87,87,87],"card_choices":[{"not_picked":["Crescendo","CrushJoints"],"picked":"PathToVictory","floor":1},{"not_picked":["WheelKick","Fasting2"],"picked":"Conclude","floor":7},{"not_picked":["CrushJoints","Evaluate","Crescendo"],"picked":"SKIP","floor":8},{"not_picked":["Crescendo","Halt"],"picked":"EmptyMind","floor":10},{"not_picked":["FlyingSleeves","CrushJoints","BowlingBash"],"picked":"SKIP","floor":14},{"not_picked":["ForeignInfluence","EmptyBody"],"picked":"Wireheading+1","floor":18},{"not_picked":["ClearTheMind","Tantrum","SashWhip+1"],"picked":"SKIP","floor":22},{"not_picked":["Nirvana+1","TalkToTheHand"],"picked":"Evaluate","floor":29},{"not_picked":["Protect","Fasting2+1","InnerPeace"],"picked":"SKIP","floor":30},{"not_picked":["LessonLearned","MasterReality+1"],"picked":"Omniscience","floor":33},{"not_picked":["Adaptation+1","EmptyFist"],"picked":"PathToVictory","floor":35},{"not_picked":["Wallop","WreathOfFlame"],"picked":"WheelKick+1","floor":40},{"not_picked":["EmptyBody","Crescendo","WindmillStrike"],"picked":"SKIP","floor":46},{"not_picked":["Nirvana+1","ReachHeaven"],"picked":"Study+1","floor":48}],"player_experience":1265048,"relics_obtained":[{"floor":7,"key":"War Paint"},{"floor":9,"key":"Frozen Egg 2"},{"floor":10,"key":"CeramicFish"},{"floor":14,"key":"Peace Pipe"},{"floor":26,"key":"Pear"},{"floor":30,"key":"Anchor"},{"floor":31,"key":"Ginger"},{"floor":31,"key":"White Beast Statue"},{"floor":40,"key":"TungstenRod"},{"floor":48,"key":"Orichalcum"}],"event_choices":[{"damage_healed":0,"gold_gain":0,"player_choice":"Donut","damage_taken":0,"max_hp_gain":5,"max_hp_loss":0,"event_name":"Big Fish","floor":2,"gold_loss":0},{"damage_healed":0,"gold_gain":0,"player_choice":"Entered Light","damage_taken":15,"max_hp_gain":0,"max_hp_loss":0,"event_name":"Shining Light","floor":3,"gold_loss":0,"cards_upgraded":["PathToVictory","Defend_P"]},{"damage_healed":0,"gold_gain":0,"cards_transformed":["Strike_P"],"player_choice":"Change","damage_taken":0,"max_hp_gain":0,"max_hp_loss":0,"event_name":"Living Wall","floor":4,"gold_loss":0,"cards_obtained":["ThirdEye"]},{"damage_healed":0,"gold_gain":99,"player_choice":"Stole From Cult","damage_taken":0,"max_hp_gain":0,"max_hp_loss":0,"event_name":"Nest","floor":19,"gold_loss":0},{"cards_removed":["Strike_P"],"damage_healed":0,"gold_gain":0,"player_choice":"Elegance","damage_taken":0,"max_hp_gain":0,"max_hp_loss":0,"event_name":"Back to Basics","floor":20,"gold_loss":0},{"damage_healed":0,"gold_gain":0,"player_choice":"Paid Fearfully","damage_taken":0,"max_hp_gain":0,"max_hp_loss":0,"event_name":"Masked Bandits","floor":24,"gold_loss":64},{"damage_healed":0,"gold_gain":0,"player_choice":"Opened","damage_taken":0,"relics_obtained":["FossilizedHelix"],"max_hp_gain":0,"max_hp_loss":0,"event_name":"The Mausoleum","floor":28,"gold_loss":0},{"damage_healed":0,"gold_gain":0,"player_choice":"Fight","damage_taken":0,"max_hp_gain":0,"max_hp_loss":0,"event_name":"Colosseum","floor":31,"gold_loss":0},{"damage_healed":0,"gold_gain":0,"player_choice":"Fought Nobs","damage_taken":0,"max_hp_gain":0,"max_hp_loss":0,"event_name":"Colosseum","floor":31,"gold_loss":0},{"damage_healed":0,"gold_gain":0,"player_choice":"Got Potions","damage_taken":0,"max_hp_gain":0,"max_hp_loss":0,"event_name":"Lab","floor":36,"gold_loss":0},{"damage_healed":0,"gold_gain":999,"player_choice":"Gold","damage_taken":0,"max_hp_gain":0,"max_hp_loss":0,"event_name":"MindBloom","floor":38,"gold_loss":0,"cards_obtained":["Normality","Normality"]},{"damage_healed":0,"gold_gain":0,"player_choice":"Rummage","damage_taken":0,"relics_obtained":["WarpedTongs"],"max_hp_gain":0,"max_hp_loss":0,"event_name":"Accursed Blacksmith","floor":42,"gold_loss":0,"cards_obtained":["Pain"]}],"is_beta":false,"boss_relics":[{"not_picked":["Cursed Key","Astrolabe"],"picked":"Fusion Hammer"},{"not_picked":["SacredBark","Philosopher\u0027s Stone"],"picked":"Sozu"}],"items_purged_floors":[12,21,39,41,45],"is_endless":false,"potions_floor_spawned":[7,14,16,29,30,33,35,37,40,46,48],"ascension_level":12}