{"gold_per_floor":[15,15,15,15,27,27,56,131,131,131,131,146,146,1,1,78,78,98,58,74,93,192,192],"floor_reached":23,"playtime":666,"items_purged":[],"score":391,"play_id":"d0071f8b-4c24-4e6d-b859-bdfbc84a33b0","local_time":"20210204224856","is_ascension_mode":true,"campfire_choices":[{"data":"Devotion","floor":6,"key":"SMITH"},{"data":"Eruption","floor":10,"key":"SMITH"},{"data":"Devotion","floor":13,"key":"SMITH"},{"floor":15,"key":"REST"}],"neow_cost":"NO_GOLD","seed_source_timestamp":1749840822802500,"circlet_count":0,"master_deck":["AscendersBane","Strike_P","Strike_P","Strike_P","Defend_P","Defend_P","Defend_P","Eruption+1","Vigilance","Devotion+1","CrushJoints","MentalFortress","FlurryOfBlows","Devotion+1","Devotion+1","BowlingBash","WheelKick+1"],"relics":["PureWater","Oddly Smooth Stone","Singing Bowl","Mummified Hand","PreservedInsect","VioletLotus"],"potions_floor_usage":[7,18,21,23],"damage_taken":[{"damage":9,"enemies":"2 Louse","floor":1,"turns":5},{"damage":0,"enemies":"Small Slimes","floor":5,"turns":3},{"damage":17,"enemies":"3 Sentries","floor":7,"turns":15},{"damage":0,"enemies":"Jaw Worm","floor":12,"turns":3},{"damage":0,"enemies":"Slime Boss","floor":16,"turns":8},{"damage":8,"enemies":"Spheric Guardian","floor":18,"turns":4},{"damage":18,"enemies":"Shell Parasite","floor":20,"turns":4},{"damage":28,"enemies":"Centurion and Healer","floor":21,"turns":5},{"damage":22,"enemies":"Book of Stabbing","floor":23,"turns":2}],"seed_played":"-1144104607989532510","potions_obtained":[{"floor":5,"key":"ColorlessPotion"},{"floor":12,"key":"LiquidBronze"},{"floor":16,"key":"DistilledChaos"},{"floor":20,"key":"Block Potion"},{"floor":21,"key":"SkillPotion"}],"is_trial":false,"path_per_floor":["M","?","?","?","M","R","E","?","T","R","?","M","R","$","R","B",null,"M","?","M","M","?","E"],"character_chosen":"WATCHER","items_purchased":["PreservedInsect"],"campfire_rested":1,"item_purchase_floors":[14],"current_hp_per_floor":[56,56,49,72,72,72,55,44,44,44,37,37,37,37,58,58,69,63,63,45,17,17,0],"gold":192,"neow_bonus":"THREE_RARE_CARDS","is_prod":false,"is_daily":false,"chose_seed":false,"campfire_upgraded":3,"win_rate":0,"timestamp":1612496936,"path_taken":["M","?","?","?","M","R","E","?","T","R","?","M","R","$","R","BOSS","M","?","?","M","?","E"],"build_version":"2020-12-22","purchased_purges":0,"victory":false,"max_hp_per_floor":[72,72,72,72,72,72,72,72,72,72,72,72,72,72,72,72,72,74,74,74,74,74,74],"card_choices":[{"not_picked":["Establishment","Ragnarok"],"picked":"Devotion","floor":0},{"not_picked":["Protect","SashWhip"],"picked":"CrushJoints","floor":1},{"not_picked":["FlurryOfBlows","PathToVictory","Protect"],"picked":"SKIP","floor":5},{"not_picked":["EmptyFist","Halt"],"picked":"FlurryOfBlows","floor":7},{"not_picked":["Prostrate","CutThroughFate"],"picked":"Devotion","floor":12},{"not_picked":["Omniscience","DeusExMachina"],"picked":"Devotion","floor":16},{"not_picked":["Indignation","FollowUp","CarveReality"],"picked":"Singing Bowl","floor":18},{"not_picked":["Protect","FollowUp+1"],"picked":"BowlingBash","floor":20},{"not_picked":["Weave+1","Evaluate+1"],"picked":"WheelKick+1","floor":21}],"player_experience":1266790,"relics_obtained":[{"floor":7,"key":"Singing Bowl"},{"floor":9,"key":"Mummified Hand"}],"event_choices":[{"damage_healed":0,"gold_gain":0,"cards_transformed":["Strike_P"],"player_choice":"Change","damage_taken":0,"max_hp_gain":0,"max_hp_loss":0,"event_name":"Living Wall","floor":2,"gold_loss":0,"cards_obtained":["MentalFortress"]},{"damage_healed":0,"gold_gain":0,"player_choice":"Success","damage_taken":7,"relics_obtained":["Oddly Smooth Stone"],"max_hp_gain":0,"max_hp_loss":0,"event_name":"Scrap Ooze","floor":3,"gold_loss":0},{"damage_healed":24,"gold_gain":0,"player_choice":"Banana","damage_taken":0,"max_hp_gain":0,"max_hp_loss":0,"event_name":"Big Fish","floor":4,"gold_loss":0},{"damage_healed":0,"gold_gain":75,"player_choice":"Gather Gold","damage_taken":11,"max_hp_gain":0,"max_hp_loss":0,"event_name":"World of Goop","floor":8,"gold_loss":0},{"cards_removed":["Defend_P"],"damage_healed":0,"gold_gain":0,"player_choice":"Card Removal","damage_taken":7,"max_hp_gain":0,"max_hp_loss":0,"event_name":"Golden Wing","floor":11,"gold_loss":0},{"damage_healed":0,"gold_gain":0,"player_choice":"Upgrade","damage_taken":0,"max_hp_gain":0,"max_hp_loss":0,"event_name":"Designer","floor":19,"gold_loss":40,"cards_upgraded":["Devotion"]},{"damage_healed":0,"gold_gain":99,"player_choice":"Stole From Cult","damage_taken":0,"max_hp_gain":0,"max_hp_loss":0,"event_name":"Nest","floor":22,"gold_loss":0}],"is_beta":false,"boss_relics":[{"not_picked":["Ectoplasm","SlaversCollar"],"picked":"VioletLotus"}],"items_purged_floors":[],"is_endless":false,"potions_floor_spawned":[5,12,16,20,21],"killed_by":"Book of Stabbing","ascension_level":13}