{"gold_per_floor":[109,109,129,54,54,89,104,69,69,95,170,190,220,230,230,333,333,345,345,255,270,20,45,45,63,108,141,161,178,0,39,39,142,142,155,155,55,55,73,73,93,128,128,28,56,56,56],"floor_reached":47,"playtime":1808,"items_purged":["Strike_P","Strike_P"],"score":1018,"play_id":"3c5bd19c-00d1-46a3-a3b5-c1f3aaf1b337","local_time":"20210204143650","is_ascension_mode":true,"campfire_choices":[{"data":"ConjureBlade","floor":15.0,"key":"SMITH"},{"floor":24.0,"key":"REST"},{"data":"Eruption","floor":32.0,"key":"SMITH"},{"floor":40,"key":"REST"}],"neow_cost":"NONE","seed_source_timestamp":0,"circlet_count":0,"master_deck":["AscendersBane","Defend_P","Defend_P","Defend_P+1","Defend_P","Eruption+1","Vigilance","CutThroughFate+1","BowlingBash","CrushJoints","Protect+1","SandsOfTime","ConjureBlade+1","Tantrum","Adaptation","MentalFortress","Sanctity+1"],"special_seed":0,"relics":["PureWater","NeowsBlessing","Pantograph","Mummified Hand","Thread and Needle","Bottled Flame","Busted Crown","Kunai","Tiny Chest","Vajra","War Paint","CeramicFish","VioletLotus","Orichalcum","Gremlin Horn","Blue Candle"],"potions_floor_usage":[41,42,45,47],"damage_taken":[{"damage":0.0,"enemies":"Cultist","floor":1.0,"turns":1.0},{"damage":0.0,"enemies":"2 Louse","floor":3.0,"turns":1.0},{"damage":0.0,"enemies":"3 Sentries","floor":6.0,"turns":1.0},{"damage":0.0,"enemies":"Small Slimes","floor":7.0,"turns":2.0},{"damage":15.0,"enemies":"Lagavulin","floor":10.0,"turns":5.0},{"damage":0.0,"enemies":"3 Louse","floor":12.0,"turns":4.0},{"damage":12.0,"enemies":"Gremlin Nob","floor":13.0,"turns":4.0},{"damage":0.0,"enemies":"Exordium Thugs","floor":14.0,"turns":3.0},{"damage":33.0,"enemies":"The Guardian","floor":16.0,"turns":10.0},{"damage":0.0,"enemies":"Chosen","floor":18.0,"turns":3.0},{"damage":17.0,"enemies":"2 Thieves","floor":21.0,"turns":3.0},{"damage":32.0,"enemies":"Book of Stabbing","floor":23.0,"turns":5.0},{"damage":24.0,"enemies":"Snake Plant","floor":25.0,"turns":4.0},{"damage":8.0,"enemies":"Gremlin Leader","floor":27.0,"turns":5.0},{"damage":0.0,"enemies":"Centurion and Healer","floor":28.0,"turns":2.0},{"damage":8.0,"enemies":"Cultist and Chosen","floor":29.0,"turns":4.0},{"damage":13.0,"enemies":"Book of Stabbing","floor":31.0,"turns":3.0},{"damage":21.0,"enemies":"Champ","floor":33.0,"turns":7.0},{"damage":27,"enemies":"3 Shapes","floor":35,"turns":4},{"damage":4,"enemies":"3 Darklings","floor":39,"turns":5},{"damage":39,"enemies":"Transient","floor":41,"turns":5},{"damage":0,"enemies":"Nemesis","floor":42,"turns":5},{"damage":0,"enemies":"Giant Head","floor":45,"turns":5},{"damage":20,"enemies":"Spire Growth","floor":47,"turns":1}],"seed_played":"-5656097893183175425","potions_obtained":[{"floor":6.0,"key":"DistilledChaos"},{"floor":7.0,"key":"FairyPotion"},{"floor":16.0,"key":"Swift Potion"},{"floor":25.0,"key":"Regen Potion"},{"floor":29.0,"key":"FearPotion"},{"floor":39,"key":"ColorlessPotion"},{"floor":41,"key":"AttackPotion"}],"is_trial":false,"path_per_floor":["M","?","M","$","?","E","M","$","T","E","?","M","E","M","R","B",null,"M","?","?","M","$","E","R","M","T","E","M","M","?","E","R","B",null,"M","?","$","T","M","R","M","E","T","$","E","?","M"],"character_chosen":"WATCHER","items_purchased":["SandsOfTime","Kunai","PowerPotion","PowerPotion"],"campfire_rested":2,"item_purchase_floors":[8,22,44,44],"current_hp_per_floor":[65,70,70,70,63,63,63,63,63,48,37,37,25,25,25,17,62,62,62,62,45,45,13,36,12,12,18,18,10,10,23,23,27,65,38,38,38,38,34,57,18,18,18,18,18,18,0],"gold":56,"neow_bonus":"THREE_ENEMY_KILL","is_prod":false,"is_daily":false,"chose_seed":false,"campfire_upgraded":2,"win_rate":0,"timestamp":1612467410,"path_taken":["M","?","M","$","?","E","M","$","T","E","?","M","E","M","R","BOSS","M","?","?","M","$","E","R","M","T","E","M","?","?","E","R","BOSS","M","?","$","?","M","R","M","E","T","$","E","?","?"],"build_version":"2020-12-22","purchased_purges":2,"victory":false,"max_hp_per_floor":[72,77,77,77,77,77,77,77,77,77,77,77,77,77,77,77,77,77,77,77,77,77,77,77,77,77,77,77,77,77,77,77,77,77,77,77,77,77,77,77,77,77,77,77,77,77,77],"card_choices":[{"not_picked":["Halt","Evaluate"],"picked":"CutThroughFate","floor":1.0},{"not_picked":["Consecrate","Pray"],"picked":"BowlingBash","floor":3.0},{"not_picked":["MentalFortress","SandsOfTime"],"picked":"CrushJoints","floor":6.0},{"not_picked":["FlurryOfBlows","EmptyFist"],"picked":"Protect","floor":7.0},{"not_picked":["Protect","Worship"],"picked":"ConjureBlade","floor":10.0},{"not_picked":["Protect","WheelKick","WaveOfTheHand"],"picked":"SKIP","floor":12.0},{"not_picked":["SignatureMove","BattleHymn"],"picked":"Tantrum","floor":13.0},{"not_picked":["Halt","FlurryOfBlows","CutThroughFate"],"picked":"SKIP","floor":14.0},{"not_picked":["Protect"],"picked":"SKIP","floor":18.0},{"not_picked":[],"picked":"Adaptation","floor":21.0},{"not_picked":["Crescendo+1"],"picked":"SKIP","floor":23.0},{"not_picked":["CrushJoints+1"],"picked":"SKIP","floor":25.0},{"not_picked":[],"picked":"MentalFortress","floor":27.0},{"not_picked":["SashWhip"],"picked":"SKIP","floor":28.0},{"not_picked":["CutThroughFate"],"picked":"SKIP","floor":29.0},{"not_picked":[],"picked":"Sanctity+1","floor":31.0},{"not_picked":["SashWhip"],"picked":"SKIP","floor":35},{"not_picked":["Pray"],"picked":"SKIP","floor":39},{"not_picked":["ForeignInfluence+1"],"picked":"SKIP","floor":41},{"not_picked":["FollowUp"],"picked":"SKIP","floor":42},{"not_picked":["LikeWater"],"picked":"SKIP","floor":45}],"player_experience":1262979,"relics_obtained":[{"floor":6.0,"key":"Pantograph"},{"floor":9.0,"key":"Mummified Hand"},{"floor":10.0,"key":"Thread and Needle"},{"floor":13.0,"key":"Bottled Flame"},{"floor":23.0,"key":"Tiny Chest"},{"floor":26.0,"key":"Vajra"},{"floor":27.0,"key":"War Paint"},{"floor":31.0,"key":"CeramicFish"},{"floor":42,"key":"Orichalcum"},{"floor":43,"key":"Gremlin Horn"},{"floor":45,"key":"Blue Candle"}],"event_choices":[{"damage_healed":0.0,"max_hp_gain":5.0,"max_hp_loss":0.0,"gold_gain":0.0,"event_name":"Big Fish","player_choice":"Donut","floor":2.0,"gold_loss":0.0,"damage_taken":0.0},{"cards_removed":["Strike_P"],"damage_healed":0.0,"max_hp_gain":0.0,"max_hp_loss":0.0,"gold_gain":0.0,"event_name":"Golden Wing","player_choice":"Card Removal","floor":5.0,"gold_loss":0.0,"damage_taken":7.0},{"damage_healed":0.0,"max_hp_gain":0.0,"max_hp_loss":0.0,"gold_gain":75.0,"event_name":"World of Goop","player_choice":"Gather Gold","floor":11.0,"gold_loss":0.0,"damage_taken":11.0},{"damage_healed":0.0,"max_hp_gain":0.0,"max_hp_loss":0.0,"gold_gain":0.0,"event_name":"The Library","player_choice":"Read","floor":19.0,"gold_loss":0.0,"damage_taken":0.0,"cards_obtained":["FearNoEvil"]},{"cards_removed":["Strike_P"],"damage_healed":0.0,"max_hp_gain":0.0,"max_hp_loss":0.0,"gold_gain":0.0,"event_name":"Designer","player_choice":"Upgrade and Remove","floor":20.0,"gold_loss":90.0,"damage_taken":0.0,"cards_upgraded":["CutThroughFate"]},{"damage_healed":0.0,"max_hp_gain":0.0,"max_hp_loss":0.0,"gold_gain":0.0,"event_name":"Masked Bandits","player_choice":"Paid Fearfully","floor":30.0,"gold_loss":178.0,"damage_taken":0.0},{"cards_removed":["FearNoEvil"],"damage_healed":0,"gold_gain":0,"player_choice":"Removed Attack","damage_taken":0,"max_hp_gain":0,"max_hp_loss":0,"event_name":"Falling","floor":36,"gold_loss":0},{"damage_healed":0,"gold_gain":0,"player_choice":"Ignored","damage_taken":0,"max_hp_gain":0,"max_hp_loss":0,"event_name":"SecretPortal","floor":46,"gold_loss":0}],"is_beta":false,"boss_relics":[{"not_picked":["Snecko Eye","SacredBark"],"picked":"Busted Crown"},{"not_picked":["Black Star","Philosopher\u0027s Stone"],"picked":"VioletLotus"}],"items_purged_floors":[4,37],"is_endless":false,"potions_floor_spawned":[6,7,10,12,16,25,29,39,41],"killed_by":"Spire Growth","ascension_level":12}