{"gold_per_floor":[112,112,112,112,129,156,156],"floor_reached":7,"playtime":261,"items_purged":[],"score":78,"play_id":"ab4b52cc-cc21-40c1-b7f7-6804ba04d807","local_time":"20210204220715","is_ascension_mode":true,"campfire_choices":[],"neow_cost":"TEN_PERCENT_HP_LOSS","seed_source_timestamp":1747744002927200,"circlet_count":0,"master_deck":["AscendersBane","Strike_P+1","Strike_P","Strike_P","Defend_P","Defend_P","Defend_P","Eruption","Vigilance","ConjureBlade+1","Worship","PathToVictory+1","EmptyBody","Crescendo"],"relics":["PureWater","Regal Pillow","Eternal Feather"],"potions_floor_usage":[1],"damage_taken":[{"damage":5,"enemies":"2 Louse","floor":1,"turns":4},{"damage":0,"enemies":"Small Slimes","floor":5,"turns":3},{"damage":36,"enemies":"3 Sentries","floor":6,"turns":11},{"damage":12,"enemies":"Jaw Worm","floor":7,"turns":1}],"seed_played":"-516656475816584362","potions_obtained":[{"floor":1,"key":"Fruit Juice"},{"floor":6,"key":"Fire Potion"}],"is_trial":false,"path_per_floor":["M","?","?","?","M","E","M"],"character_chosen":"WATCHER","items_purchased":[],"campfire_rested":0,"item_purchase_floors":[],"current_hp_per_floor":[65,65,51,44,44,8,0],"gold":156,"neow_bonus":"TRANSFORM_TWO_CARDS","is_prod":false,"is_daily":false,"chose_seed":false,"campfire_upgraded":0,"win_rate":0,"timestamp":1612494435,"path_taken":["M","?","?","?","?","E","M"],"build_version":"2020-12-22","purchased_purges":0,"victory":false,"max_hp_per_floor":[70,70,70,70,70,70,70],"card_choices":[{"not_picked":["WreathOfFlame","EmptyBody"],"picked":"PathToVictory","floor":1},{"not_picked":["Protect","Sanctity"],"picked":"EmptyBody","floor":5},{"not_picked":["Consecrate","EmptyFist"],"picked":"Crescendo","floor":6}],"player_experience":1264787,"relics_obtained":[{"floor":6,"key":"Eternal Feather"}],"event_choices":[{"damage_healed":0,"gold_gain":0,"player_choice":"Grow","damage_taken":0,"max_hp_gain":0,"max_hp_loss":0,"event_name":"Living Wall","floor":2,"gold_loss":0,"cards_upgraded":["ConjureBlade"]},{"damage_healed":0,"gold_gain":0,"player_choice":"Entered Light","damage_taken":14,"max_hp_gain":0,"max_hp_loss":0,"event_name":"Shining Light","floor":3,"gold_loss":0,"cards_upgraded":["Strike_P","PathToVictory"]},{"damage_healed":0,"gold_gain":0,"player_choice":"Success","damage_taken":7,"relics_obtained":["Regal Pillow"],"max_hp_gain":0,"max_hp_loss":0,"event_name":"Scrap Ooze","floor":4,"gold_loss":0}],"is_beta":false,"boss_relics":[],"items_purged_floors":[],"is_endless":false,"potions_floor_spawned":[1,6],"killed_by":"Jaw Worm","ascension_level":12}