{"gold_per_floor":[16,16,16,16,27,61,61,61,85,85,144,144,167,181,181,274,274,290,205,205,225,225,258,258,273,299,38,38,112,132,151,151,250,250,268,49,112,0,19,84,84,125,125,125,159,159,159,173,173,173,173,173,97,131,131],"floor_reached":55,"playtime":2255,"items_purged":["Injury"],"score":1467,"play_id":"ad7e3cf8-3fa1-4df6-9f78-64015a5325c6","local_time":"20210211143604","is_ascension_mode":true,"campfire_choices":[{"data":"LessonLearned","floor":8.0,"key":"SMITH"},{"floor":10.0,"key":"REST"},{"data":"Wish","floor":15.0,"key":"SMITH"},{"data":"WheelKick","floor":24.0,"key":"SMITH"},{"floor":32.0,"key":"REST"},{"floor":41.0,"key":"REST"},{"floor":46.0,"key":"RECALL"},{"floor":49.0,"key":"REST"},{"data":"Jack Of All Trades","floor":52.0,"key":"SMITH"}],"neow_cost":"NO_GOLD","seed_source_timestamp":2323280169738600,"circlet_count":0,"master_deck":["AscendersBane","Strike_P+1","Defend_P+1","Defend_P+1","Eruption+1","Vigilance+1","LessonLearned+1","EmptyFist+1","ReachHeaven+1","Evaluate+1","Wish+1","WheelKick+1","Blasphemy+1","BowlingBash+1","Scrawl+1","Crescendo+1","DeusExMachina+1","Perseverance+1","Jack Of All Trades+1","SandsOfTime","Consecrate"],"special_seed":0,"relics":["PureWater","Sundial","Golden Idol","Akabeko","Oddly Smooth Stone","Astrolabe","PreservedInsect","MutagenicStrength","Yang","Art of War","TeardropLocket","Question Card","SlaversCollar","Pen Nib","Du-Vu Doll","Red Mask","InkBottle","Ornamental Fan","Darkstone Periapt","Centennial Puzzle","Happy Flower"],"potions_floor_usage":[55],"damage_taken":[{"damage":3.0,"enemies":"Small Slimes","floor":1.0,"turns":4.0},{"damage":0.0,"enemies":"Jaw Worm","floor":5.0,"turns":3.0},{"damage":17.0,"enemies":"Lagavulin","floor":6.0,"turns":4.0},{"damage":26.0,"enemies":"Gremlin Nob","floor":11.0,"turns":4.0},{"damage":0.0,"enemies":"2 Louse","floor":13.0,"turns":2.0},{"damage":3.0,"enemies":"Large Slime","floor":14.0,"turns":4.0},{"damage":19.0,"enemies":"The Guardian","floor":16.0,"turns":9.0},{"damage":5.0,"enemies":"2 Thieves","floor":18.0,"turns":2.0},{"damage":0.0,"enemies":"Spheric Guardian","floor":21.0,"turns":1.0},{"damage":0.0,"enemies":"Gremlin Leader","floor":23.0,"turns":4.0},{"damage":4.0,"enemies":"Cultist and Chosen","floor":25.0,"turns":4.0},{"damage":0.0,"enemies":"Slavers","floor":29.0,"turns":2.0},{"damage":12.0,"enemies":"Centurion and Healer","floor":30.0,"turns":4.0},{"damage":0.0,"enemies":"Chosen and Byrds","floor":31.0,"turns":3.0},{"damage":29.0,"enemies":"Collector","floor":33.0,"turns":8.0},{"damage":9.0,"enemies":"3 Darklings","floor":35.0,"turns":3.0},{"damage":16.0,"enemies":"2 Orb Walkers","floor":37.0,"turns":2.0},{"damage":0.0,"enemies":"Orb Walker","floor":39.0,"turns":1.0},{"damage":8.0,"enemies":"Reptomancer","floor":40.0,"turns":4.0},{"damage":4.0,"enemies":"Giant Head","floor":42.0,"turns":3.0},{"damage":0.0,"enemies":"Reptomancer","floor":45.0,"turns":3.0},{"damage":9.0,"enemies":"3 Darklings","floor":48.0,"turns":3.0},{"damage":7.0,"enemies":"Awakened One","floor":50.0,"turns":10.0},{"damage":0.0,"enemies":"Shield and Spear","floor":54.0,"turns":1.0},{"damage":68,"enemies":"The Heart","floor":55,"turns":3}],"seed_played":"8623027787397069562","potions_obtained":[{"floor":1.0,"key":"Swift Potion"},{"floor":5.0,"key":"ColorlessPotion"},{"floor":11.0,"key":"Ancient Potion"},{"floor":21.0,"key":"Energy Potion"},{"floor":23.0,"key":"Strength Potion"},{"floor":25.0,"key":"StancePotion"},{"floor":39.0,"key":"Swift Potion"},{"floor":45.0,"key":"Block Potion"}],"is_trial":false,"path_per_floor":["M","?","?","?","M","E","?","R","T","R","E","?","M","M","R","B",null,"M","?","?","M","?","E","R","M","T","$","T","E","M","M","R","B",null,"M","$","?","?","M","E","R","E","T","?","E","R","?","M","R","B",null,"R","$","E","B"],"character_chosen":"WATCHER","items_purchased":["TeardropLocket","Pen Nib","SandsOfTime"],"campfire_rested":4,"item_purchase_floors":[27,36,53],"current_hp_per_floor":[62,62,48,41,41,24,24,24,24,45,19,43,43,40,40,21,59,54,54,54,54,54,54,54,50,50,50,50,50,38,38,59,30,62,53,53,37,37,37,29,50,46,46,46,46,46,46,37,58,51,67,67,67,67,0],"gold":131,"neow_bonus":"THREE_RARE_CARDS","is_prod":false,"is_daily":false,"chose_seed":false,"campfire_upgraded":4,"win_rate":0,"timestamp":1613072164,"path_taken":["M","?","?","?","M","E","?","R","T","R","E","?","?","M","R","BOSS","M","?","?","?","?","E","R","?","T","$","?","E","M","M","R","BOSS","M","$","?","?","M","E","R","E","T","?","E","R","?","M","R","BOSS","R","$","E","BOSS"],"build_version":"2020-12-22","purchased_purges":1,"victory":false,"max_hp_per_floor":[72,72,72,72,72,72,72,72,72,72,72,72,72,72,72,72,72,72,72,72,72,72,72,72,72,72,72,72,72,72,72,72,72,72,72,72,72,72,72,72,72,72,72,72,72,72,72,72,72,72,72,72,72,72,72],"card_choices":[{"not_picked":["DevaForm","Omniscience"],"picked":"LessonLearned","floor":0.0},{"not_picked":["Indignation","Study"],"picked":"EmptyFist","floor":1.0},{"not_picked":["FlyingSleeves","EmptyBody"],"picked":"Evaluate","floor":5.0},{"not_picked":["Vengeance","ClearTheMind"],"picked":"Wish","floor":6.0},{"not_picked":["CrushJoints","ThirdEye","SandsOfTime"],"picked":"SKIP","floor":11.0},{"not_picked":["ClearTheMind","JustLucky","FlurryOfBlows"],"picked":"SKIP","floor":13.0},{"not_picked":["PathToVictory","EmptyBody"],"picked":"WheelKick","floor":14.0},{"not_picked":["SpiritShield","DevaForm"],"picked":"Blasphemy","floor":16.0},{"not_picked":["FollowUp","Crescendo","Swivel"],"picked":"SKIP","floor":18.0},{"not_picked":["Vengeance","FlurryOfBlows","WreathOfFlame"],"picked":"SKIP","floor":21.0},{"not_picked":["Wireheading","Pray","Study"],"picked":"SKIP","floor":23.0},{"not_picked":["EmptyBody","ThirdEye","ClearTheMind"],"picked":"SKIP","floor":25.0},{"not_picked":["ClearTheMind","EmptyBody","JustLucky"],"picked":"SKIP","floor":29.0},{"not_picked":["ClearTheMind","BowlingBash","Consecrate","EmptyBody"],"picked":"SKIP","floor":30.0},{"not_picked":["EmptyBody","Halt","WaveOfTheHand"],"picked":"DeusExMachina","floor":31.0},{"not_picked":["Study","Halt","ClearTheMind","JustLucky+1"],"picked":"SKIP","floor":35.0},{"not_picked":["InnerPeace","BowlingBash","EmptyBody"],"picked":"Perseverance+1","floor":39.0},{"not_picked":["Crescendo","Judgement","Weave","FollowUp"],"picked":"SKIP","floor":40.0},{"not_picked":["Worship","Indignation","EmptyBody","WindmillStrike+1"],"picked":"SKIP","floor":42.0},{"not_picked":["Chrysalis","Forethought","Impatience"],"picked":"Jack Of All Trades","floor":44.0},{"not_picked":["Fasting2","Halt","Protect","Nirvana"],"picked":"SKIP","floor":45.0},{"not_picked":["WaveOfTheHand","Protect+1","Collect+1","BowlingBash"],"picked":"SKIP","floor":48.0},{"not_picked":["WheelKick","EmptyFist+1","Ragnarok"],"picked":"Consecrate","floor":54.0}],"player_experience":1284801,"relics_obtained":[{"floor":6.0,"key":"Sundial"},{"floor":9.0,"key":"Akabeko"},{"floor":11.0,"key":"Oddly Smooth Stone"},{"floor":23.0,"key":"Yang"},{"floor":26.0,"key":"Art of War"},{"floor":29.0,"key":"Question Card"},{"floor":37.0,"key":"Du-Vu Doll"},{"floor":40.0,"key":"InkBottle"},{"floor":42.0,"key":"Ornamental Fan"},{"floor":43.0,"key":"Darkstone Periapt"},{"floor":45.0,"key":"Centennial Puzzle"},{"floor":54.0,"key":"Happy Flower"}],"event_choices":[{"damage_healed":0.0,"max_hp_gain":0.0,"max_hp_loss":0.0,"gold_gain":0.0,"cards_transformed":["Strike_P"],"event_name":"Living Wall","player_choice":"Change","floor":2.0,"gold_loss":0.0,"damage_taken":0.0,"cards_obtained":["ReachHeaven"]},{"damage_healed":0.0,"max_hp_gain":0.0,"max_hp_loss":0.0,"gold_gain":0.0,"event_name":"Shining Light","player_choice":"Entered Light","floor":3.0,"gold_loss":0.0,"damage_taken":14.0,"cards_upgraded":["ReachHeaven","Eruption"]},{"cards_removed":["Strike_P"],"damage_healed":0.0,"max_hp_gain":0.0,"max_hp_loss":0.0,"gold_gain":0.0,"event_name":"Golden Wing","player_choice":"Card Removal","floor":4.0,"gold_loss":0.0,"damage_taken":7.0},{"damage_healed":0.0,"max_hp_gain":0.0,"max_hp_loss":0.0,"gold_gain":0.0,"event_name":"Golden Idol","player_choice":"Take Wound","floor":7.0,"gold_loss":0.0,"damage_taken":0.0,"relics_obtained":["Golden Idol"],"cards_obtained":["Injury"]},{"damage_healed":24.0,"max_hp_gain":0.0,"max_hp_loss":0.0,"gold_gain":0.0,"event_name":"Big Fish","player_choice":"Banana","floor":12.0,"gold_loss":0.0,"damage_taken":0.0},{"damage_healed":0.0,"max_hp_gain":0.0,"max_hp_loss":0.0,"gold_gain":0.0,"event_name":"Addict","player_choice":"Obtained Relic","floor":19.0,"gold_loss":85.0,"damage_taken":0.0,"relics_obtained":["PreservedInsect"]},{"damage_healed":0.0,"max_hp_gain":0.0,"max_hp_loss":0.0,"gold_gain":0.0,"event_name":"Drug Dealer","player_choice":"Inject Mutagens","floor":20.0,"gold_loss":0.0,"damage_taken":0.0,"relics_obtained":["MutagenicStrength"]},{"damage_healed":0.0,"max_hp_gain":0.0,"max_hp_loss":0.0,"gold_gain":0.0,"event_name":"Accursed Blacksmith","player_choice":"Forge","floor":22.0,"gold_loss":0.0,"damage_taken":0.0,"cards_upgraded":["Blasphemy"]},{"damage_healed":0.0,"max_hp_gain":0.0,"max_hp_loss":0.0,"gold_gain":0.0,"event_name":"Mysterious Sphere","player_choice":"Fight","floor":37.0,"gold_loss":0.0,"damage_taken":0.0},{"damage_healed":0.0,"max_hp_gain":0.0,"max_hp_loss":0.0,"gold_gain":0.0,"event_name":"Tomb of Lord Red Mask","player_choice":"Paid","floor":38.0,"gold_loss":112.0,"damage_taken":0.0,"relics_obtained":["Red Mask"]},{"damage_healed":0.0,"max_hp_gain":0.0,"max_hp_loss":0.0,"gold_gain":0.0,"event_name":"SensoryStone","player_choice":"Memory 1","floor":44.0,"gold_loss":0.0,"damage_taken":0.0},{"damage_healed":0.0,"max_hp_gain":0.0,"max_hp_loss":0.0,"gold_gain":0.0,"event_name":"The Woman in Blue","player_choice":"Bought 0 Potions","floor":47.0,"gold_loss":0.0,"damage_taken":0.0}],"is_beta":false,"boss_relics":[{"not_picked":["Velvet Choker","Busted Crown"],"picked":"Astrolabe"},{"not_picked":["Runic Dome","Coffee Dripper"],"picked":"SlaversCollar"}],"items_purged_floors":[36],"is_endless":false,"potions_floor_spawned":[1,5,11,21,23,25,31,33,35,39,45,48],"killed_by":"The Heart","ascension_level":13}