{"gold_per_floor":[111,111,125,125,136,136,136,136,161,171,171,7,20,51,51,51],"floor_reached":16,"playtime":354,"items_purged":[],"score":170,"play_id":"f6fc3f73-36f6-4740-b294-573c8114243a","local_time":"20210221221953","is_ascension_mode":true,"campfire_choices":[{"data":"SashWhip","floor":6.0,"key":"SMITH"},{"data":"Evaluate","floor":8.0,"key":"SMITH"},{"data":"Vigilance","floor":11.0,"key":"SMITH"},{"data":"Worship","floor":15.0,"key":"SMITH"}],"neow_cost":"NONE","seed_source_timestamp":439340554912100,"circlet_count":0,"master_deck":["AscendersBane","Strike_P","Strike_P","Strike_P","Defend_P","Defend_P","Defend_P","Defend_P","Eruption+1","Vigilance+1","SashWhip+1","Meditate","Evaluate+1","InnerPeace","Establishment","BowlingBash","Worship+1"],"special_seed":0,"relics":["PureWater","NeowsBlessing","Nunchaku","Ice Cream"],"potions_floor_usage":[],"damage_taken":[{"damage":0.0,"enemies":"Jaw Worm","floor":1.0,"turns":1.0},{"damage":0.0,"enemies":"2 Louse","floor":3.0,"turns":1.0},{"damage":0.0,"enemies":"Small Slimes","floor":5.0,"turns":1.0},{"damage":0.0,"enemies":"2 Fungi Beasts","floor":10.0,"turns":3.0},{"damage":4.0,"enemies":"Blue Slaver","floor":13.0,"turns":3.0},{"damage":45.0,"enemies":"Gremlin Nob","floor":14.0,"turns":4.0},{"damage":10,"enemies":"Hexaghost","floor":16,"turns":8}],"seed_played":"-567397725355216500","potions_obtained":[{"floor":1.0,"key":"LiquidBronze"},{"floor":7.0,"key":"DistilledChaos"},{"floor":14.0,"key":"SpeedPotion"}],"is_trial":false,"path_per_floor":["M","?","M","?","M","R","?","R","T","M","R","$","M","E","R","B"],"character_chosen":"WATCHER","items_purchased":["Establishment"],"campfire_rested":0,"item_purchase_floors":[12],"current_hp_per_floor":[61,54,54,54,54,54,54,54,54,54,54,54,50,5,5,0],"gold":51,"neow_bonus":"THREE_ENEMY_KILL","is_prod":false,"is_daily":false,"chose_seed":false,"campfire_upgraded":4,"win_rate":0,"timestamp":1613963993,"path_taken":["M","?","M","?","M","R","?","R","T","?","R","$","M","E","R","BOSS"],"build_version":"2020-12-22","purchased_purges":0,"victory":false,"max_hp_per_floor":[68,68,68,68,68,68,68,68,68,68,68,68,68,68,68,68],"card_choices":[{"not_picked":["Sanctity","Protect"],"picked":"SashWhip","floor":1.0},{"not_picked":["SashWhip","Fasting2"],"picked":"Meditate","floor":3.0},{"not_picked":["Crescendo","CrushJoints"],"picked":"Evaluate","floor":5.0},{"not_picked":["CutThroughFate","CrushJoints"],"picked":"InnerPeace","floor":10.0},{"not_picked":["EmptyFist","Consecrate"],"picked":"BowlingBash","floor":13.0},{"not_picked":["Conclude","Evaluate"],"picked":"Worship","floor":14.0}],"player_experience":1298664,"relics_obtained":[{"floor":9.0,"key":"Nunchaku"},{"floor":14.0,"key":"Ice Cream"}],"event_choices":[{"cards_removed":["Strike_P"],"damage_healed":0.0,"max_hp_gain":0.0,"max_hp_loss":0.0,"gold_gain":0.0,"event_name":"Golden Wing","player_choice":"Card Removal","floor":2.0,"gold_loss":0.0,"damage_taken":7.0},{"damage_healed":0.0,"max_hp_gain":0.0,"max_hp_loss":0.0,"gold_gain":0.0,"event_name":"Living Wall","player_choice":"Grow","floor":4.0,"gold_loss":0.0,"damage_taken":0.0,"cards_upgraded":["Eruption"]},{"damage_healed":0.0,"max_hp_gain":0.0,"max_hp_loss":0.0,"gold_gain":0.0,"event_name":"Lab","player_choice":"Got Potions","floor":7.0,"gold_loss":0.0,"damage_taken":0.0}],"is_beta":false,"boss_relics":[],"items_purged_floors":[],"is_endless":false,"potions_floor_spawned":[1,13,14],"killed_by":"Hexaghost","ascension_level":14}