{"gold_per_floor":[111,111,36,47,61,61,94,94,143,43,69,134,143,143,143,248,248,275,190,190,35,44,44],"floor_reached":23,"playtime":795,"items_purged":["Normality","Defend_P"],"score":353,"play_id":"2777eb67-08e2-47e7-869e-b2434ef67530","local_time":"20210214213337","is_ascension_mode":true,"campfire_choices":[{"data":"Collect","floor":6,"key":"SMITH"},{"data":"Eruption","floor":8,"key":"SMITH"},{"data":"TalkToTheHand","floor":15,"key":"SMITH"}],"neow_cost":"CURSE","seed_source_timestamp":2609266756488000,"circlet_count":0,"master_deck":["AscendersBane","Strike_P","Strike_P","Strike_P","Defend_P","Defend_P","Defend_P+1","Eruption+1","Vigilance+1","TalkToTheHand+1","Consecrate","TalkToTheHand","Collect+1","Adaptation","FollowUp","Blasphemy","EmptyMind","Injury"],"relics":["PureWater","Orichalcum","CeramicFish","Lizard Tail","Prayer Wheel","Bloody Idol","Cursed Key","Pear","War Paint","Bottled Flame"],"potions_floor_usage":[11,11,12,12],"damage_taken":[{"damage":8,"enemies":"Jaw Worm","floor":1,"turns":5},{"damage":3,"enemies":"Cultist","floor":4,"turns":4},{"damage":2,"enemies":"Small Slimes","floor":5,"turns":4},{"damage":2,"enemies":"Lagavulin","floor":7,"turns":7},{"damage":14,"enemies":"3 Sentries","floor":11,"turns":7},{"damage":30,"enemies":"Gremlin Nob","floor":12,"turns":3},{"damage":21,"enemies":"Hexaghost","floor":16,"turns":14},{"damage":19,"enemies":"3 Byrds","floor":18,"turns":4},{"damage":72,"enemies":"Slavers","floor":23,"turns":4}],"seed_played":"-729547258292387560","potions_obtained":[{"floor":1,"key":"ColorlessPotion"},{"floor":7,"key":"ColorlessPotion"},{"floor":11,"key":"DuplicationPotion"},{"floor":12,"key":"Fruit Juice"},{"floor":18,"key":"LiquidBronze"}],"is_trial":false,"path_per_floor":["M","?","$","M","M","R","E","R","T","$","E","?","?","?","R","B",null,"M","?","?","$","T","E"],"character_chosen":"WATCHER","items_purchased":["War Paint"],"campfire_rested":0,"item_purchase_floors":[21],"current_hp_per_floor":[65,65,65,62,60,60,58,58,58,58,44,19,19,19,19,40,74,55,65,65,65,70,0],"gold":44,"neow_bonus":"TWENTY_PERCENT_HP_BONUS","is_prod":false,"is_daily":false,"chose_seed":false,"campfire_upgraded":3,"win_rate":0,"timestamp":1613356417,"path_taken":["M","?","$","?","M","R","E","R","T","$","E","?","?","?","R","BOSS","M","?","?","$","?","E"],"build_version":"2020-12-22","purchased_purges":2,"victory":false,"max_hp_per_floor":[80,80,80,80,80,80,80,80,80,80,80,85,85,85,85,85,85,85,95,95,95,95,95],"card_choices":[{"not_picked":["Evaluate","ForeignInfluence"],"picked":"TalkToTheHand","floor":1},{"not_picked":["Meditate","WindmillStrike"],"picked":"TalkToTheHand","floor":4},{"not_picked":["Protect","CutThroughFate"],"picked":"Collect","floor":5},{"not_picked":["EmptyFist","Evaluate"],"picked":"Adaptation","floor":7},{"not_picked":["EmptyBody","Study","PathToVictory"],"picked":"SKIP","floor":11},{"not_picked":["ThirdEye","SashWhip"],"picked":"FollowUp","floor":12},{"not_picked":["DevaForm","SpiritShield"],"picked":"Blasphemy","floor":16},{"not_picked":["FlurryOfBlows","EmptyBody"],"picked":"EmptyMind","floor":18},{"not_picked":["Collect","Protect","ThirdEye+1"],"picked":"SKIP","floor":18}],"player_experience":1296284,"relics_obtained":[{"floor":7,"key":"Orichalcum"},{"floor":9,"key":"CeramicFish"},{"floor":11,"key":"Lizard Tail"},{"floor":12,"key":"Prayer Wheel"},{"floor":22,"key":"Bottled Flame"}],"event_choices":[{"damage_healed":0,"gold_gain":0,"cards_transformed":["Strike_P"],"player_choice":"Transformed","damage_taken":0,"max_hp_gain":0,"max_hp_loss":0,"event_name":"Transmorgrifier","floor":2,"gold_loss":0,"cards_obtained":["Consecrate"]},{"damage_healed":0,"gold_gain":0,"player_choice":"Searched \u00272\u0027 times","damage_taken":0,"max_hp_gain":0,"max_hp_loss":0,"event_name":"Dead Adventurer","floor":12,"gold_loss":0},{"damage_healed":0,"gold_gain":0,"player_choice":"Take Wound","damage_taken":0,"relics_obtained":["Golden Idol"],"max_hp_gain":0,"max_hp_loss":0,"event_name":"Golden Idol","floor":13,"gold_loss":0,"cards_obtained":["Injury"]},{"cards_removed":["Injury"],"damage_healed":0,"gold_gain":0,"player_choice":"Forget","damage_taken":0,"max_hp_gain":0,"max_hp_loss":0,"event_name":"Living Wall","floor":14,"gold_loss":0},{"damage_healed":0,"gold_gain":0,"player_choice":"Obtained Relic","damage_taken":0,"relics_obtained":["Pear"],"max_hp_gain":0,"max_hp_loss":0,"event_name":"Addict","floor":19,"gold_loss":85},{"damage_healed":0,"gold_gain":0,"player_choice":"Gave Idol","damage_taken":0,"relics_obtained":["Bloody Idol"],"max_hp_gain":0,"max_hp_loss":0,"event_name":"Forgotten Altar","floor":20,"relics_lost":["Golden Idol"],"gold_loss":0}],"is_beta":false,"boss_relics":[{"not_picked":["Pandora\u0027s Box","Coffee Dripper"],"picked":"Cursed Key"}],"items_purged_floors":[3,10],"is_endless":false,"potions_floor_spawned":[1,7,11,12,18],"killed_by":"Slavers","ascension_level":14}