{"gold_per_floor":[109,122,138,155,8,8,34,34,107,107,107,107,140,152,152,226,226,245,245,245,3,17,17,50,50,74,74,92,121,121,132,132,207,207,223,238,238],"floor_reached":37,"playtime":1411,"items_purged":[],"score":734,"play_id":"2d8dcc20-b605-4360-8b5e-84206ad1510d","local_time":"20210219194825","is_ascension_mode":true,"campfire_choices":[{"data":"Eruption","floor":6,"key":"SMITH"},{"floor":12,"key":"REST"},{"floor":15,"key":"REST"},{"floor":23,"key":"RECALL"},{"floor":27,"key":"REST"},{"floor":32,"key":"REST"}],"neow_cost":"TEN_PERCENT_HP_LOSS","seed_source_timestamp":256545537630900,"circlet_count":0,"master_deck":["AscendersBane","Strike_P+1","Strike_P","Defend_P","Defend_P","Defend_P","Defend_P+1","Eruption+1","Vigilance","BowlingBash","PathToVictory+1","JustLucky","Nirvana","PathToVictory","Crescendo","TalkToTheHand","Vault","FollowUp+1","PathToVictory","FollowUp","Prostrate","PathToVictory"],"relics":["PureWater","Unceasing Top","Omamori","Dead Branch","White Beast Statue","Blood Vial","Orichalcum","Fusion Hammer","MutagenicStrength","Singing Bowl","Oddly Smooth Stone","Matryoshka","Mummified Hand","Whetstone","InkBottle","Cursed Key"],"potions_floor_usage":[7,7,22,24,28,33,33,37],"damage_taken":[{"damage":0,"enemies":"Cultist","floor":1,"turns":2},{"damage":5,"enemies":"2 Louse","floor":2,"turns":4},{"damage":0,"enemies":"Small Slimes","floor":3,"turns":2},{"damage":1,"enemies":"2 Fungi Beasts","floor":4,"turns":2},{"damage":8,"enemies":"Lagavulin","floor":7,"turns":5},{"damage":34,"enemies":"3 Sentries","floor":13,"turns":6},{"damage":0,"enemies":"Large Slime","floor":14,"turns":4},{"damage":26,"enemies":"The Guardian","floor":16,"turns":9},{"damage":0,"enemies":"Chosen","floor":18,"turns":3},{"damage":9,"enemies":"2 Thieves","floor":22,"turns":4},{"damage":32,"enemies":"Slavers","floor":24,"turns":5},{"damage":0,"enemies":"Shelled Parasite and Fungi","floor":28,"turns":4},{"damage":20,"enemies":"Gremlin Leader","floor":29,"turns":6},{"damage":0,"enemies":"Snake Plant","floor":31,"turns":2},{"damage":41,"enemies":"Champ","floor":33,"turns":8},{"damage":16,"enemies":"3 Darklings","floor":35,"turns":4},{"damage":41,"enemies":"Orb Walker","floor":36,"turns":4},{"damage":18,"enemies":"Jaw Worm Horde","floor":37,"turns":1}],"seed_played":"7960333906195020405","potions_obtained":[{"floor":1,"key":"Block Potion"},{"floor":2,"key":"Strength Potion"},{"floor":7,"key":"StancePotion"},{"floor":13,"key":"SmokeBomb"},{"floor":22,"key":"LiquidMemories"},{"floor":24,"key":"Energy Potion"},{"floor":28,"key":"DistilledChaos"},{"floor":29,"key":"PowerPotion"},{"floor":33,"key":"BlessingOfTheForge"},{"floor":35,"key":"SteroidPotion"}],"is_trial":false,"path_per_floor":["M","M","M","M","$","R","E","?","T","?","?","R","E","M","R","B",null,"M","?","?","$","M","R","E","?","T","R","M","E","?","M","R","B",null,"M","M","M"],"character_chosen":"WATCHER","items_purchased":["Omamori","Singing Bowl"],"campfire_rested":4,"item_purchase_floors":[5,21],"current_hp_per_floor":[61,56,56,55,55,55,47,35,35,32,32,50,18,20,38,14,50,52,52,52,52,45,45,17,17,17,36,40,22,22,26,46,9,55,43,4,0],"gold":238,"neow_bonus":"ONE_RARE_RELIC","is_prod":false,"is_daily":false,"chose_seed":false,"campfire_upgraded":1,"win_rate":0,"timestamp":1613782105,"path_taken":["M","?","M","?","$","R","E","?","T","?","?","R","E","M","R","BOSS","M","?","?","?","?","R","E","?","T","R","M","E","?","M","R","BOSS","M","?","M"],"build_version":"2020-12-22","purchased_purges":0,"victory":false,"max_hp_per_floor":[62,62,62,62,62,62,62,62,62,62,62,62,62,62,62,62,62,62,62,62,62,62,62,64,64,64,64,66,66,66,68,68,70,70,72,72,72],"card_choices":[{"not_picked":["MentalFortress","ClearTheMind"],"picked":"BowlingBash","floor":1},{"not_picked":["BowlingBash","Sanctity"],"picked":"PathToVictory","floor":2},{"not_picked":["BattleHymn","ForeignInfluence","WaveOfTheHand"],"picked":"SKIP","floor":3},{"not_picked":["Protect","Scrawl"],"picked":"JustLucky","floor":4},{"not_picked":["FlurryOfBlows","BowlingBash"],"picked":"Nirvana","floor":7},{"not_picked":["CutThroughFate","FlurryOfBlows"],"picked":"Crescendo","floor":13},{"not_picked":["ThirdEye","Prostrate"],"picked":"TalkToTheHand","floor":14},{"not_picked":["Judgement","Ragnarok"],"picked":"Vault","floor":16},{"not_picked":["Protect","Fasting2"],"picked":"FollowUp","floor":18},{"not_picked":["Nirvana+1","Indignation"],"picked":"FollowUp","floor":22},{"not_picked":["FlyingSleeves","Meditate","WaveOfTheHand+1"],"picked":"Singing Bowl","floor":24},{"not_picked":["EmptyBody","JustLucky","Wallop"],"picked":"Singing Bowl","floor":28},{"not_picked":["FollowUp","SashWhip"],"picked":"Prostrate","floor":29},{"not_picked":["WindmillStrike","ClearTheMind+1","CutThroughFate+1"],"picked":"Singing Bowl","floor":31},{"not_picked":["SpiritShield","Ragnarok","Establishment"],"picked":"Singing Bowl","floor":33},{"not_picked":["MentalFortress+1","CutThroughFate","LikeWater+1"],"picked":"Singing Bowl","floor":35},{"not_picked":["Protect","Study"],"picked":"PathToVictory","floor":36}],"player_experience":1297079,"relics_obtained":[{"floor":7,"key":"Dead Branch"},{"floor":9,"key":"White Beast Statue"},{"floor":13,"key":"Orichalcum"},{"floor":24,"key":"Oddly Smooth Stone"},{"floor":26,"key":"Mummified Hand"},{"floor":26,"key":"Whetstone"},{"floor":29,"key":"InkBottle"}],"event_choices":[{"damage_healed":0,"gold_gain":0,"player_choice":"Entered Light","damage_taken":12,"max_hp_gain":0,"max_hp_loss":0,"event_name":"Shining Light","floor":8,"gold_loss":0,"cards_upgraded":["PathToVictory","Defend_P"]},{"damage_healed":0,"gold_gain":0,"player_choice":"Success","damage_taken":3,"relics_obtained":["Blood Vial"],"max_hp_gain":0,"max_hp_loss":0,"event_name":"Scrap Ooze","floor":10,"gold_loss":0},{"damage_healed":0,"gold_gain":0,"cards_transformed":["Strike_P"],"player_choice":"Change","damage_taken":0,"max_hp_gain":0,"max_hp_loss":0,"event_name":"Living Wall","floor":11,"gold_loss":0,"cards_obtained":["PathToVictory"]},{"damage_healed":0,"gold_gain":0,"player_choice":"Inject Mutagens","damage_taken":0,"relics_obtained":["MutagenicStrength"],"max_hp_gain":0,"max_hp_loss":0,"event_name":"Drug Dealer","floor":19,"gold_loss":0},{"damage_healed":0,"gold_gain":0,"player_choice":"Read","damage_taken":0,"max_hp_gain":0,"max_hp_loss":0,"event_name":"The Library","floor":20,"gold_loss":0,"cards_obtained":["PathToVictory"]},{"damage_healed":0,"gold_gain":0,"player_choice":"Opened","damage_taken":0,"relics_obtained":["Matryoshka"],"max_hp_gain":0,"max_hp_loss":0,"event_name":"The Mausoleum","floor":25,"gold_loss":0,"cards_obtained":["Writhe"]},{"cards_removed":["Strike_P"],"damage_healed":0,"gold_gain":0,"player_choice":"Purged","damage_taken":0,"max_hp_gain":0,"max_hp_loss":0,"event_name":"Purifier","floor":30,"gold_loss":0}],"is_beta":false,"boss_relics":[{"not_picked":["Astrolabe","Empty Cage"],"picked":"Fusion Hammer"},{"not_picked":["HolyWater","Runic Pyramid"],"picked":"Cursed Key"}],"items_purged_floors":[],"is_endless":false,"potions_floor_spawned":[1,2,7,13,14,16,18,22,24,28,29,31,33,35,36],"killed_by":"Jaw Worm Horde","ascension_level":14}