{"gold_per_floor":[19,19,35,35,0,44,44,44,71,71,71,89,89,127,127,225,225,243,168,184,184,184],"floor_reached":22,"playtime":854,"items_purged":["Injury"],"score":323,"play_id":"100e70bb-518e-4a58-826f-feb6a432656b","local_time":"20210227224616","is_ascension_mode":true,"campfire_choices":[{"data":"Tantrum","floor":7.0,"key":"SMITH"},{"data":"Wallop","floor":10.0,"key":"SMITH"},{"floor":13.0,"key":"REST"},{"data":"Eruption","floor":15.0,"key":"SMITH"}],"neow_cost":"NO_GOLD","seed_source_timestamp":0,"circlet_count":0,"master_deck":["AscendersBane","Strike_P","Strike_P+1","Strike_P","Defend_P","Defend_P","Defend_P","Eruption+1","Vigilance","Swivel","Tantrum+1","Perseverance+1","Wallop+1","EmptyBody","InnerPeace","Establishment","WreathOfFlame"],"special_seed":0,"relics":["PureWater","Golden Idol","Strawberry","MealTicket","Matryoshka","White Beast Statue","Toy Ornithopter","Darkstone Periapt","Black Star"],"potions_floor_usage":[20,22],"damage_taken":[{"damage":0.0,"enemies":"2 Louse","floor":1.0,"turns":2.0},{"damage":5.0,"enemies":"Small Slimes","floor":3.0,"turns":3.0},{"damage":33.0,"enemies":"3 Sentries","floor":6.0,"turns":6.0},{"damage":5.0,"enemies":"Jaw Worm","floor":12.0,"turns":3.0},{"damage":11.0,"enemies":"Gremlin Nob","floor":14.0,"turns":4.0},{"damage":30.0,"enemies":"The Guardian","floor":16.0,"turns":13.0},{"damage":37.0,"enemies":"Shell Parasite","floor":18.0,"turns":6.0},{"damage":46,"enemies":"3 Byrds","floor":20,"turns":6},{"damage":51,"enemies":"3 Cultists","floor":22,"turns":4}],"seed_played":"-8544166597597224371","potions_obtained":[{"floor":1.0,"key":"Weak Potion"},{"floor":12.0,"key":"Block Potion"},{"floor":14.0,"key":"Ambrosia"},{"floor":16.0,"key":"AttackPotion"},{"floor":18.0,"key":"DuplicationPotion"},{"floor":20,"key":"EssenceOfSteel"}],"is_trial":false,"path_per_floor":["M","?","M","?","?","E","R","T","T","R","?","M","R","E","R","B",null,"M","$","M","?","M"],"character_chosen":"WATCHER","items_purchased":[],"campfire_rested":1,"item_purchase_floors":[],"current_hp_per_floor":[61,61,56,56,74,41,41,41,41,41,26,26,48,37,37,17,61,29,44,3,28,0],"gold":184,"neow_bonus":"TRANSFORM_TWO_CARDS","is_prod":false,"is_daily":false,"chose_seed":false,"campfire_upgraded":3,"win_rate":0,"timestamp":1614483976,"path_taken":["M","?","M","?","?","E","R","?","T","R","?","M","R","E","R","BOSS","M","$","M","?","M"],"build_version":"2020-12-22","purchased_purges":1,"victory":false,"max_hp_per_floor":[68,68,68,75,75,75,75,75,75,75,75,75,75,75,75,75,75,75,75,75,75,75],"card_choices":[{"not_picked":["Study","Protect"],"picked":"Perseverance","floor":1.0},{"not_picked":["ThirdEye","Pray"],"picked":"Wallop","floor":3.0},{"not_picked":["BowlingBash","Worship"],"picked":"EmptyBody","floor":6.0},{"not_picked":["PathToVictory","ForeignInfluence","Protect"],"picked":"SKIP","floor":12.0},{"not_picked":["ReachHeaven","EmptyMind"],"picked":"InnerPeace","floor":14.0},{"not_picked":["SpiritShield","DevaForm"],"picked":"Establishment","floor":16.0},{"not_picked":["InnerPeace+1","ForeignInfluence+1"],"picked":"WreathOfFlame","floor":18.0},{"not_picked":["Nirvana","CutThroughFate","SashWhip"],"picked":"SKIP","floor":20}],"player_experience":1302495,"relics_obtained":[{"floor":6.0,"key":"MealTicket"},{"floor":8.0,"key":"Matryoshka"},{"floor":9.0,"key":"White Beast Statue"},{"floor":9.0,"key":"Toy Ornithopter"},{"floor":14.0,"key":"Darkstone Periapt"}],"event_choices":[{"damage_healed":0.0,"max_hp_gain":0.0,"max_hp_loss":0.0,"gold_gain":0.0,"event_name":"Golden Idol","player_choice":"Take Wound","floor":2.0,"gold_loss":0.0,"damage_taken":0.0,"relics_obtained":["Golden Idol"],"cards_obtained":["Injury"]},{"damage_healed":0.0,"max_hp_gain":0.0,"max_hp_loss":0.0,"gold_gain":0.0,"event_name":"Scrap Ooze","player_choice":"Success","floor":4.0,"gold_loss":0.0,"damage_taken":7.0,"relics_obtained":["Strawberry"]},{"damage_healed":18.0,"max_hp_gain":0.0,"max_hp_loss":0.0,"gold_gain":0.0,"event_name":"The Cleric","player_choice":"Healed","floor":5.0,"gold_loss":35.0,"damage_taken":0.0},{"damage_healed":0.0,"max_hp_gain":0.0,"max_hp_loss":0.0,"gold_gain":0.0,"event_name":"Shining Light","player_choice":"Entered Light","floor":11.0,"gold_loss":0.0,"damage_taken":15.0,"cards_upgraded":["Strike_P","Perseverance"]},{"damage_healed":25,"gold_gain":0,"player_choice":"Heal","damage_taken":0,"max_hp_gain":0,"max_hp_loss":0,"event_name":"The Library","floor":21,"gold_loss":0}],"is_beta":false,"boss_relics":[{"not_picked":["Cursed Key","Empty Cage"],"picked":"Black Star"}],"items_purged_floors":[19],"is_endless":false,"potions_floor_spawned":[1,12,14,16,18,20],"killed_by":"3 Cultists","ascension_level":14}