{"gold_per_floor":[115,115,132,148,148,174,174,174,228,403,403,403,403,442,442,527,527,540,540,140,161,12,12],"floor_reached":23,"playtime":967,"items_purged":["Doubt"],"score":357,"play_id":"40201db3-38ec-4348-84c8-be69af89b4da","local_time":"20210227113921","is_ascension_mode":true,"campfire_choices":[{"data":"CrushJoints","floor":8,"key":"SMITH"},{"floor":11,"key":"REST"},{"floor":15,"key":"REST"}],"neow_cost":"NONE","seed_source_timestamp":918887082139800,"circlet_count":0,"master_deck":["AscendersBane","Strike_P","Strike_P","Strike_P+1","Strike_P+1","Defend_P+1","Defend_P+1","Defend_P","Eruption+1","Vigilance","FollowUp","CrushJoints+1","SpiritShield","Meditate","InnerPeace","Flash of Steel","MentalFortress"],"relics":["PureWater","NeowsBlessing","Blood Vial","Whetstone","CeramicFish","Bag of Marbles","VioletLotus","Mummified Hand","Omamori"],"potions_floor_usage":[1,18],"damage_taken":[{"damage":0,"enemies":"Small Slimes","floor":1,"turns":1},{"damage":0,"enemies":"Cultist","floor":3,"turns":1},{"damage":0,"enemies":"2 Louse","floor":4,"turns":1},{"damage":11,"enemies":"Lagavulin","floor":6,"turns":5},{"damage":54,"enemies":"3 Sentries","floor":14,"turns":12},{"damage":14,"enemies":"Slime Boss","floor":16,"turns":6},{"damage":0,"enemies":"Chosen","floor":18,"turns":3},{"damage":18,"enemies":"3 Byrds","floor":21,"turns":4},{"damage":73,"enemies":"Gremlin Leader","floor":23,"turns":8}],"seed_played":"2441065667544359822","potions_obtained":[{"floor":1,"key":"Fruit Juice"},{"floor":6,"key":"Strength Potion"}],"is_trial":false,"path_per_floor":["M","?","M","M","?","E","?","R","T","?","R","T","?","E","R","B",null,"M","?","$","M","$","E"],"character_chosen":"WATCHER","items_purchased":["Mummified Hand","Flash of Steel","Omamori"],"campfire_rested":2,"item_purchase_floors":[20,20,22],"current_hp_per_floor":[66,66,66,66,51,40,33,33,33,33,54,54,59,7,30,18,63,65,88,88,70,70,0],"gold":12,"neow_bonus":"THREE_ENEMY_KILL","is_prod":false,"is_daily":false,"chose_seed":false,"campfire_upgraded":1,"win_rate":0,"timestamp":1614443961,"path_taken":["M","?","?","M","?","E","?","R","T","?","R","?","?","E","R","BOSS","M","?","$","M","?","E"],"build_version":"2020-12-22","purchased_purges":1,"victory":false,"max_hp_per_floor":[73,73,73,73,73,73,73,73,73,73,73,73,78,78,78,78,78,78,88,88,88,88,88],"card_choices":[{"not_picked":["ForeignInfluence","Weave"],"picked":"FollowUp","floor":1},{"not_picked":["FlyingSleeves","Meditate"],"picked":"CrushJoints","floor":3},{"not_picked":["TalkToTheHand","InnerPeace"],"picked":"SpiritShield","floor":4},{"not_picked":["Evaluate","Protect"],"picked":"Meditate","floor":6},{"not_picked":["CarveReality","PathToVictory"],"picked":"InnerPeace","floor":14},{"not_picked":["DevaForm","ConjureBlade"],"picked":"MasterReality","floor":16},{"not_picked":["ClearTheMind","SandsOfTime","Fasting2"],"picked":"SKIP","floor":18},{"not_picked":["PathToVictory","FlyingSleeves"],"picked":"MentalFortress","floor":21}],"player_experience":1301528,"relics_obtained":[{"floor":6,"key":"Blood Vial"},{"floor":9,"key":"Whetstone"},{"floor":12,"key":"CeramicFish"},{"floor":14,"key":"Bag of Marbles"}],"event_choices":[{"damage_healed":0,"gold_gain":0,"player_choice":"Upgraded","damage_taken":0,"max_hp_gain":0,"max_hp_loss":0,"event_name":"Upgrade Shrine","floor":2,"gold_loss":0,"cards_upgraded":["Eruption"]},{"damage_healed":0,"gold_gain":0,"player_choice":"Entered Light","damage_taken":15,"max_hp_gain":0,"max_hp_loss":0,"event_name":"Shining Light","floor":5,"gold_loss":0,"cards_upgraded":["Defend_P","Defend_P"]},{"cards_removed":["Defend_P"],"damage_healed":0,"gold_gain":0,"player_choice":"Card Removal","damage_taken":7,"max_hp_gain":0,"max_hp_loss":0,"event_name":"Golden Wing","floor":7,"gold_loss":0},{"damage_healed":0,"gold_gain":175,"player_choice":"AGREE","damage_taken":0,"max_hp_gain":0,"max_hp_loss":0,"event_name":"Liars Game","floor":10,"gold_loss":0,"cards_obtained":["Doubt"]},{"damage_healed":0,"gold_gain":0,"player_choice":"Donut","damage_taken":0,"max_hp_gain":5,"max_hp_loss":0,"event_name":"Big Fish","floor":13,"gold_loss":0},{"cards_removed":["MasterReality"],"damage_healed":13,"gold_gain":0,"player_choice":"Offered Rare","damage_taken":0,"max_hp_gain":10,"max_hp_loss":0,"event_name":"Bonfire Elementals","floor":19,"gold_loss":0}],"is_beta":false,"boss_relics":[{"not_picked":["Sozu","Astrolabe"],"picked":"VioletLotus"}],"items_purged_floors":[20],"is_endless":false,"potions_floor_spawned":[1,6],"killed_by":"Gremlin Leader","ascension_level":14}