{"gold_per_floor":[111,24,34,34,109,109,142,158,182,212,212,237,237,255,255,334,334,344,259,259,8,8,8,43,68,141,154,167,266,216,243,243,319,319,330,330,347,200,200,226,255,301,336,367,398,443,455,497,509,521,533,545,50,84,84],"floor_reached":56,"playtime":2457,"items_purged":[],"score":2193,"play_id":"a19f4222-2398-4190-bfa6-197be98ac5db","local_time":"20210313123508","is_ascension_mode":true,"campfire_choices":[{"data":"PathToVictory","floor":6,"key":"SMITH"},{"data":"PathToVictory","floor":11,"key":"SMITH"},{"data":"LessonLearned","floor":15,"key":"SMITH"},{"data":"TalkToTheHand","floor":23,"key":"SMITH"},{"floor":32,"key":"REST"},{"floor":47,"key":"RECALL"},{"floor":49,"key":"REST"},{"floor":52,"key":"REST"}],"neow_cost":"NONE","seed_source_timestamp":210391590450100,"circlet_count":0,"master_deck":["AscendersBane","Eruption","Vigilance+1","SashWhip+1","Bandage Up+1","PathToVictory+1","PathToVictory+1","LessonLearned+1","SpiritShield+1","Sanctity+1","EmptyFist+1","Scrawl+1","Omniscience+1","Collect+1","SandsOfTime+1","JustLucky+1","TalkToTheHand+1","Sanctity+1","InnerPeace+1","TalkToTheHand","PathToVictory+1","FearNoEvil+1","Evaluate+1","Pray+1","Consecrate+1","Mayhem"],"relics":["PureWater","NeowsBlessing","Toy Ornithopter","Happy Flower","Odd Mushroom","Mercury Hourglass","Pandora\u0027s Box","Bag of Preparation","Ornamental Fan","Mango","Anchor","Question Card","Pen Nib","Fusion Hammer","HandDrill","MawBank","Smiling Mask","War Paint","Mummified Hand","Torii","FossilizedHelix"],"potions_floor_usage":[10,16,27],"damage_taken":[{"damage":0,"enemies":"Cultist","floor":1,"turns":1},{"damage":0,"enemies":"Small Slimes","floor":3,"turns":1},{"damage":0,"enemies":"3 Sentries","floor":7,"turns":1},{"damage":0,"enemies":"Jaw Worm","floor":8,"turns":3},{"damage":10,"enemies":"The Mushroom Lair","floor":10,"turns":3},{"damage":15,"enemies":"Gremlin Nob","floor":12,"turns":3},{"damage":9,"enemies":"Large Slime","floor":14,"turns":5},{"damage":47,"enemies":"Hexaghost","floor":16,"turns":9},{"damage":26,"enemies":"Spheric Guardian","floor":18,"turns":4},{"damage":34,"enemies":"Slavers","floor":24,"turns":4},{"damage":0,"enemies":"Chosen","floor":27,"turns":3},{"damage":0,"enemies":"Snake Plant","floor":28,"turns":2},{"damage":30,"enemies":"Book of Stabbing","floor":31,"turns":6},{"damage":18,"enemies":"Champ","floor":33,"turns":7},{"damage":3,"enemies":"Orb Walker","floor":35,"turns":4},{"damage":9,"enemies":"3 Darklings","floor":37,"turns":4},{"damage":12,"enemies":"Giant Head","floor":40,"turns":6},{"damage":11,"enemies":"Writhing Mass","floor":41,"turns":4},{"damage":0,"enemies":"Reptomancer","floor":42,"turns":7},{"damage":5,"enemies":"Jaw Worm Horde","floor":44,"turns":3},{"damage":0,"enemies":"Transient","floor":45,"turns":5},{"damage":0,"enemies":"Giant Head","floor":46,"turns":6},{"damage":0,"enemies":"Nemesis","floor":48,"turns":5},{"damage":51,"enemies":"Donu and Deca","floor":50,"turns":8},{"damage":17,"enemies":"Shield and Spear","floor":54,"turns":6},{"damage":79,"enemies":"The Heart","floor":55,"turns":10}],"seed_played":"8868326805298099333","potions_obtained":[{"floor":1,"key":"FairyPotion"},{"floor":7,"key":"DistilledChaos"},{"floor":14,"key":"SkillPotion"},{"floor":18,"key":"StancePotion"},{"floor":31,"key":"Energy Potion"},{"floor":33,"key":"BlessingOfTheForge"}],"is_trial":false,"path_per_floor":["M","$","M","$","?","R","E","M","T","?","R","E","?","M","R","B",null,"M","?","?","$","?","R","E","T","T","M","M","?","?","E","R","B",null,"M","?","M","$","?","E","M","E","T","M","M","E","R","E","R","B",null,"R","$","E","B",null],"character_chosen":"WATCHER","items_purchased":["Bandage Up","Ornamental Fan","HandDrill","Torii","Mayhem"],"campfire_rested":3,"item_purchase_floors":[2,21,38,53,53],"current_hp_per_floor":[61,61,61,61,50,50,50,50,50,49,49,38,68,63,63,27,58,38,38,38,38,60,60,46,46,46,57,57,57,57,33,57,45,73,76,76,73,73,65,59,54,60,60,61,67,73,73,79,82,37,71,82,82,65,18],"gold":84,"neow_bonus":"THREE_ENEMY_KILL","is_prod":false,"is_daily":false,"chose_seed":false,"campfire_upgraded":4,"win_rate":0,"timestamp":1615656908,"path_taken":["M","$","?","$","?","R","E","M","T","?","R","E","?","M","R","BOSS","M","?","?","?","?","R","E","?","T","?","M","?","?","E","R","BOSS","M","?","M","$","?","E","?","E","T","M","?","E","R","E","R","BOSS","R","$","E","BOSS"],"build_version":"2020-12-22","purchased_purges":0,"victory":true,"max_hp_per_floor":[68,68,68,68,68,68,68,68,68,68,68,68,68,68,68,68,68,68,68,68,68,68,68,82,82,82,82,82,82,82,82,82,82,82,82,82,82,82,82,82,82,82,82,82,82,82,82,82,82,82,82,82,82,82,82],"card_choices":[{"not_picked":["Sanctity","LikeWater"],"picked":"SashWhip","floor":1},{"not_picked":["FlurryOfBlows","SandsOfTime"],"picked":"PathToVictory","floor":3},{"not_picked":["FollowUp","EmptyFist"],"picked":"ReachHeaven","floor":7},{"not_picked":["ForeignInfluence","ClearTheMind"],"picked":"PathToVictory","floor":8},{"not_picked":["ClearTheMind","SandsOfTime"],"picked":"LessonLearned","floor":12},{"not_picked":["FearNoEvil","EmptyBody","Swivel"],"picked":"SKIP","floor":14},{"not_picked":["Blasphemy","Ragnarok"],"picked":"SpiritShield","floor":16},{"not_picked":["FollowUp","CrushJoints"],"picked":"TalkToTheHand","floor":18},{"not_picked":["WindmillStrike","Evaluate"],"picked":"Sanctity+1","floor":24},{"not_picked":["Prostrate+1","Wireheading","Indignation+1"],"picked":"InnerPeace","floor":27},{"not_picked":["Halt","JustLucky+1","Perseverance"],"picked":"TalkToTheHand","floor":28},{"not_picked":["Protect","Weave","FollowUp","Prostrate"],"picked":"SKIP","floor":31},{"not_picked":["Wish","Blasphemy","Ragnarok"],"picked":"Devotion","floor":33},{"not_picked":["JustLucky+1","FlyingSleeves","ClearTheMind+1"],"picked":"PathToVictory+1","floor":35},{"not_picked":["Halt","SandsOfTime","CutThroughFate+1"],"picked":"FearNoEvil+1","floor":37},{"not_picked":["FlyingSleeves","Consecrate","Protect"],"picked":"Evaluate+1","floor":40},{"not_picked":["Protect","EmptyBody","Tantrum","PathToVictory"],"picked":"SKIP","floor":41},{"not_picked":["Collect","Tantrum","Scrawl","Prostrate"],"picked":"SKIP","floor":42},{"not_picked":["JustLucky","SashWhip+1","PathToVictory+1"],"picked":"Pray+1","floor":44},{"not_picked":["CarveReality","FlyingSleeves","Consecrate","SashWhip"],"picked":"SKIP","floor":45},{"not_picked":["CutThroughFate+1","FollowUp","Swivel","BattleHymn"],"picked":"SKIP","floor":46},{"not_picked":["FlyingSleeves+1","PathToVictory","CutThroughFate"],"picked":"Consecrate+1","floor":48},{"not_picked":["SignatureMove","Evaluate","Wireheading+1","Adaptation"],"picked":"SKIP","floor":54}],"player_experience":1317379,"relics_obtained":[{"floor":7,"key":"Toy Ornithopter"},{"floor":9,"key":"Happy Flower"},{"floor":10,"key":"Odd Mushroom"},{"floor":12,"key":"Mercury Hourglass"},{"floor":24,"key":"Mango"},{"floor":25,"key":"Anchor"},{"floor":26,"key":"Question Card"},{"floor":31,"key":"Pen Nib"},{"floor":40,"key":"MawBank"},{"floor":42,"key":"Smiling Mask"},{"floor":46,"key":"War Paint"},{"floor":48,"key":"Mummified Hand"},{"floor":54,"key":"FossilizedHelix"}],"event_choices":[{"damage_healed":0,"gold_gain":75,"player_choice":"Gather Gold","damage_taken":11,"max_hp_gain":0,"max_hp_loss":0,"event_name":"World of Goop","floor":5,"gold_loss":0},{"damage_healed":0,"gold_gain":0,"player_choice":"Fought Mushrooms","damage_taken":0,"max_hp_gain":0,"max_hp_loss":0,"event_name":"Mushrooms","floor":10,"gold_loss":0},{"cards_removed":["ReachHeaven"],"damage_healed":30,"gold_gain":0,"player_choice":"Offered Uncommon","damage_taken":0,"max_hp_gain":0,"max_hp_loss":0,"event_name":"Bonfire Elementals","floor":13,"gold_loss":0},{"damage_healed":0,"gold_gain":0,"player_choice":"Obtained Relic","damage_taken":0,"relics_obtained":["Bag of Preparation"],"max_hp_gain":0,"max_hp_loss":0,"event_name":"Addict","floor":19,"gold_loss":85},{"cards_removed":["EmptyFist"],"damage_healed":0,"gold_gain":0,"player_choice":"Elegance","damage_taken":0,"max_hp_gain":0,"max_hp_loss":0,"event_name":"Back to Basics","floor":20,"gold_loss":0},{"damage_healed":22,"gold_gain":0,"player_choice":"Heal","damage_taken":0,"max_hp_gain":0,"max_hp_loss":0,"event_name":"The Library","floor":22,"gold_loss":0},{"damage_healed":0,"gold_gain":99,"player_choice":"Stole From Cult","damage_taken":0,"max_hp_gain":0,"max_hp_loss":0,"event_name":"Nest","floor":29,"gold_loss":0},{"damage_healed":0,"gold_gain":0,"player_choice":"Bet on Murderer","damage_taken":0,"max_hp_gain":0,"max_hp_loss":0,"event_name":"The Joust","floor":30,"gold_loss":50},{"cards_removed":["Devotion"],"damage_healed":0,"gold_gain":0,"player_choice":"Removed Power","damage_taken":0,"max_hp_gain":0,"max_hp_loss":0,"event_name":"Falling","floor":36,"gold_loss":0},{"damage_healed":0,"gold_gain":0,"player_choice":"Damaged","damage_taken":8,"max_hp_gain":0,"max_hp_loss":0,"event_name":"Wheel of Change","floor":39,"gold_loss":0}],"is_beta":false,"boss_relics":[{"not_picked":["VioletLotus","Runic Pyramid"],"picked":"Pandora\u0027s Box"},{"not_picked":["Cursed Key","Busted Crown"],"picked":"Fusion Hammer"}],"items_purged_floors":[],"is_endless":false,"potions_floor_spawned":[1,7,14,18,31,33,37,44,45,46,48,54],"ascension_level":14}