{"gold_per_floor":[112,122,133,133,208,208,208,208,208,225,225,245,73,105,105,180,180,198,222,139,64,64,64,94,94,146,165,165],"floor_reached":28,"playtime":608,"items_purged":[],"score":550,"play_id":"1772e550-b290-45ca-b583-20d02f889df2","local_time":"20210311192222","is_ascension_mode":true,"campfire_choices":[{"data":"Alpha","floor":6,"key":"SMITH"},{"data":"Eruption","floor":8,"key":"SMITH"},{"floor":15,"key":"REST"},{"data":"Evaluate","floor":23,"key":"SMITH"},{"floor":25,"key":"REST"}],"neow_cost":"NONE","seed_source_timestamp":63894249224400,"circlet_count":0,"master_deck":["AscendersBane","Strike_P+1","Defend_P","Defend_P","Defend_P","Defend_P","Eruption+1","Vigilance","Protect","BowlingBash","CrushJoints","Alpha+1","Indignation","Evaluate+1","CutThroughFate+1","Scrawl","Flash of Steel","ClearTheMind","LikeWater"],"relics":["PureWater","Kunai","Omamori","HornCleat","Cursed Key","Whetstone","PreservedInsect","Oddly Smooth Stone"],"potions_floor_usage":[28],"damage_taken":[{"damage":16,"enemies":"2 Louse","floor":1,"turns":2},{"damage":0,"enemies":"Jaw Worm","floor":2,"turns":3},{"damage":7,"enemies":"Small Slimes","floor":3,"turns":3},{"damage":2,"enemies":"Exordium Wildlife","floor":10,"turns":3},{"damage":4,"enemies":"Looter","floor":12,"turns":3},{"damage":12,"enemies":"3 Sentries","floor":14,"turns":4},{"damage":0,"enemies":"Slime Boss","floor":16,"turns":4},{"damage":0,"enemies":"Chosen","floor":18,"turns":3},{"damage":80,"enemies":"Book of Stabbing","floor":24,"turns":6},{"damage":23,"enemies":"2 Thieves","floor":27,"turns":4},{"damage":12,"enemies":"Gremlin Leader","floor":28,"turns":5}],"seed_played":"-7783788573531510912","potions_obtained":[{"floor":1,"key":"CultistPotion"},{"floor":10,"key":"Strength Potion"}],"is_trial":false,"path_per_floor":["M","M","M","?","?","R","?","R","T","M","?","M","$","E","R","B",null,"M","T","$","?","?","R","E","R","T","M","E"],"character_chosen":"WATCHER","items_purchased":["Omamori","CutThroughFate","Flash of Steel"],"campfire_rested":2,"item_purchase_floors":[13,13,20],"current_hp_per_floor":[51,51,44,44,33,33,38,38,38,36,36,32,32,20,43,43,70,70,70,70,70,89,89,9,35,35,12,0],"gold":165,"neow_bonus":"TEN_PERCENT_HP_BONUS","is_prod":false,"is_daily":false,"chose_seed":false,"campfire_upgraded":3,"win_rate":0,"timestamp":1615508542,"path_taken":["M","M","M","?","?","R","?","R","T","?","?","M","$","E","R","BOSS","M","?","$","?","?","R","E","R","T","M","E"],"build_version":"2020-12-22","purchased_purges":0,"victory":false,"max_hp_per_floor":[74,74,74,74,74,74,79,79,79,79,79,79,79,79,79,79,79,79,79,79,79,89,89,89,89,89,89,89],"card_choices":[{"not_picked":["CarveReality","JustLucky"],"picked":"Protect","floor":1},{"not_picked":["FlurryOfBlows","ThirdEye"],"picked":"BowlingBash","floor":2},{"not_picked":["DevaForm","Perseverance"],"picked":"CrushJoints","floor":3},{"not_picked":["SashWhip","CrushJoints"],"picked":"Indignation","floor":10},{"not_picked":["Prostrate","JustLucky"],"picked":"Evaluate","floor":12},{"not_picked":["CrushJoints","JustLucky","FlyingSleeves"],"picked":"SKIP","floor":14},{"not_picked":["Alpha","Brilliance"],"picked":"Scrawl","floor":16},{"not_picked":["EmptyFist","Protect","JustLucky+1"],"picked":"SKIP","floor":18},{"not_picked":["Evaluate","CutThroughFate"],"picked":"ClearTheMind","floor":24},{"not_picked":["Protect","Crescendo"],"picked":"LikeWater","floor":27}],"player_experience":1309341,"relics_obtained":[{"floor":9,"key":"Kunai"},{"floor":14,"key":"HornCleat"},{"floor":19,"key":"Whetstone"},{"floor":24,"key":"PreservedInsect"},{"floor":26,"key":"Oddly Smooth Stone"}],"event_choices":[{"damage_healed":0,"gold_gain":0,"cards_transformed":["Strike_P"],"player_choice":"Change","damage_taken":0,"max_hp_gain":0,"max_hp_loss":0,"event_name":"Living Wall","floor":4,"gold_loss":0,"cards_obtained":["Alpha"]},{"damage_healed":0,"gold_gain":75,"player_choice":"Gather Gold","damage_taken":11,"max_hp_gain":0,"max_hp_loss":0,"event_name":"World of Goop","floor":5,"gold_loss":0},{"damage_healed":0,"gold_gain":0,"player_choice":"Donut","damage_taken":0,"max_hp_gain":5,"max_hp_loss":0,"event_name":"Big Fish","floor":7,"gold_loss":0},{"damage_healed":0,"gold_gain":0,"cards_transformed":["Strike_P"],"player_choice":"Transformed","damage_taken":0,"max_hp_gain":0,"max_hp_loss":0,"event_name":"Transmorgrifier","floor":11,"gold_loss":0,"cards_obtained":["Omniscience"]},{"cards_removed":["Strike_P"],"damage_healed":0,"gold_gain":0,"player_choice":"Gave Gold","damage_taken":0,"max_hp_gain":0,"max_hp_loss":0,"event_name":"Beggar","floor":21,"gold_loss":75},{"cards_removed":["Omniscience"],"damage_healed":9,"gold_gain":0,"player_choice":"Offered Rare","damage_taken":0,"max_hp_gain":10,"max_hp_loss":0,"event_name":"Bonfire Elementals","floor":22,"gold_loss":0}],"is_beta":false,"boss_relics":[{"not_picked":["Pandora\u0027s Box","Empty Cage"],"picked":"Cursed Key"}],"items_purged_floors":[],"is_endless":false,"potions_floor_spawned":[1,10,12,14,18],"killed_by":"Gremlin Leader","ascension_level":14}