{"gold_per_floor":[113,113,129,129,279,279,309,309,336,354,367,129,129,162,162,233,233,251,251,251,67,84,84,84],"floor_reached":24,"playtime":635,"items_purged":["Doubt"],"score":441,"play_id":"2b74db20-3afe-4f19-b8d7-779ec5b2b8c3","local_time":"20210326134352","is_ascension_mode":true,"campfire_choices":[{"data":"ReachHeaven","floor":6,"key":"SMITH"},{"data":"DevaForm","floor":8,"key":"SMITH"},{"data":"Worship","floor":13,"key":"SMITH"},{"data":"Pray","floor":15,"key":"SMITH"},{"floor":23,"key":"DIG"}],"neow_cost":"NONE","seed_source_timestamp":296595499401300,"circlet_count":0,"master_deck":["AscendersBane","Strike_P","Strike_P","Strike_P","Strike_P","Defend_P","Defend_P","Defend_P","Defend_P","Eruption+1","Vigilance","FollowUp","ReachHeaven+1","DevaForm+1","Pray+1","Worship+1","MasterReality","Study","LessonLearned","CurseOfTheBell","Mayhem"],"relics":["PureWater","NeowsBlessing","Mercury Hourglass","Ice Cream","Centennial Puzzle","Mummified Hand","Calling Bell","Ancient Tea Set","Molten Egg 2","Shovel","Gambling Chip"],"potions_floor_usage":[11,16,18],"damage_taken":[{"damage":0,"enemies":"Small Slimes","floor":1,"turns":2},{"damage":0,"enemies":"Jaw Worm","floor":3,"turns":1},{"damage":0,"enemies":"Gremlin Nob","floor":7,"turns":1},{"damage":0,"enemies":"Cultist","floor":10,"turns":2},{"damage":11,"enemies":"Exordium Thugs","floor":11,"turns":3},{"damage":0,"enemies":"Lagavulin","floor":14,"turns":4},{"damage":14,"enemies":"The Guardian","floor":16,"turns":6},{"damage":35,"enemies":"2 Thieves","floor":18,"turns":4},{"damage":51,"enemies":"Chosen","floor":22,"turns":6},{"damage":20,"enemies":"Centurion and Healer","floor":24,"turns":3}],"seed_played":"-2572984140276990179","potions_obtained":[{"floor":3,"key":"Block Potion"},{"floor":10,"key":"Energy Potion"},{"floor":11,"key":"DistilledChaos"},{"floor":18,"key":"FairyPotion"},{"floor":20,"key":"Energy Potion"}],"is_trial":false,"path_per_floor":["M","?","M","?","?","R","E","R","T","M","M","$","R","E","R","B",null,"M","?","?","$","M","R","M"],"character_chosen":"WATCHER","items_purchased":["MasterReality","Mayhem"],"campfire_rested":0,"item_purchase_floors":[12,21],"current_hp_per_floor":[61,61,61,50,50,50,50,50,50,50,39,39,39,39,39,25,57,22,22,22,22,20,20,0],"gold":84,"neow_bonus":"THREE_ENEMY_KILL","is_prod":false,"is_daily":false,"chose_seed":false,"campfire_upgraded":4,"win_rate":0,"timestamp":1616780632,"path_taken":["M","?","M","?","?","R","E","R","T","?","M","$","R","E","R","BOSS","M","?","?","$","M","R","M"],"build_version":"2020-12-22","purchased_purges":1,"victory":false,"max_hp_per_floor":[68,68,68,68,68,68,68,68,68,68,68,68,68,68,68,68,68,68,68,68,68,68,68,68],"card_choices":[{"not_picked":["JustLucky","DeceiveReality"],"picked":"FollowUp","floor":1},{"not_picked":["Vengeance","Fasting2"],"picked":"ReachHeaven","floor":3},{"not_picked":["Consecrate","FlurryOfBlows"],"picked":"DevaForm","floor":7},{"not_picked":["FlyingSleeves","Nirvana"],"picked":"Pray","floor":10},{"not_picked":["EmptyFist","SandsOfTime"],"picked":"Worship","floor":11},{"not_picked":["SashWhip","Wireheading"],"picked":"Study","floor":14},{"not_picked":["DevaForm","Alpha"],"picked":"LessonLearned","floor":16},{"not_picked":["Crescendo","CutThroughFate+1","Protect"],"picked":"SKIP","floor":18},{"not_picked":["Protect","ClearTheMind","CutThroughFate+1"],"picked":"SKIP","floor":22}],"player_experience":1337455,"relics_obtained":[{"floor":7,"key":"Ice Cream"},{"floor":9,"key":"Centennial Puzzle"},{"floor":14,"key":"Mummified Hand"},{"floor":17,"key":"Ancient Tea Set"},{"floor":17,"key":"Molten Egg 2"},{"floor":17,"key":"Shovel"},{"floor":23,"key":"Gambling Chip"}],"event_choices":[{"damage_healed":0,"gold_gain":0,"player_choice":"Grow","damage_taken":0,"max_hp_gain":0,"max_hp_loss":0,"event_name":"Living Wall","floor":2,"gold_loss":0,"cards_upgraded":["Eruption"]},{"damage_healed":0,"gold_gain":0,"player_choice":"Success","damage_taken":11,"relics_obtained":["Mercury Hourglass"],"max_hp_gain":0,"max_hp_loss":0,"event_name":"Scrap Ooze","floor":4,"gold_loss":0},{"damage_healed":0,"gold_gain":150,"player_choice":"AGREE","damage_taken":0,"max_hp_gain":0,"max_hp_loss":0,"event_name":"Liars Game","floor":5,"gold_loss":0,"cards_obtained":["Doubt"]},{"damage_healed":0,"gold_gain":0,"player_choice":"Ignored","damage_taken":0,"max_hp_gain":0,"max_hp_loss":0,"event_name":"Ghosts","floor":19,"gold_loss":0},{"damage_healed":0,"gold_gain":0,"player_choice":"Got Potions","damage_taken":0,"max_hp_gain":0,"max_hp_loss":0,"event_name":"Lab","floor":20,"gold_loss":0}],"is_beta":false,"boss_relics":[{"not_picked":["Ectoplasm","VioletLotus"],"picked":"Calling Bell"}],"items_purged_floors":[12],"is_endless":false,"potions_floor_spawned":[3,10,11,18],"killed_by":"Centurion and Healer","ascension_level":15}