{"gold_per_floor":[368,384,397,76,1,1,1,35,35,35,35,51,51],"floor_reached":13,"playtime":319,"items_purged":["Strike_P"],"score":145,"play_id":"6ce69dba-d25d-4dd4-905e-98db9ac14e24","local_time":"20210327221343","is_ascension_mode":true,"campfire_choices":[{"data":"Eruption","floor":6,"key":"SMITH"},{"floor":11,"key":"REST"}],"neow_cost":"TEN_PERCENT_HP_LOSS","seed_source_timestamp":32077070072000,"circlet_count":0,"master_deck":["AscendersBane","Strike_P","Strike_P","Defend_P","Defend_P","Defend_P","Defend_P","Eruption+1","Vigilance","BowlingBash","FlurryOfBlows","FlurryOfBlows","LikeWater","Halt","Collect","Study+1"],"relics":["PureWater","Sling","Bottled Flame","Frozen Egg 2"],"potions_floor_usage":[13],"damage_taken":[{"damage":0,"enemies":"Cultist","floor":1,"turns":3},{"damage":10,"enemies":"Small Slimes","floor":2,"turns":3},{"damage":7,"enemies":"Jaw Worm","floor":3,"turns":3},{"damage":26,"enemies":"Gremlin Nob","floor":8,"turns":5},{"damage":5,"enemies":"Exordium Thugs","floor":12,"turns":4},{"damage":33,"enemies":"Lagavulin","floor":13,"turns":2}],"seed_played":"1965273342567398065","potions_obtained":[{"floor":12,"key":"Dexterity Potion"}],"is_trial":false,"path_per_floor":["M","M","M","$","?","R","$","E","T","?","R","M","E"],"character_chosen":"WATCHER","items_purchased":["Sling","LikeWater","Halt"],"campfire_rested":1,"item_purchase_floors":[4,4,4],"current_hp_per_floor":[61,51,44,44,44,44,44,18,18,18,36,31,0],"gold":51,"neow_bonus":"TWO_FIFTY_GOLD","is_prod":false,"is_daily":false,"chose_seed":false,"campfire_upgraded":1,"win_rate":0,"timestamp":1616897623,"path_taken":["M","?","M","$","?","R","$","E","T","?","R","?","E"],"build_version":"2020-12-22","purchased_purges":1,"victory":false,"max_hp_per_floor":[62,62,62,62,62,62,62,62,62,62,62,62,62],"card_choices":[{"not_picked":["CrushJoints","EmptyBody"],"picked":"BowlingBash","floor":1},{"not_picked":["CutThroughFate","WindmillStrike"],"picked":"FlurryOfBlows","floor":2},{"not_picked":["WaveOfTheHand","Evaluate"],"picked":"FlurryOfBlows","floor":3},{"not_picked":["CutThroughFate","CrushJoints"],"picked":"Collect","floor":8},{"not_picked":["ThirdEye","Halt"],"picked":"Study+1","floor":12}],"player_experience":1341869,"relics_obtained":[{"floor":8,"key":"Bottled Flame"},{"floor":9,"key":"Frozen Egg 2"}],"event_choices":[{"cards_removed":["Strike_P"],"damage_healed":0,"gold_gain":0,"player_choice":"Card Removal","damage_taken":0,"max_hp_gain":0,"max_hp_loss":0,"event_name":"The Cleric","floor":5,"gold_loss":75},{"damage_healed":0,"gold_gain":0,"player_choice":"Ignored","damage_taken":0,"max_hp_gain":0,"max_hp_loss":0,"event_name":"Golden Wing","floor":10,"gold_loss":0}],"is_beta":false,"boss_relics":[],"items_purged_floors":[4],"is_endless":false,"potions_floor_spawned":[12],"killed_by":"Lagavulin","ascension_level":15}