{"gold_per_floor":[362,25,39,39,53,53,78,78,125,125,125,152,1,1,1,1],"floor_reached":16,"playtime":397,"items_purged":["Decay"],"score":229,"play_id":"33e3ce7c-6bd3-42c2-8c4a-75dfdd231227","local_time":"20210319001124","is_ascension_mode":true,"campfire_choices":[{"data":"Eruption","floor":6,"key":"SMITH"},{"data":"LessonLearned","floor":8,"key":"SMITH"},{"data":"Worship","floor":10,"key":"SMITH"},{"data":"Sanctity","floor":15,"key":"SMITH"}],"neow_cost":"CURSE","seed_source_timestamp":45789428196100,"circlet_count":0,"master_deck":["AscendersBane","Strike_P","Strike_P","Strike_P","Defend_P+1","Defend_P","Defend_P","Defend_P","Eruption+1","Vigilance+1","Worship+1","FearNoEvil","ReachHeaven+1","LessonLearned+1","Sanctity+1"],"relics":["PureWater","White Beast Statue","Juzu Bracelet","MealTicket","Smiling Mask","Membership Card"],"potions_floor_usage":[7,16,16],"damage_taken":[{"damage":10,"enemies":"Cultist","floor":1,"turns":5},{"damage":7,"enemies":"Jaw Worm","floor":3,"turns":4},{"damage":0,"enemies":"Small Slimes","floor":5,"turns":3},{"damage":0,"enemies":"Gremlin Nob","floor":7,"turns":2},{"damage":21,"enemies":"Lagavulin","floor":12,"turns":6},{"damage":54,"enemies":"Hexaghost","floor":16,"turns":9}],"seed_played":"-6215204301034944897","potions_obtained":[{"floor":1,"key":"BottledMiracle"},{"floor":3,"key":"Dexterity Potion"},{"floor":7,"key":"SpeedPotion"}],"is_trial":false,"path_per_floor":["M","$","M","?","M","R","E","R","T","R","?","E","$","$","R","B"],"character_chosen":"WATCHER","items_purchased":["White Beast Statue","Membership Card"],"campfire_rested":0,"item_purchase_floors":[2,13],"current_hp_per_floor":[51,51,44,44,44,44,44,44,44,44,44,23,38,53,53,0],"gold":1,"neow_bonus":"TWO_FIFTY_GOLD","is_prod":false,"is_daily":false,"chose_seed":false,"campfire_upgraded":4,"win_rate":0,"timestamp":1616127084,"path_taken":["M","$","?","?","M","R","E","R","T","R","?","E","?","$","R","BOSS"],"build_version":"2020-12-22","purchased_purges":1,"victory":false,"max_hp_per_floor":[68,68,68,68,68,68,68,68,68,68,68,68,68,68,68,68],"card_choices":[{"not_picked":["EmptyFist","Pray"],"picked":"Worship","floor":1},{"not_picked":["MentalFortress","CutThroughFate"],"picked":"FearNoEvil","floor":3},{"not_picked":["ThirdEye","WreathOfFlame","BowlingBash"],"picked":"SKIP","floor":5},{"not_picked":["Indignation","PathToVictory"],"picked":"Sanctity","floor":7},{"not_picked":["EmptyBody","WreathOfFlame","FlyingSleeves"],"picked":"SKIP","floor":12}],"player_experience":1325692,"relics_obtained":[{"floor":7,"key":"Juzu Bracelet"},{"floor":9,"key":"MealTicket"},{"floor":12,"key":"Smiling Mask"}],"event_choices":[{"damage_healed":0,"gold_gain":0,"player_choice":"2 cards matched","damage_taken":0,"max_hp_gain":0,"max_hp_loss":0,"event_name":"Match and Keep!","floor":4,"gold_loss":0,"cards_obtained":["ReachHeaven","LessonLearned"]},{"cards_removed":["Strike_P"],"damage_healed":0,"gold_gain":0,"player_choice":"Offered Basic","damage_taken":0,"max_hp_gain":0,"max_hp_loss":0,"event_name":"Bonfire Elementals","floor":11,"gold_loss":0}],"is_beta":false,"boss_relics":[],"items_purged_floors":[2],"is_endless":false,"potions_floor_spawned":[1,3,5,7,12],"killed_by":"Hexaghost","ascension_level":15}