{"gold_per_floor":[112,123,123,132,132,167,167,207,207,207,226,158,177,200,200,200],"floor_reached":16,"playtime":465,"items_purged":[],"score":233,"play_id":"9fb6a08a-1a5e-4953-8adf-bc5b5a8a0a92","local_time":"20210327000402","is_ascension_mode":true,"campfire_choices":[{"data":"Eruption","floor":7.0,"key":"SMITH"},{"data":"WindmillStrike","floor":15,"key":"SMITH"}],"neow_cost":"NONE","seed_source_timestamp":0,"circlet_count":0,"master_deck":["AscendersBane","Strike_P","Strike_P","Strike_P","Defend_P","Defend_P","Defend_P","Defend_P","Eruption+1","Vigilance","ThirdEye","Halt","WindmillStrike+1","InnerPeace","Evaluate","Nirvana"],"special_seed":0,"relics":["PureWater","NeowsBlessing","CeramicFish","CaptainsWheel","Pen Nib","Bottled Flame","Odd Mushroom"],"potions_floor_usage":[16,16],"damage_taken":[{"damage":0.0,"enemies":"Jaw Worm","floor":1.0,"turns":1.0},{"damage":0.0,"enemies":"2 Louse","floor":2.0,"turns":1.0},{"damage":0.0,"enemies":"3 Sentries","floor":6.0,"turns":1.0},{"damage":31.0,"enemies":"Gremlin Nob","floor":8.0,"turns":4.0},{"damage":6,"enemies":"Small Slimes","floor":11,"turns":4},{"damage":0,"enemies":"Exordium Wildlife","floor":13,"turns":2},{"damage":14,"enemies":"The Mushroom Lair","floor":14,"turns":5},{"damage":6,"enemies":"Hexaghost","floor":16,"turns":9}],"seed_played":"-8243922512454329077","potions_obtained":[{"floor":2.0,"key":"SpeedPotion"},{"floor":11,"key":"Dexterity Potion"},{"floor":14,"key":"Block Potion"}],"is_trial":false,"path_per_floor":["M","M","$","?","?","E","R","E","T","?","M","$","M","?","R","B"],"character_chosen":"WATCHER","items_purchased":["Nirvana"],"campfire_rested":0,"item_purchase_floors":[12],"current_hp_per_floor":[61,61,61,61,61,61,61,30,30,23,17,17,17,3,3,0],"gold":200,"neow_bonus":"THREE_ENEMY_KILL","is_prod":false,"is_daily":false,"chose_seed":false,"campfire_upgraded":2,"win_rate":0,"timestamp":1616817842,"path_taken":["M","M","$","?","?","E","R","E","T","?","?","?","?","?","R","BOSS"],"build_version":"2020-12-22","purchased_purges":0,"victory":false,"max_hp_per_floor":[68,68,68,68,68,68,68,68,68,68,68,68,68,68,68,68],"card_choices":[{"not_picked":["Prostrate","Crescendo"],"picked":"ThirdEye","floor":1.0},{"not_picked":["MentalFortress","Study"],"picked":"Halt","floor":2.0},{"not_picked":["Weave","Collect"],"picked":"WindmillStrike","floor":6.0},{"not_picked":["DeceiveReality","Meditate"],"picked":"InnerPeace","floor":8.0},{"not_picked":["SignatureMove","ThirdEye"],"picked":"Evaluate","floor":11},{"not_picked":["FlyingSleeves","Study","Prostrate"],"picked":"SKIP","floor":13}],"player_experience":1338274,"relics_obtained":[{"floor":6.0,"key":"CaptainsWheel"},{"floor":8.0,"key":"Pen Nib"},{"floor":9.0,"key":"Bottled Flame"},{"floor":14,"key":"Odd Mushroom"}],"event_choices":[{"damage_healed":0.0,"max_hp_gain":0.0,"max_hp_loss":0.0,"gold_gain":0.0,"event_name":"Big Fish","player_choice":"Box","floor":4.0,"gold_loss":0.0,"damage_taken":0.0,"relics_obtained":["CeramicFish"],"cards_obtained":["Regret"]},{"cards_removed":["Regret"],"damage_healed":0.0,"max_hp_gain":0.0,"max_hp_loss":0.0,"gold_gain":0.0,"event_name":"Living Wall","player_choice":"Forget","floor":5.0,"gold_loss":0.0,"damage_taken":0.0},{"cards_removed":["Strike_P"],"damage_healed":0.0,"max_hp_gain":0.0,"max_hp_loss":0.0,"gold_gain":0.0,"event_name":"Golden Wing","player_choice":"Card Removal","floor":10.0,"gold_loss":0.0,"damage_taken":7.0},{"damage_healed":0,"gold_gain":0,"player_choice":"Fought Mushrooms","damage_taken":0,"max_hp_gain":0,"max_hp_loss":0,"event_name":"Mushrooms","floor":14,"gold_loss":0}],"is_beta":false,"boss_relics":[],"items_purged_floors":[],"is_endless":false,"potions_floor_spawned":[2,11,14],"killed_by":"Hexaghost","ascension_level":15}