{"gold_per_floor":[119,132,132,28,38,64,89,239,239,267,267,267],"floor_reached":12,"playtime":217,"items_purged":[],"score":151,"play_id":"4ec286c3-4347-4572-93d4-d3640b5def27","local_time":"20210327221731","is_ascension_mode":true,"campfire_choices":[{"floor":11,"key":"REST"}],"neow_cost":"NONE","seed_source_timestamp":32407854467300,"circlet_count":0,"master_deck":["AscendersBane","Strike_P","Strike_P","Strike_P","Strike_P","Defend_P","Defend_P","Defend_P","Eruption","Vigilance","Perseverance","Crescendo","Weave","InnerPeace","Indignation","Doubt","FlurryOfBlows"],"relics":["PureWater","NeowsBlessing","Art of War","Pen Nib","StrikeDummy","Torii"],"potions_floor_usage":[12,12,12],"damage_taken":[{"damage":0,"enemies":"Cultist","floor":1,"turns":1},{"damage":0,"enemies":"Jaw Worm","floor":2,"turns":1},{"damage":0,"enemies":"2 Louse","floor":5,"turns":1},{"damage":42,"enemies":"Lagavulin","floor":6,"turns":5},{"damage":7,"enemies":"Gremlin Nob","floor":10,"turns":3},{"damage":0,"enemies":"3 Sentries","floor":12,"turns":2}],"seed_played":"9035520859473799746","potions_obtained":[{"floor":5,"key":"Fire Potion"},{"floor":10,"key":"EntropicBrew"}],"is_trial":false,"path_per_floor":["M","M","?","$","M","E","T","?","T","E","R","E"],"character_chosen":"WATCHER","items_purchased":["Weave","InnerPeace"],"campfire_rested":1,"item_purchase_floors":[4,4],"current_hp_per_floor":[61,61,61,61,61,19,19,19,19,12,32,32],"gold":267,"neow_bonus":"THREE_ENEMY_KILL","is_prod":false,"is_daily":false,"chose_seed":false,"campfire_upgraded":0,"win_rate":0,"timestamp":1616897851,"path_taken":["M","?","?","?","M","E","?","?","T","E","R","E"],"build_version":"2020-12-22","purchased_purges":0,"victory":false,"max_hp_per_floor":[68,68,68,68,68,68,68,68,68,68,68,68],"card_choices":[{"not_picked":["CutThroughFate","BowlingBash"],"picked":"Perseverance","floor":1},{"not_picked":["Sanctity","ForeignInfluence"],"picked":"Crescendo","floor":2},{"not_picked":["Study","BowlingBash"],"picked":"Indignation","floor":5},{"not_picked":["JustLucky","BattleHymn","Protect"],"picked":"SKIP","floor":6},{"not_picked":["DeceiveReality","EmptyMind"],"picked":"FlurryOfBlows","floor":10}],"player_experience":1342188,"relics_obtained":[{"floor":6,"key":"Art of War"},{"floor":7,"key":"Pen Nib"},{"floor":9,"key":"StrikeDummy"},{"floor":10,"key":"Torii"}],"event_choices":[{"cards_removed":["Defend_P"],"damage_healed":0,"gold_gain":0,"player_choice":"Offered Basic","damage_taken":0,"max_hp_gain":0,"max_hp_loss":0,"event_name":"Bonfire Elementals","floor":3,"gold_loss":0},{"damage_healed":0,"gold_gain":150,"player_choice":"AGREE","damage_taken":0,"max_hp_gain":0,"max_hp_loss":0,"event_name":"Liars Game","floor":8,"gold_loss":0,"cards_obtained":["Doubt"]}],"is_beta":false,"boss_relics":[],"items_purged_floors":[],"is_endless":false,"potions_floor_spawned":[5,10],"killed_by":"3 Sentries","ascension_level":15}