{"gold_per_floor":[112,35,108,123,134,134,169,169,248,248,264,264,339,394,394,394],"floor_reached":16,"playtime":330,"items_purged":[],"score":172,"play_id":"9e1c074c-ddd3-4d55-b6ec-af4f3a64af2a","local_time":"20210327222314","is_ascension_mode":true,"campfire_choices":[{"data":"Eruption","floor":6,"key":"SMITH"},{"data":"MentalFortress","floor":8,"key":"SMITH"},{"data":"WaveOfTheHand","floor":10,"key":"SMITH"},{"data":"BowlingBash","floor":12,"key":"SMITH"},{"floor":15,"key":"REST"}],"neow_cost":"NONE","seed_source_timestamp":32636778062400,"circlet_count":0,"master_deck":["AscendersBane","Strike_P","Strike_P","Strike_P","Strike_P","Defend_P","Defend_P","Defend_P","Defend_P","Eruption+1","Vigilance","WaveOfTheHand+1","MentalFortress+1","FollowUp","FlurryOfBlows","Sanctity+1","BowlingBash+1"],"relics":["PureWater","NeowsBlessing","Frozen Egg 2","Toxic Egg 2","StrikeDummy"],"potions_floor_usage":[16],"damage_taken":[{"damage":0,"enemies":"Cultist","floor":1,"turns":1},{"damage":0,"enemies":"Small Slimes","floor":4,"turns":2},{"damage":0,"enemies":"Jaw Worm","floor":5,"turns":1},{"damage":31,"enemies":"Lagavulin","floor":7,"turns":7},{"damage":0,"enemies":"Large Slime","floor":11,"turns":3},{"damage":45,"enemies":"The Guardian","floor":16,"turns":9}],"seed_played":"-278705190461945685","potions_obtained":[{"floor":1,"key":"EssenceOfSteel"},{"floor":11,"key":"DuplicationPotion"}],"is_trial":false,"path_per_floor":["M","$","T","M","M","R","E","R","T","R","M","R","?","?","R","B"],"character_chosen":"WATCHER","items_purchased":["MentalFortress"],"campfire_rested":1,"item_purchase_floors":[2],"current_hp_per_floor":[61,61,61,61,61,61,30,30,30,30,30,30,19,19,39,0],"gold":394,"neow_bonus":"THREE_ENEMY_KILL","is_prod":false,"is_daily":false,"chose_seed":false,"campfire_upgraded":4,"win_rate":0,"timestamp":1616898194,"path_taken":["M","$","?","?","M","R","E","R","T","R","M","R","?","?","R","BOSS"],"build_version":"2020-12-22","purchased_purges":0,"victory":false,"max_hp_per_floor":[68,68,68,68,68,68,68,68,68,68,68,68,68,68,68,68],"card_choices":[{"not_picked":["ClearTheMind","Halt"],"picked":"WaveOfTheHand","floor":1},{"not_picked":["JustLucky","Pray"],"picked":"FollowUp","floor":4},{"not_picked":["ClearTheMind","BattleHymn+1"],"picked":"FlurryOfBlows","floor":5},{"not_picked":["JustLucky","ReachHeaven"],"picked":"Sanctity+1","floor":7},{"not_picked":["ThirdEye+1","Nirvana+1"],"picked":"BowlingBash","floor":11}],"player_experience":1342405,"relics_obtained":[{"floor":3,"key":"Frozen Egg 2"},{"floor":7,"key":"Toxic Egg 2"},{"floor":9,"key":"StrikeDummy"}],"event_choices":[{"damage_healed":0,"gold_gain":75,"player_choice":"Gather Gold","damage_taken":11,"max_hp_gain":0,"max_hp_loss":0,"event_name":"World of Goop","floor":13,"gold_loss":0},{"damage_healed":0,"gold_gain":55,"player_choice":"Gained Gold","damage_taken":0,"max_hp_gain":0,"max_hp_loss":0,"event_name":"Golden Wing","floor":14,"gold_loss":0}],"is_beta":false,"boss_relics":[],"items_purged_floors":[],"is_endless":false,"potions_floor_spawned":[1,11],"killed_by":"The Guardian","ascension_level":15}