{"gold_per_floor":[114,133,133,59,59,86,99,149,149,149,149,5,16,16,16,91,91,106,116,135,182,194,206,218,230,242,254],"floor_reached":27,"playtime":740,"items_purged":[],"score":418,"play_id":"fe5851d3-b90c-4973-b2fb-18c5f4623b24","local_time":"20210330224201","is_ascension_mode":true,"campfire_choices":[{"floor":10,"key":"REST"},{"floor":15,"key":"REST"},{"data":"Panache","floor":23,"key":"SMITH"}],"neow_cost":"TEN_PERCENT_HP_LOSS","seed_source_timestamp":292558345496200,"circlet_count":0,"master_deck":["AscendersBane","Strike_P","Strike_P","Strike_P","Defend_P","Defend_P","Defend_P","Defend_P","Eruption+1","Vigilance","Panache+1","Pray","Indignation","ForeignInfluence+1","Swivel","FlurryOfBlows","Conclude","Scrawl","FlurryOfBlows","FlurryOfBlows","Decay","Writhe"],"relics":["PureWater","Ornamental Fan","Letter Opener","Question Card","Happy Flower","Toy Ornithopter","Runic Pyramid","MawBank","Oddly Smooth Stone","Du-Vu Doll"],"potions_floor_usage":[6,16,24,27],"damage_taken":[{"damage":0,"enemies":"Jaw Worm","floor":1,"turns":3},{"damage":1,"enemies":"Cultist","floor":2,"turns":5},{"damage":10,"enemies":"3 Sentries","floor":6,"turns":3},{"damage":11,"enemies":"Small Slimes","floor":7,"turns":4},{"damage":33,"enemies":"Gremlin Nob","floor":8,"turns":5},{"damage":0,"enemies":"Blue Slaver","floor":13,"turns":2},{"damage":23,"enemies":"The Guardian","floor":16,"turns":6},{"damage":1,"enemies":"Spheric Guardian","floor":18,"turns":3},{"damage":0,"enemies":"2 Thieves","floor":19,"turns":2},{"damage":5,"enemies":"Shelled Parasite and Fungi","floor":20,"turns":2},{"damage":1,"enemies":"Gremlin Leader","floor":24,"turns":2},{"damage":58,"enemies":"Slavers","floor":27,"turns":3}],"seed_played":"-730428439242341167","potions_obtained":[{"floor":1,"key":"SkillPotion"},{"floor":8,"key":"Strength Potion"},{"floor":13,"key":"SmokeBomb"},{"floor":18,"key":"Block Potion"}],"is_trial":false,"path_per_floor":["M","M","?","$","?","E","M","E","T","R","?","$","M","T","R","B",null,"M","M","M","T","?","R","E","?","T","E"],"character_chosen":"WATCHER","items_purchased":["ForeignInfluence","Happy Flower"],"campfire_rested":2,"item_purchase_floors":[4,12],"current_hp_per_floor":[61,60,60,60,60,50,39,6,6,24,24,24,24,24,42,24,53,52,52,47,47,47,47,51,51,51,0],"gold":254,"neow_bonus":"RANDOM_COLORLESS_2","is_prod":false,"is_daily":false,"chose_seed":false,"campfire_upgraded":1,"win_rate":0,"timestamp":1617158521,"path_taken":["M","M","?","?","?","E","?","E","T","R","?","?","?","?","R","BOSS","M","M","M","?","?","R","E","?","T","E"],"build_version":"2020-12-22","purchased_purges":0,"victory":false,"max_hp_per_floor":[62,62,62,62,62,62,62,62,62,62,62,62,62,62,62,62,62,62,62,62,62,62,62,62,62,62,62],"card_choices":[{"not_picked":["Magnetism","Secret Weapon"],"picked":"Panache","floor":0},{"not_picked":["Prostrate","Protect"],"picked":"Pray","floor":1},{"not_picked":["Prostrate","Weave"],"picked":"Indignation","floor":2},{"not_picked":["WreathOfFlame","Prostrate"],"picked":"Swivel","floor":6},{"not_picked":["Adaptation","Vengeance"],"picked":"FlurryOfBlows","floor":7},{"not_picked":["CrushJoints","Conclude","Protect"],"picked":"SKIP","floor":8},{"not_picked":["SignatureMove","Wireheading","SashWhip","JustLucky"],"picked":"SKIP","floor":13},{"not_picked":["Ragnarok","ConjureBlade","Omniscience"],"picked":"Scrawl","floor":16},{"not_picked":["EmptyFist","Protect","Consecrate","Sanctity"],"picked":"SKIP","floor":18},{"not_picked":["InnerPeace+1","EmptyBody","CutThroughFate"],"picked":"FlurryOfBlows","floor":19},{"not_picked":["WaveOfTheHand","JustLucky","Tantrum+1"],"picked":"FlurryOfBlows","floor":20}],"player_experience":1343096,"relics_obtained":[{"floor":6,"key":"Ornamental Fan"},{"floor":8,"key":"Letter Opener"},{"floor":9,"key":"Question Card"},{"floor":14,"key":"Toy Ornithopter"},{"floor":21,"key":"MawBank"},{"floor":26,"key":"Du-Vu Doll"}],"event_choices":[{"damage_healed":0,"gold_gain":0,"player_choice":"Upgraded","damage_taken":0,"max_hp_gain":0,"max_hp_loss":0,"event_name":"Upgrade Shrine","floor":3,"gold_loss":0,"cards_upgraded":["Eruption"]},{"damage_healed":0,"gold_gain":0,"player_choice":"Forge","damage_taken":0,"max_hp_gain":0,"max_hp_loss":0,"event_name":"Accursed Blacksmith","floor":5,"gold_loss":0,"cards_upgraded":["ForeignInfluence"]},{"damage_healed":0,"gold_gain":0,"cards_transformed":["Strike_P"],"player_choice":"Transformed","damage_taken":0,"max_hp_gain":0,"max_hp_loss":0,"event_name":"Transmorgrifier","floor":11,"gold_loss":0,"cards_obtained":["Conclude"]},{"damage_healed":0,"gold_gain":0,"player_choice":"Smashed Altar","damage_taken":0,"max_hp_gain":0,"max_hp_loss":0,"event_name":"Forgotten Altar","floor":22,"gold_loss":0,"cards_obtained":["Decay"]},{"damage_healed":0,"gold_gain":0,"player_choice":"Opened","damage_taken":0,"relics_obtained":["Oddly Smooth Stone"],"max_hp_gain":0,"max_hp_loss":0,"event_name":"The Mausoleum","floor":25,"gold_loss":0,"cards_obtained":["Writhe"]}],"is_beta":false,"boss_relics":[{"not_picked":["Coffee Dripper","Runic Dome"],"picked":"Runic Pyramid"}],"items_purged_floors":[],"is_endless":false,"potions_floor_spawned":[1,8,13,18,20,24],"killed_by":"Slavers","ascension_level":15}