{"gold_per_floor":[111,111,127,146,71,106,106,136,136,136,152,152,167,92,92,165,165,181,96,128,178,84,115,132,132,432,465,465,481,481,36,36,113,113,129,109,125,143,143,143],"floor_reached":40,"playtime":1741,"items_purged":["Regret"],"score":800,"play_id":"d33ef089-e695-4afc-8ff8-3681951c6d6d","local_time":"20210403002017","is_ascension_mode":true,"campfire_choices":[{"data":"Eruption","floor":7.0,"key":"SMITH"},{"floor":10.0,"key":"REST"},{"data":"SignatureMove","floor":12.0,"key":"SMITH"},{"data":"SashWhip","floor":15.0,"key":"SMITH"},{"data":"Halt","floor":25.0,"key":"SMITH"},{"data":"FearNoEvil","floor":28.0,"key":"SMITH"},{"floor":32.0,"key":"REST"}],"neow_cost":"CURSE","seed_source_timestamp":556613796279200,"circlet_count":0,"master_deck":["AscendersBane","Strike_P","Strike_P","Defend_P","Defend_P","Defend_P","Eruption+1","Vigilance","FearNoEvil+1","SashWhip+1","FollowUp","Indignation","SignatureMove+1","Halt+1","Flash of Steel","WaveOfTheHand+1","Apotheosis"],"special_seed":0,"relics":["HolyWater","Kunai","TungstenRod","Ginger","Shuriken","Red Mask","Darkstone Periapt","Old Coin","Unceasing Top","Matryoshka","Black Star"],"potions_floor_usage":[],"damage_taken":[{"damage":13.0,"enemies":"Small Slimes","floor":1.0,"turns":4.0},{"damage":4.0,"enemies":"Cultist","floor":3.0,"turns":2.0},{"damage":0.0,"enemies":"2 Louse","floor":4.0,"turns":1.0},{"damage":9.0,"enemies":"3 Sentries","floor":6.0,"turns":6.0},{"damage":26.0,"enemies":"Lagavulin","floor":8.0,"turns":5.0},{"damage":0.0,"enemies":"Looter","floor":11.0,"turns":2.0},{"damage":0.0,"enemies":"Large Slime","floor":13.0,"turns":2.0},{"damage":11.0,"enemies":"Hexaghost","floor":16.0,"turns":8.0},{"damage":0.0,"enemies":"Shell Parasite","floor":18.0,"turns":1.0},{"damage":17.0,"enemies":"Masked Bandits","floor":20.0,"turns":4.0},{"damage":6.0,"enemies":"Slavers","floor":23.0,"turns":3.0},{"damage":0.0,"enemies":"Spheric Guardian","floor":24.0,"turns":2.0},{"damage":7.0,"enemies":"Book of Stabbing","floor":27.0,"turns":4.0},{"damage":0.0,"enemies":"Chosen and Byrds","floor":29.0,"turns":4.0},{"damage":34.0,"enemies":"Automaton","floor":33.0,"turns":8.0},{"damage":27.0,"enemies":"3 Darklings","floor":35.0,"turns":6.0},{"damage":0.0,"enemies":"3 Shapes","floor":37.0,"turns":4.0},{"damage":20.0,"enemies":"Writhing Mass","floor":38.0,"turns":4.0},{"damage":18,"enemies":"Nemesis","floor":40,"turns":2}],"seed_played":"7440177621353557743","potions_obtained":[{"floor":6.0,"key":"PowerPotion"},{"floor":8.0,"key":"DuplicationPotion"},{"floor":16.0,"key":"Weak Potion"},{"floor":23.0,"key":"Explosive Potion"},{"floor":24.0,"key":"DuplicationPotion"},{"floor":33.0,"key":"Strength Potion"},{"floor":36.0,"key":"BottledMiracle"}],"is_trial":false,"path_per_floor":["M","?","M","M","$","E","R","E","T","R","M","R","M","?","R","B",null,"M","?","?","?","$","E","M","R","T","E","R","M","?","$","R","B",null,"M","?","M","M","$","E"],"character_chosen":"WATCHER","items_purchased":["Flash of Steel","Apotheosis","Matryoshka"],"campfire_rested":2,"item_purchase_floors":[22,31,31],"current_hp_per_floor":[48,48,44,44,44,35,35,9,9,29,29,29,29,29,29,18,56,56,56,39,39,39,33,33,33,33,26,26,26,26,26,46,12,54,27,27,27,7,7,0],"gold":143,"neow_bonus":"TRANSFORM_TWO_CARDS","is_prod":false,"is_daily":false,"chose_seed":false,"campfire_upgraded":5,"win_rate":0,"timestamp":1617423617,"path_taken":["M","?","?","?","$","E","R","E","T","R","M","R","M","?","R","BOSS","M","?","?","?","$","E","M","R","T","E","R","?","?","$","R","BOSS","M","?","?","M","?","E"],"build_version":"2020-12-22","purchased_purges":1,"victory":false,"max_hp_per_floor":[68,68,68,68,68,68,68,68,68,68,68,68,68,68,68,68,68,68,68,68,68,68,68,68,68,68,68,68,68,68,68,68,68,68,68,68,68,68,68,68],"card_choices":[{"not_picked":["Prostrate","Evaluate"],"picked":"FollowUp","floor":1.0},{"not_picked":["FollowUp","Sanctity"],"picked":"Indignation","floor":3.0},{"not_picked":["Halt","Crescendo"],"picked":"SignatureMove","floor":4.0},{"not_picked":["Crescendo","Weave","Prostrate"],"picked":"SKIP","floor":6.0},{"not_picked":["Ragnarok","WindmillStrike","Wireheading"],"picked":"SKIP","floor":8.0},{"not_picked":["Consecrate","EmptyFist","CutThroughFate"],"picked":"SKIP","floor":11.0},{"not_picked":["CutThroughFate","FlurryOfBlows"],"picked":"Halt","floor":13.0},{"not_picked":["Wireheading","Evaluate","ThirdEye"],"picked":"SKIP","floor":18.0},{"not_picked":["Halt","FearNoEvil","Prostrate"],"picked":"SKIP","floor":23.0},{"not_picked":["Weave","Consecrate"],"picked":"WaveOfTheHand+1","floor":24.0},{"not_picked":["CarveReality+1","Alpha","Evaluate"],"picked":"SKIP","floor":27.0},{"not_picked":["Evaluate","DeceiveReality","PathToVictory"],"picked":"SKIP","floor":29.0},{"not_picked":["Meditate","CrushJoints","Crescendo"],"picked":"SKIP","floor":35.0},{"not_picked":["Conclude+1","Consecrate","EmptyFist"],"picked":"SKIP","floor":37.0},{"not_picked":["Evaluate","Worship","FlurryOfBlows+1"],"picked":"SKIP","floor":38.0}],"player_experience":1345707,"relics_obtained":[{"floor":6.0,"key":"Kunai"},{"floor":8.0,"key":"TungstenRod"},{"floor":9.0,"key":"Ginger"},{"floor":20.0,"key":"Red Mask"},{"floor":23.0,"key":"Darkstone Periapt"},{"floor":26.0,"key":"Old Coin"},{"floor":27.0,"key":"Unceasing Top"}],"event_choices":[{"damage_healed":0.0,"max_hp_gain":0.0,"max_hp_loss":0.0,"gold_gain":0.0,"event_name":"Match and Keep!","player_choice":"0 cards matched","floor":2.0,"gold_loss":0.0,"damage_taken":0.0,"cards_obtained":[]},{"cards_removed":["Strike_P"],"damage_healed":0.0,"max_hp_gain":0.0,"max_hp_loss":0.0,"gold_gain":0.0,"event_name":"The Cleric","player_choice":"Card Removal","floor":14.0,"gold_loss":75.0,"damage_taken":0.0},{"damage_healed":0.0,"max_hp_gain":0.0,"max_hp_loss":0.0,"gold_gain":0.0,"event_name":"Addict","player_choice":"Obtained Relic","floor":19.0,"gold_loss":85.0,"damage_taken":0.0,"relics_obtained":["Shuriken"]},{"damage_healed":0.0,"max_hp_gain":0.0,"max_hp_loss":0.0,"gold_gain":0.0,"event_name":"Masked Bandits","player_choice":"Fought Bandits","floor":20.0,"gold_loss":0.0,"damage_taken":0.0},{"damage_healed":0.0,"max_hp_gain":0.0,"max_hp_loss":0.0,"gold_gain":100.0,"event_name":"The Joust","player_choice":"Bet on Murderer","floor":21.0,"gold_loss":50.0,"damage_taken":0.0},{"damage_healed":0.0,"max_hp_gain":0.0,"max_hp_loss":0.0,"gold_gain":0.0,"event_name":"Ghosts","player_choice":"Ignored","floor":30.0,"gold_loss":0.0,"damage_taken":0.0},{"damage_healed":0.0,"max_hp_gain":0.0,"max_hp_loss":0.0,"gold_gain":0.0,"event_name":"The Woman in Blue","player_choice":"Bought 1 Potion","floor":36.0,"gold_loss":0.0,"damage_taken":0.0}],"is_beta":false,"boss_relics":[{"not_picked":["Fusion Hammer","Sozu"],"picked":"HolyWater"},{"not_picked":["Runic Dome","Velvet Choker"],"picked":"Black Star"}],"items_purged_floors":[5],"is_endless":false,"potions_floor_spawned":[6,8,16,23,24,33,37,38],"killed_by":"Nemesis","ascension_level":15}