{"gold_per_floor":[119,37,55,129,140,140,168,168,221,251],"floor_reached":10,"playtime":389,"items_purged":[],"score":116,"play_id":"8eaac56b-32d3-4552-9485-5b4ca788b885","local_time":"20210416125631","is_ascension_mode":true,"campfire_choices":[{"floor":6,"key":"REST"},{"data":"Eruption","floor":8,"key":"SMITH"}],"neow_cost":"PERCENT_DAMAGE","seed_source_timestamp":620469910138800,"circlet_count":0,"master_deck":["AscendersBane","Strike_P","Strike_P","Strike_P","Strike_P","Defend_P","Defend_P","Defend_P","Defend_P","Eruption+1","Vigilance","EmptyFist","SignatureMove","FlurryOfBlows","Crescendo","Sanctity"],"relics":["PureWater","Letter Opener","Dead Branch","Smiling Mask"],"potions_floor_usage":[7],"damage_taken":[{"damage":9,"enemies":"Cultist","floor":1,"turns":6},{"damage":0,"enemies":"Small Slimes","floor":3,"turns":2},{"damage":12,"enemies":"Jaw Worm","floor":5,"turns":3},{"damage":10,"enemies":"Gremlin Nob","floor":7,"turns":3},{"damage":51,"enemies":"Lagavulin Event","floor":10,"turns":6}],"seed_played":"-610830797448135441","potions_obtained":[{"floor":5,"key":"Strength Potion"}],"is_trial":false,"path_per_floor":["M","$","M","T","M","R","E","R","T","?"],"character_chosen":"WATCHER","items_purchased":["SignatureMove"],"campfire_rested":1,"item_purchase_floors":[2],"current_hp_per_floor":[46,46,46,46,34,58,48,48,48,0],"gold":251,"neow_bonus":"TWENTY_PERCENT_HP_BONUS","is_prod":false,"is_daily":false,"chose_seed":false,"campfire_upgraded":1,"win_rate":0,"timestamp":1618592191,"path_taken":["M","$","M","?","M","R","E","R","T","?"],"build_version":"2020-12-22","purchased_purges":0,"victory":false,"max_hp_per_floor":[80,80,80,80,80,80,80,80,80,80],"card_choices":[{"not_picked":["EmptyBody","CrushJoints"],"picked":"EmptyFist","floor":1},{"not_picked":["Prostrate","PathToVictory"],"picked":"FlurryOfBlows","floor":3},{"not_picked":["TalkToTheHand","JustLucky"],"picked":"Crescendo","floor":5},{"not_picked":["Halt","Judgement"],"picked":"Sanctity","floor":7}],"player_experience":1378700,"relics_obtained":[{"floor":4,"key":"Letter Opener"},{"floor":7,"key":"Dead Branch"},{"floor":9,"key":"Smiling Mask"}],"event_choices":[{"damage_healed":0,"gold_gain":30,"player_choice":"Searched \u00272\u0027 times","damage_taken":0,"max_hp_gain":0,"max_hp_loss":0,"event_name":"Dead Adventurer","floor":10,"gold_loss":0}],"is_beta":false,"boss_relics":[],"items_purged_floors":[],"is_endless":false,"potions_floor_spawned":[5],"killed_by":"Lagavulin Event","ascension_level":15}