{"gold_per_floor":[116,191,191,191,191,191,46,90,90,105,138,174,186,241,253,265],"floor_reached":16,"playtime":1050,"items_purged":[],"score":291,"play_id":"d8a24ba2-dfbf-446f-9caf-fcdaf056f38b","local_time":"20210413163855","is_ascension_mode":true,"campfire_choices":[{"data":"Eruption","floor":6,"key":"SMITH"},{"floor":13,"key":"REST"},{"data":"WindmillStrike","floor":15,"key":"SMITH"}],"neow_cost":"NONE","seed_source_timestamp":373946894275100,"circlet_count":0,"master_deck":["AscendersBane","Strike_P+1","Strike_P+1","Strike_P","Strike_P","Defend_P","Defend_P","Defend_P","Defend_P","Eruption+1","Vigilance","EmptyFist","WindmillStrike+1","Halt","MasterReality","BowlingBash"],"relics":["PureWater","NeowsBlessing","Golden Idol","GremlinMask","Bag of Marbles","Whetstone","Letter Opener","MawBank","Bag of Preparation"],"potions_floor_usage":[14],"damage_taken":[{"damage":0,"enemies":"Small Slimes","floor":1,"turns":1},{"damage":0,"enemies":"3 Sentries","floor":8,"turns":1},{"damage":0,"enemies":"2 Louse","floor":10,"turns":1},{"damage":26,"enemies":"Gremlin Nob","floor":11,"turns":4},{"damage":0,"enemies":"Cultist","floor":12,"turns":2},{"damage":0,"enemies":"Lagavulin","floor":14,"turns":4},{"damage":42,"enemies":"Hexaghost","floor":16,"turns":7}],"seed_played":"7773659914153634793","potions_obtained":[{"floor":11,"key":"BottledMiracle"},{"floor":12,"key":"SkillPotion"}],"is_trial":false,"path_per_floor":["M","?","?","?","?","R","$","E","T","M","E","M","R","E","R","B"],"character_chosen":"WATCHER","items_purchased":["Bag of Marbles"],"campfire_rested":1,"item_purchase_floors":[7],"current_hp_per_floor":[61,50,50,43,43,43,43,43,43,43,17,17,37,37,37,0],"gold":265,"neow_bonus":"THREE_ENEMY_KILL","is_prod":false,"is_daily":false,"chose_seed":false,"campfire_upgraded":2,"win_rate":0,"timestamp":1618346335,"path_taken":["M","?","?","?","?","R","$","E","T","M","E","?","R","E","R","BOSS"],"build_version":"2020-12-22","purchased_purges":0,"victory":false,"max_hp_per_floor":[68,68,68,68,68,68,68,68,68,68,68,68,68,68,68,68],"card_choices":[{"not_picked":["Consecrate","Wireheading"],"picked":"EmptyFist","floor":1},{"not_picked":["SashWhip","Meditate"],"picked":"WindmillStrike","floor":8},{"not_picked":["FlyingSleeves","Nirvana"],"picked":"Halt","floor":10},{"not_picked":["TalkToTheHand","BowlingBash"],"picked":"MasterReality","floor":11},{"not_picked":["Protect","JustLucky"],"picked":"BowlingBash","floor":12},{"not_picked":["CutThroughFate","Pray","BowlingBash"],"picked":"SKIP","floor":14}],"player_experience":1363875,"relics_obtained":[{"floor":8,"key":"Whetstone"},{"floor":9,"key":"Letter Opener"},{"floor":11,"key":"MawBank"},{"floor":14,"key":"Bag of Preparation"}],"event_choices":[{"damage_healed":0,"gold_gain":75,"player_choice":"Gather Gold","damage_taken":11,"max_hp_gain":0,"max_hp_loss":0,"event_name":"World of Goop","floor":2,"gold_loss":0},{"damage_healed":0,"gold_gain":0,"player_choice":"Take Wound","damage_taken":0,"relics_obtained":["Golden Idol"],"max_hp_gain":0,"max_hp_loss":0,"event_name":"Golden Idol","floor":3,"gold_loss":0,"cards_obtained":["Injury"]},{"cards_removed":["Injury"],"damage_healed":0,"gold_gain":0,"player_choice":"Card Removal","damage_taken":7,"max_hp_gain":0,"max_hp_loss":0,"event_name":"Golden Wing","floor":4,"gold_loss":0},{"damage_healed":0,"gold_gain":0,"player_choice":"Trade","damage_taken":0,"relics_obtained":["GremlinMask"],"max_hp_gain":0,"max_hp_loss":0,"event_name":"FaceTrader","floor":5,"gold_loss":0}],"is_beta":false,"boss_relics":[],"items_purged_floors":[],"is_endless":false,"potions_floor_spawned":[11,12],"killed_by":"Hexaghost","ascension_level":15}