{"gold_per_floor":[110,110,11,22,22,35,35,35,82,82,82,99,126,139,139,211,211,224,174,30,30,47,47,79,79,102,102,102,130,18,32,32,111,111,122,142,0,0,15,41,41,66,66,77,77,107,11,27,27,27],"floor_reached":50,"playtime":2097,"items_purged":[],"score":1147,"play_id":"cc17b021-34f8-4f8f-b27a-553016be359d","local_time":"20210413171700","is_ascension_mode":true,"campfire_choices":[{"data":"Eruption","floor":7.0,"key":"SMITH"},{"data":"Collect","floor":10.0,"key":"SMITH"},{"floor":15.0,"key":"REST"},{"data":"WreathOfFlame","floor":23.0,"key":"SMITH"},{"floor":25.0,"key":"REST"},{"floor":27.0,"key":"REST"},{"floor":32.0,"key":"REST"},{"floor":41.0,"key":"REST"},{"floor":45.0,"key":"REST"},{"floor":49.0,"key":"RECALL"}],"neow_cost":"NONE","seed_source_timestamp":375061865316300,"circlet_count":0,"master_deck":["AscendersBane","Strike_P","Strike_P","Defend_P+1","Defend_P","Defend_P","Eruption+1","Vigilance+1","Collect+1","BowlingBash+1","FollowUp","Tantrum","DeusExMachina","Perseverance+1","WreathOfFlame+1","FollowUp","DeusExMachina","Necronomicurse","Brilliance+1","Tantrum+1","WreathOfFlame+1","Bandage Up"],"special_seed":0,"relics":["PureWater","NeowsBlessing","Bag of Marbles","Dead Branch","Busted Crown","Sling","Mercury Hourglass","Necronomicon","Vajra","Smiling Mask","Fusion Hammer","Red Mask","Singing Bowl","Meat on the Bone","HornCleat","Turnip"],"potions_floor_usage":[50],"damage_taken":[{"damage":0.0,"enemies":"Jaw Worm","floor":1.0,"turns":1.0},{"damage":0.0,"enemies":"Small Slimes","floor":4.0,"turns":1.0},{"damage":0.0,"enemies":"Cultist","floor":6.0,"turns":1.0},{"damage":0.0,"enemies":"Large Slime","floor":12.0,"turns":4.0},{"damage":20.0,"enemies":"Lagavulin","floor":13.0,"turns":3.0},{"damage":7.0,"enemies":"Exordium Thugs","floor":14.0,"turns":5.0},{"damage":0.0,"enemies":"Slime Boss","floor":16.0,"turns":3.0},{"damage":16.0,"enemies":"Shell Parasite","floor":18.0,"turns":3.0},{"damage":0.0,"enemies":"Spheric Guardian","floor":22.0,"turns":2.0},{"damage":35.0,"enemies":"Gremlin Leader","floor":24.0,"turns":5.0},{"damage":0.0,"enemies":"Book of Stabbing","floor":29.0,"turns":3.0},{"damage":0.0,"enemies":"Snake Plant","floor":31.0,"turns":2.0},{"damage":8.0,"enemies":"Automaton","floor":33.0,"turns":6.0},{"damage":32.0,"enemies":"3 Darklings","floor":35.0,"turns":4.0},{"damage":0.0,"enemies":"Orb Walker","floor":36.0,"turns":1.0},{"damage":0.0,"enemies":"3 Darklings","floor":39.0,"turns":2.0},{"damage":24.0,"enemies":"Giant Head","floor":40.0,"turns":4.0},{"damage":14.0,"enemies":"Nemesis","floor":42.0,"turns":3.0},{"damage":0.0,"enemies":"4 Shapes","floor":44.0,"turns":5.0},{"damage":1.0,"enemies":"Reptomancer","floor":46.0,"turns":3.0},{"damage":14.0,"enemies":"Maw","floor":48.0,"turns":5.0},{"damage":64,"enemies":"Donu and Deca","floor":50,"turns":7}],"seed_played":"-7970375846943203942","potions_obtained":[{"floor":4.0,"key":"EntropicBrew"},{"floor":14.0,"key":"Fire Potion"},{"floor":16.0,"key":"AttackPotion"},{"floor":22.0,"key":"ColorlessPotion"},{"floor":24.0,"key":"BlessingOfTheForge"},{"floor":29.0,"key":"Block Potion"},{"floor":40.0,"key":"PowerPotion"},{"floor":42.0,"key":"Dexterity Potion"}],"is_trial":false,"path_per_floor":["M","?","$","M","?","M","R","$","T","R","?","M","E","M","R","B",null,"M","?","$","?","M","R","E","R","T","R","?","E","?","M","R","B",null,"M","M","?","?","M","E","R","E","T","M","R","E","$","M","R","B"],"character_chosen":"WATCHER","items_purchased":["BowlingBash","FollowUp","Sling","Bandage Up"],"campfire_rested":6,"item_purchase_floors":[3,3,20,47],"current_hp_per_floor":[61,54,54,54,54,54,54,54,54,54,34,34,14,7,27,27,58,42,42,42,42,42,42,7,27,27,47,26,26,26,26,46,38,61,29,29,29,29,29,7,28,16,16,28,49,50,50,42,42,0],"gold":27,"neow_bonus":"THREE_ENEMY_KILL","is_prod":false,"is_daily":false,"chose_seed":false,"campfire_upgraded":3,"win_rate":0,"timestamp":1618348620,"path_taken":["M","?","$","M","?","?","R","$","T","R","?","M","E","M","R","BOSS","M","?","?","?","?","R","E","R","T","R","?","E","?","M","R","BOSS","M","?","?","?","?","E","R","E","T","M","R","E","?","M","R","BOSS"],"build_version":"2020-12-22","purchased_purges":0,"victory":false,"max_hp_per_floor":[68,68,68,68,68,68,68,68,68,68,68,68,68,68,68,68,68,68,68,68,68,68,68,68,68,68,68,68,68,68,68,68,68,68,68,68,68,68,68,70,70,72,72,72,72,74,74,76,76,76],"card_choices":[{"not_picked":["FlyingSleeves","Meditate"],"picked":"Collect","floor":1.0},{"not_picked":["Protect","ThirdEye"],"picked":"Tantrum","floor":4.0},{"not_picked":["Consecrate","EmptyBody"],"picked":"Perseverance","floor":6.0},{"not_picked":["BowlingBash","ThirdEye","SashWhip"],"picked":"SKIP","floor":12.0},{"not_picked":["WindmillStrike","MasterReality"],"picked":"WreathOfFlame","floor":13.0},{"not_picked":["SignatureMove","Meditate"],"picked":"FollowUp","floor":14.0},{"not_picked":["Judgement","SpiritShield"],"picked":"DeusExMachina","floor":16.0},{"not_picked":["BowlingBash"],"picked":"SKIP","floor":18.0},{"not_picked":["Collect"],"picked":"SKIP","floor":22.0},{"not_picked":["FollowUp+1"],"picked":"SKIP","floor":24.0},{"not_picked":["JustLucky"],"picked":"SKIP","floor":29.0},{"not_picked":["CutThroughFate"],"picked":"SKIP","floor":31.0},{"not_picked":[],"picked":"Brilliance","floor":33.0},{"not_picked":[],"picked":"Tantrum+1","floor":35.0},{"not_picked":["FlurryOfBlows"],"picked":"SKIP","floor":36.0},{"not_picked":["Sanctity"],"picked":"SKIP","floor":39.0},{"not_picked":["Wallop"],"picked":"Singing Bowl","floor":40.0},{"not_picked":["ClearTheMind"],"picked":"Singing Bowl","floor":42.0},{"not_picked":[],"picked":"WreathOfFlame+1","floor":44.0},{"not_picked":["TalkToTheHand"],"picked":"Singing Bowl","floor":46.0},{"not_picked":["ClearTheMind+1"],"picked":"Singing Bowl","floor":48.0}],"player_experience":1364925,"relics_obtained":[{"floor":9.0,"key":"Bag of Marbles"},{"floor":13.0,"key":"Dead Branch"},{"floor":24.0,"key":"Mercury Hourglass"},{"floor":28.0,"key":"Necronomicon"},{"floor":29.0,"key":"Vajra"},{"floor":40.0,"key":"Singing Bowl"},{"floor":42.0,"key":"Meat on the Bone"},{"floor":43.0,"key":"HornCleat"},{"floor":46.0,"key":"Turnip"}],"event_choices":[{"cards_removed":["Strike_P"],"damage_healed":0.0,"max_hp_gain":0.0,"max_hp_loss":0.0,"gold_gain":0.0,"event_name":"Golden Wing","player_choice":"Card Removal","floor":2.0,"gold_loss":0.0,"damage_taken":7.0},{"damage_healed":0.0,"max_hp_gain":0.0,"max_hp_loss":0.0,"gold_gain":0.0,"cards_transformed":["Strike_P"],"event_name":"Transmorgrifier","player_choice":"Transformed","floor":5.0,"gold_loss":0.0,"damage_taken":0.0,"cards_obtained":["DeusExMachina"]},{"damage_healed":0.0,"max_hp_gain":0.0,"max_hp_loss":0.0,"gold_gain":0.0,"event_name":"Shining Light","player_choice":"Entered Light","floor":11.0,"gold_loss":0.0,"damage_taken":20.0,"cards_upgraded":["Defend_P","Vigilance"]},{"damage_healed":0.0,"max_hp_gain":0.0,"max_hp_loss":0.0,"gold_gain":0.0,"event_name":"Designer","player_choice":"Upgraded Two","floor":19.0,"gold_loss":50.0,"damage_taken":0.0,"cards_upgraded":["Perseverance","BowlingBash"]},{"cards_removed":["Defend_P"],"damage_healed":0.0,"max_hp_gain":0.0,"max_hp_loss":0.0,"gold_gain":0.0,"event_name":"Purifier","player_choice":"Purged","floor":21.0,"gold_loss":0.0,"damage_taken":0.0},{"damage_healed":0.0,"max_hp_gain":0.0,"max_hp_loss":0.0,"gold_gain":0.0,"event_name":"Cursed Tome","player_choice":"Obtained Book","floor":28.0,"gold_loss":0.0,"damage_taken":21.0},{"damage_healed":0.0,"max_hp_gain":0.0,"max_hp_loss":0.0,"gold_gain":0.0,"event_name":"WeMeetAgain","player_choice":"Paid Gold","floor":30.0,"gold_loss":112.0,"damage_taken":0.0,"relics_obtained":["Smiling Mask"]},{"damage_healed":0.0,"max_hp_gain":0.0,"max_hp_loss":0.0,"gold_gain":0.0,"event_name":"Tomb of Lord Red Mask","player_choice":"Paid","floor":37.0,"gold_loss":142.0,"damage_taken":0.0,"relics_obtained":["Red Mask"]},{"damage_healed":0.0,"max_hp_gain":0.0,"max_hp_loss":0.0,"gold_gain":0.0,"event_name":"Accursed Blacksmith","player_choice":"Forge","floor":38.0,"gold_loss":0.0,"damage_taken":0.0,"cards_upgraded":["Brilliance"]}],"is_beta":false,"boss_relics":[{"not_picked":["Philosopher\u0027s Stone","SlaversCollar"],"picked":"Busted Crown"},{"not_picked":["Runic Dome","Coffee Dripper"],"picked":"Fusion Hammer"}],"items_purged_floors":[],"is_endless":false,"potions_floor_spawned":[4,12,14,16,22,24,29,40,42],"killed_by":"Donu and Deca","ascension_level":15}