{"gold_per_floor":[19,19,29,29,29,29,42,70,97,116,145,0,26,26,26,102,102,118,133,143,157,157,189,189],"floor_reached":24,"playtime":1054,"items_purged":[],"score":569,"play_id":"ba1f8c0a-b81b-4902-a6d2-641015105ef1","local_time":"20210413162100","is_ascension_mode":true,"campfire_choices":[{"data":"Apotheosis","floor":6,"key":"SMITH"},{"data":"Eruption","floor":15,"key":"SMITH"}],"neow_cost":"NO_GOLD","seed_source_timestamp":372867321150900,"circlet_count":0,"master_deck":["AscendersBane","Strike_P","Strike_P+1","Strike_P","Defend_P","Defend_P","Defend_P","Defend_P","Eruption+1","Vigilance","Apotheosis+1","Collect","Worship","Conclude+1","Ragnarok","Halt","Evaluate","Pray","Devotion","CurseOfTheBell","Writhe"],"relics":["PureWater","Art of War","Oddly Smooth Stone","Calipers","MealTicket","Nunchaku","Calling Bell","Strawberry","HornCleat","Unceasing Top","Mango","Whetstone"],"potions_floor_usage":[11,13,16,18,19,20,24,24],"damage_taken":[{"damage":0,"enemies":"Cultist","floor":1,"turns":3},{"damage":0,"enemies":"Jaw Worm","floor":3,"turns":3},{"damage":6,"enemies":"Small Slimes","floor":7,"turns":5},{"damage":25,"enemies":"3 Sentries","floor":8,"turns":5},{"damage":18,"enemies":"Gremlin Gang","floor":10,"turns":3},{"damage":0,"enemies":"Gremlin Nob","floor":11,"turns":2},{"damage":7,"enemies":"3 Sentries","floor":13,"turns":4},{"damage":0,"enemies":"Hexaghost","floor":16,"turns":8},{"damage":4,"enemies":"2 Thieves","floor":18,"turns":2},{"damage":0,"enemies":"Spheric Guardian","floor":19,"turns":3},{"damage":5,"enemies":"Snecko","floor":20,"turns":6},{"damage":11,"enemies":"Shelled Parasite and Fungi","floor":21,"turns":4},{"damage":50,"enemies":"Book of Stabbing","floor":23,"turns":7},{"damage":18,"enemies":"Centurion and Healer","floor":24,"turns":4}],"seed_played":"8725471361224137573","potions_obtained":[{"floor":1,"key":"PowerPotion"},{"floor":7,"key":"DuplicationPotion"},{"floor":14,"key":"FearPotion"},{"floor":14,"key":"DistilledChaos"},{"floor":16,"key":"Fire Potion"},{"floor":18,"key":"Strength Potion"},{"floor":19,"key":"Swift Potion"},{"floor":21,"key":"FearPotion"}],"is_trial":false,"path_per_floor":["M","$","M","$","?","R","M","E","T","M","E","$","E","?","R","B",null,"M","M","M","M","?","E","M"],"character_chosen":"WATCHER","items_purchased":["MealTicket"],"campfire_rested":0,"item_purchase_floors":[12],"current_hp_per_floor":[61,61,61,61,61,61,55,30,30,12,12,12,5,5,5,5,59,55,55,50,39,53,3,0],"gold":189,"neow_bonus":"RANDOM_COLORLESS_2","is_prod":false,"is_daily":false,"chose_seed":false,"campfire_upgraded":2,"win_rate":0,"timestamp":1618345260,"path_taken":["M","$","M","?","?","R","M","E","T","?","E","$","E","?","R","BOSS","M","M","?","?","?","E","M"],"build_version":"2020-12-22","purchased_purges":0,"victory":false,"max_hp_per_floor":[68,68,68,68,68,68,68,68,68,68,68,68,68,68,68,68,75,75,75,75,75,89,89,89],"card_choices":[{"not_picked":["Transmutation","Violence"],"picked":"Apotheosis","floor":0},{"not_picked":["Consecrate","WaveOfTheHand"],"picked":"Collect","floor":1},{"not_picked":["FollowUp","CutThroughFate"],"picked":"Worship","floor":3},{"not_picked":["FlurryOfBlows","CutThroughFate"],"picked":"Conclude","floor":7},{"not_picked":["PathToVictory","CutThroughFate"],"picked":"Ragnarok","floor":8},{"not_picked":["BattleHymn","SignatureMove"],"picked":"Halt","floor":10},{"not_picked":["PathToVictory","Protect"],"picked":"Evaluate","floor":11},{"not_picked":["ClearTheMind","Consecrate","Pray"],"picked":"SKIP","floor":13},{"not_picked":["ClearTheMind","Consecrate"],"picked":"Pray","floor":13},{"not_picked":["Blasphemy","Judgement"],"picked":"Devotion","floor":16},{"not_picked":["FlurryOfBlows","EmptyBody","ThirdEye"],"picked":"SKIP","floor":18},{"not_picked":["Adaptation","ClearTheMind","Protect"],"picked":"SKIP","floor":19},{"not_picked":["Wallop","Crescendo","EmptyMind"],"picked":"SKIP","floor":20},{"not_picked":["Evaluate","WheelKick","ClearTheMind+1"],"picked":"SKIP","floor":21},{"not_picked":["Consecrate","Crescendo","FlyingSleeves"],"picked":"SKIP","floor":23}],"player_experience":1362821,"relics_obtained":[{"floor":8,"key":"Art of War"},{"floor":9,"key":"Oddly Smooth Stone"},{"floor":11,"key":"Calipers"},{"floor":13,"key":"Nunchaku"},{"floor":17,"key":"Strawberry"},{"floor":17,"key":"HornCleat"},{"floor":17,"key":"Unceasing Top"},{"floor":23,"key":"Whetstone"}],"event_choices":[{"cards_removed":["Strike_P"],"damage_healed":0,"gold_gain":0,"player_choice":"Purged","damage_taken":0,"max_hp_gain":0,"max_hp_loss":0,"event_name":"Purifier","floor":5,"gold_loss":0},{"damage_healed":0,"gold_gain":0,"player_choice":"Got Potions","damage_taken":0,"max_hp_gain":0,"max_hp_loss":0,"event_name":"Lab","floor":14,"gold_loss":0},{"damage_healed":0,"gold_gain":0,"player_choice":"Opened","damage_taken":0,"relics_obtained":["Mango"],"max_hp_gain":0,"max_hp_loss":0,"event_name":"The Mausoleum","floor":22,"gold_loss":0,"cards_obtained":["Writhe"]}],"is_beta":false,"boss_relics":[{"not_picked":["Busted Crown","VioletLotus"],"picked":"Calling Bell"}],"items_purged_floors":[],"is_endless":false,"potions_floor_spawned":[1,7,8,10,16,18,19,21,23],"killed_by":"Centurion and Healer","ascension_level":15}