{"gold_per_floor":[117,42,55,55,3,3,3,37,37,52,52,84,104,120,120,194,194,207,218,218],"floor_reached":20,"playtime":1172,"items_purged":[],"score":322,"play_id":"9f6f8897-0392-413f-8b20-a3c8b70f8244","local_time":"20210416124839","is_ascension_mode":true,"campfire_choices":[{"floor":6.0,"key":"REST"},{"data":"Conclude","floor":11.0,"key":"SMITH"},{"data":"Eruption","floor":15.0,"key":"SMITH"}],"neow_cost":"NONE","seed_source_timestamp":619152675611300,"circlet_count":0,"master_deck":["AscendersBane","Strike_P+1","Strike_P+1","Strike_P","Strike_P","Defend_P","Defend_P","Defend_P","Defend_P","Eruption+1","Vigilance","CurseOfTheBell","FollowUp","FearNoEvil","Conclude+1","FollowUp","JustLucky","WreathOfFlame","Tantrum","Perseverance","InnerPeace","Blasphemy"],"special_seed":0,"relics":["Calling Bell","Dream Catcher","Ornamental Fan","Ginger","Pen Nib","Mango","White Beast Statue","Busted Crown"],"potions_floor_usage":[16,20],"damage_taken":[{"damage":10.0,"enemies":"2 Louse","floor":1.0,"turns":4.0},{"damage":4.0,"enemies":"Small Slimes","floor":3.0,"turns":3.0},{"damage":26.0,"enemies":"Gremlin Nob","floor":8.0,"turns":3.0},{"damage":0.0,"enemies":"Cultist","floor":10.0,"turns":3.0},{"damage":7.0,"enemies":"3 Sentries","floor":12.0,"turns":4.0},{"damage":0.0,"enemies":"Gremlin Gang","floor":13.0,"turns":1.0},{"damage":0.0,"enemies":"Exordium Wildlife","floor":14.0,"turns":3.0},{"damage":33,"enemies":"Hexaghost","floor":16,"turns":8},{"damage":21,"enemies":"Shell Parasite","floor":18,"turns":5},{"damage":0,"enemies":"Spheric Guardian","floor":19,"turns":1},{"damage":55,"enemies":"Snake Plant","floor":20,"turns":3}],"seed_played":"1762685656205304508","potions_obtained":[{"floor":1.0,"key":"SteroidPotion"},{"floor":12.0,"key":"StancePotion"},{"floor":13.0,"key":"FearPotion"},{"floor":14.0,"key":"BottledMiracle"},{"floor":16,"key":"Dexterity Potion"},{"floor":18,"key":"PowerPotion"}],"is_trial":false,"path_per_floor":["M","$","M","?","$","R","?","E","T","M","R","E","M","M","R","B",null,"M","M","M"],"character_chosen":"WATCHER","items_purchased":["FearNoEvil","FollowUp"],"campfire_rested":1,"item_purchase_floors":[2,5],"current_hp_per_floor":[51,51,47,27,27,47,68,42,56,56,56,49,49,49,49,16,66,45,45,0],"gold":218,"neow_bonus":"BOSS_RELIC","is_prod":false,"is_daily":false,"chose_seed":false,"campfire_upgraded":2,"win_rate":0,"timestamp":1618591719,"path_taken":["M","$","M","?","$","R","?","E","T","?","R","E","M","M","R","BOSS","M","?","?"],"build_version":"2020-12-22","purchased_purges":0,"victory":false,"max_hp_per_floor":[68,68,68,68,68,68,68,68,82,82,82,82,82,82,82,82,82,82,82,82],"card_choices":[{"not_picked":["PathToVictory","Evaluate"],"picked":"FollowUp","floor":1.0},{"not_picked":["Fasting2","Omniscience"],"picked":"Conclude","floor":3.0},{"not_picked":["Crescendo","EmptyFist"],"picked":"JustLucky","floor":6.0},{"not_picked":["Prostrate","WheelKick"],"picked":"WreathOfFlame","floor":8.0},{"not_picked":["Evaluate","ForeignInfluence"],"picked":"Tantrum","floor":10.0},{"not_picked":["FlyingSleeves","WreathOfFlame"],"picked":"Perseverance","floor":12.0},{"not_picked":["SashWhip","Consecrate"],"picked":"InnerPeace","floor":13.0},{"not_picked":["BattleHymn","BowlingBash","Wallop"],"picked":"SKIP","floor":14.0},{"not_picked":["Alpha","Omniscience"],"picked":"Blasphemy","floor":16},{"not_picked":["Consecrate"],"picked":"SKIP","floor":18},{"not_picked":["Prostrate"],"picked":"SKIP","floor":19}],"player_experience":1377528,"relics_obtained":[{"floor":0.0,"key":"Dream Catcher"},{"floor":0.0,"key":"Ornamental Fan"},{"floor":0.0,"key":"Ginger"},{"floor":8.0,"key":"Pen Nib"},{"floor":9.0,"key":"Mango"},{"floor":12.0,"key":"White Beast Statue"}],"event_choices":[{"damage_healed":0.0,"max_hp_gain":0.0,"max_hp_loss":0.0,"gold_gain":0.0,"event_name":"Shining Light","player_choice":"Entered Light","floor":4.0,"gold_loss":0.0,"damage_taken":20.0,"cards_upgraded":["Strike_P","Strike_P"]},{"damage_healed":21.0,"max_hp_gain":0.0,"max_hp_loss":0.0,"gold_gain":0.0,"event_name":"Wheel of Change","player_choice":"Full Heal","floor":7.0,"gold_loss":0.0,"damage_taken":0.0}],"is_beta":false,"boss_relics":[{"not_picked":["Sozu","Fusion Hammer"],"picked":"Busted Crown"}],"items_purged_floors":[],"is_endless":false,"potions_floor_spawned":[1,12,13,14,16,18,19],"killed_by":"Snake Plant","ascension_level":15}