{"gold_per_floor":[110,56,66,79,79,114,139,177,177,220,71,91,91,114,114,207,207,221,221,77,93,113,113,144,144,144,144],"floor_reached":27,"playtime":1252,"items_purged":[],"score":555,"play_id":"89e40de2-cdc9-4f76-aeb0-c79bc099f94b","local_time":"20210413173809","is_ascension_mode":true,"campfire_choices":[{"floor":15,"key":"REST"},{"data":"Eruption","floor":23,"key":"SMITH"},{"data":"Wallop","floor":25,"key":"SMITH"}],"neow_cost":"CURSE","seed_source_timestamp":377298173066500,"circlet_count":0,"master_deck":["AscendersBane","Strike_P+1","Strike_P","Strike_P+1","Strike_P","Defend_P","Defend_P","Defend_P+1","Defend_P","Eruption+1","Vigilance+1","Clumsy","Wallop+1","FollowUp","Swivel","FearNoEvil","Consecrate+1","SandsOfTime+1","FollowUp+1","Protect","LessonLearned+1","SandsOfTime+1","WheelKick+1","DeusExMachina","FollowUp+1"],"relics":["PureWater","Omamori","Golden Idol","Whetstone","Molten Egg 2","Yang","War Paint","Regal Pillow","MealTicket","Busted Crown","Pear","White Beast Statue"],"potions_floor_usage":[6,7,8,16,22,24,27],"damage_taken":[{"damage":9,"enemies":"Jaw Worm","floor":1,"turns":5},{"damage":0,"enemies":"Cultist","floor":3,"turns":3},{"damage":0,"enemies":"Small Slimes","floor":4,"turns":4},{"damage":12,"enemies":"Lagavulin","floor":6,"turns":10},{"damage":6,"enemies":"Gremlin Gang","floor":7,"turns":4},{"damage":8,"enemies":"Gremlin Nob","floor":8,"turns":3},{"damage":12,"enemies":"Lagavulin","floor":10,"turns":5},{"damage":5,"enemies":"3 Louse","floor":12,"turns":3},{"damage":5,"enemies":"Blue Slaver","floor":14,"turns":3},{"damage":0,"enemies":"Slime Boss","floor":16,"turns":4},{"damage":5,"enemies":"Chosen","floor":18,"turns":3},{"damage":0,"enemies":"Shell Parasite","floor":21,"turns":2},{"damage":23,"enemies":"Centurion and Healer","floor":22,"turns":6},{"damage":15,"enemies":"Book of Stabbing","floor":24,"turns":5},{"damage":68,"enemies":"Gremlin Leader","floor":27,"turns":8}],"seed_played":"-7086952257731474416","potions_obtained":[{"floor":3,"key":"PowerPotion"},{"floor":6,"key":"AttackPotion"},{"floor":7,"key":"DistilledChaos"},{"floor":14,"key":"GamblersBrew"},{"floor":16,"key":"BottledMiracle"},{"floor":21,"key":"Strength Potion"},{"floor":24,"key":"SkillPotion"}],"is_trial":false,"path_per_floor":["M","?","M","M","?","E","M","E","T","E","$","M","T","M","R","B",null,"M","?","$","M","M","R","E","R","T","E"],"character_chosen":"WATCHER","items_purchased":["Regal Pillow","WheelKick+1","DeusExMachina"],"campfire_rested":1,"item_purchase_floors":[11,20,20],"current_hp_per_floor":[64,64,64,64,64,52,46,38,38,26,26,21,21,16,55,55,74,69,69,80,80,57,57,52,52,52,0],"gold":144,"neow_bonus":"TWENTY_PERCENT_HP_BONUS","is_prod":false,"is_daily":false,"chose_seed":false,"campfire_upgraded":2,"win_rate":0,"timestamp":1618349889,"path_taken":["M","?","?","M","?","E","M","E","T","E","$","M","?","M","R","BOSS","M","?","$","M","?","R","E","R","T","E"],"build_version":"2020-12-22","purchased_purges":0,"victory":false,"max_hp_per_floor":[80,80,80,80,80,80,80,80,80,80,80,80,80,80,80,80,80,80,80,80,80,80,80,90,90,90,90],"card_choices":[{"not_picked":["Study","Swivel"],"picked":"Wallop","floor":1},{"not_picked":["Crescendo","ClearTheMind"],"picked":"FollowUp","floor":3},{"not_picked":["Tantrum","ThirdEye"],"picked":"Swivel","floor":4},{"not_picked":["FlyingSleeves","Fasting2"],"picked":"FearNoEvil","floor":6},{"not_picked":["EmptyFist","SashWhip","BowlingBash"],"picked":"SKIP","floor":7},{"not_picked":["EmptyFist","SashWhip","BowlingBash"],"picked":"SKIP","floor":7},{"not_picked":["CarveReality+1","FlyingSleeves+1"],"picked":"Consecrate+1","floor":8},{"not_picked":["Conclude+1","FlyingSleeves+1"],"picked":"SandsOfTime+1","floor":10},{"not_picked":["EmptyBody","Omniscience"],"picked":"FollowUp+1","floor":12},{"not_picked":["Fasting2","JustLucky+1"],"picked":"Protect","floor":14},{"not_picked":["SpiritShield","Judgement"],"picked":"LessonLearned+1","floor":16},{"not_picked":["Swivel"],"picked":"SKIP","floor":18},{"not_picked":["EmptyBody+1"],"picked":"SKIP","floor":21},{"not_picked":[],"picked":"FollowUp+1","floor":22},{"not_picked":["BowlingBash+1"],"picked":"SKIP","floor":24}],"player_experience":1367022,"relics_obtained":[{"floor":6,"key":"Whetstone"},{"floor":8,"key":"Molten Egg 2"},{"floor":9,"key":"Yang"},{"floor":10,"key":"War Paint"},{"floor":13,"key":"MealTicket"},{"floor":24,"key":"Pear"},{"floor":26,"key":"White Beast Statue"}],"event_choices":[{"damage_healed":0,"gold_gain":0,"player_choice":"Paid Gold","damage_taken":0,"relics_obtained":["Omamori"],"max_hp_gain":0,"max_hp_loss":0,"event_name":"WeMeetAgain","floor":2,"gold_loss":54},{"damage_healed":0,"gold_gain":0,"player_choice":"Take Wound","damage_taken":0,"relics_obtained":["Golden Idol"],"max_hp_gain":0,"max_hp_loss":0,"event_name":"Golden Idol","floor":5,"gold_loss":0,"cards_obtained":["Injury"]},{"damage_healed":0,"gold_gain":0,"player_choice":"Copied","damage_taken":0,"max_hp_gain":0,"max_hp_loss":0,"event_name":"Duplicator","floor":19,"gold_loss":0,"cards_obtained":["SandsOfTime"]}],"is_beta":false,"boss_relics":[{"not_picked":["Astrolabe","Fusion Hammer"],"picked":"Busted Crown"}],"items_purged_floors":[],"is_endless":false,"potions_floor_spawned":[3,6,7,14,16,21,24],"killed_by":"Gremlin Leader","ascension_level":15}