{"gold_per_floor":[112,112,122,140,193,193,163,163,187,187,228,42,55,82,82,165,165,180,189,80,89,139,139],"floor_reached":23,"playtime":1372,"items_purged":["Strike_P"],"score":327,"play_id":"1a608340-1d4c-4cd7-adf8-97215b783a03","local_time":"20210416132622","is_ascension_mode":true,"campfire_choices":[{"data":"PathToVictory","floor":6,"key":"SMITH"},{"data":"WaveOfTheHand","floor":8,"key":"SMITH"},{"data":"Evaluate","floor":10,"key":"SMITH"},{"data":"Eruption","floor":15,"key":"SMITH"}],"neow_cost":"NONE","seed_source_timestamp":621276495035800,"circlet_count":0,"master_deck":["AscendersBane","Strike_P","Strike_P","Defend_P","Defend_P","Defend_P","Defend_P","Eruption+1","Vigilance","WaveOfTheHand+1","Protect","PathToVictory+1","Halt","Evaluate+1","Establishment","EmptyFist","Omniscience","ForeignInfluence","Enlightenment","Necronomicurse"],"relics":["PureWater","NeowsBlessing","Orichalcum","CeramicFish","Kunai","Membership Card","Black Star","Lee\u0027s Waffle","Necronomicon"],"potions_floor_usage":[11,14,16],"damage_taken":[{"damage":0,"enemies":"Jaw Worm","floor":1,"turns":1},{"damage":0,"enemies":"Cultist","floor":3,"turns":1},{"damage":0,"enemies":"Small Slimes","floor":4,"turns":2},{"damage":3,"enemies":"Looter","floor":7,"turns":4},{"damage":7,"enemies":"Lagavulin","floor":11,"turns":7},{"damage":1,"enemies":"Exordium Wildlife","floor":13,"turns":5},{"damage":14,"enemies":"Gremlin Gang","floor":14,"turns":11},{"damage":33,"enemies":"Slime Boss","floor":16,"turns":13},{"damage":13,"enemies":"Spheric Guardian","floor":18,"turns":7},{"damage":69,"enemies":"Slavers","floor":23,"turns":4}],"seed_played":"-7435537395923211739","potions_obtained":[{"floor":1,"key":"DistilledChaos"},{"floor":11,"key":"Swift Potion"},{"floor":14,"key":"Fruit Juice"}],"is_trial":false,"path_per_floor":["M","?","M","M","T","R","M","R","T","R","E","$","M","M","R","B",null,"M","?","$","?","?","E"],"character_chosen":"WATCHER","items_purchased":["Membership Card","Lee\u0027s Waffle","Enlightenment"],"campfire_rested":0,"item_purchase_floors":[12,20,20],"current_hp_per_floor":[61,61,61,61,61,61,58,58,58,58,51,51,50,41,41,8,57,44,44,80,59,59,0],"gold":139,"neow_bonus":"THREE_ENEMY_KILL","is_prod":false,"is_daily":false,"chose_seed":false,"campfire_upgraded":4,"win_rate":0,"timestamp":1618593982,"path_taken":["M","?","?","M","?","R","?","R","T","R","E","$","?","M","R","BOSS","M","?","$","?","?","E"],"build_version":"2020-12-22","purchased_purges":1,"victory":false,"max_hp_per_floor":[68,68,68,68,68,68,68,68,68,68,68,68,68,73,73,73,73,73,73,80,80,80,80],"card_choices":[{"not_picked":["BattleHymn","ClearTheMind"],"picked":"WaveOfTheHand","floor":1},{"not_picked":["Protect","EmptyFist"],"picked":"PathToVictory","floor":3},{"not_picked":["SandsOfTime","BowlingBash"],"picked":"Halt","floor":4},{"not_picked":["FlyingSleeves","CutThroughFate"],"picked":"Evaluate","floor":7},{"not_picked":["Consecrate","FlyingSleeves"],"picked":"Establishment","floor":11},{"not_picked":["WreathOfFlame","MentalFortress","ReachHeaven"],"picked":"SKIP","floor":13},{"not_picked":["CrushJoints","EmptyMind"],"picked":"EmptyFist","floor":14},{"not_picked":["DevaForm","DeusExMachina"],"picked":"Omniscience","floor":16},{"not_picked":["BattleHymn","Pray","WaveOfTheHand"],"picked":"SKIP","floor":18}],"player_experience":1379089,"relics_obtained":[{"floor":5,"key":"Orichalcum"},{"floor":9,"key":"CeramicFish"},{"floor":11,"key":"Kunai"},{"floor":21,"key":"Necronomicon"}],"event_choices":[{"damage_healed":0,"gold_gain":0,"cards_transformed":["Strike_P"],"player_choice":"Transformed","damage_taken":0,"max_hp_gain":0,"max_hp_loss":0,"event_name":"Transmorgrifier","floor":2,"gold_loss":0,"cards_obtained":["Protect"]},{"damage_healed":0,"gold_gain":0,"player_choice":"Read","damage_taken":0,"max_hp_gain":0,"max_hp_loss":0,"event_name":"The Library","floor":19,"gold_loss":0,"cards_obtained":["ForeignInfluence"]},{"damage_healed":0,"gold_gain":0,"player_choice":"Obtained Book","damage_taken":21,"max_hp_gain":0,"max_hp_loss":0,"event_name":"Cursed Tome","floor":21,"gold_loss":0},{"damage_healed":0,"gold_gain":50,"player_choice":"Stole From Cult","damage_taken":0,"max_hp_gain":0,"max_hp_loss":0,"event_name":"Nest","floor":22,"gold_loss":0}],"is_beta":false,"boss_relics":[{"not_picked":["Velvet Choker","Snecko Eye"],"picked":"Black Star"}],"items_purged_floors":[12],"is_endless":false,"potions_floor_spawned":[1,11,14],"killed_by":"Slavers","ascension_level":15}