{"gold_per_floor":[168,191,191,191,206,234,234,266,317,329,329,32,45,79,79,156,156,166,216,5,16,16,44,44,79,102,136,136,169,34,45,45,117,117,134,159,159,179,192,222,222,275,299,308,351,351,361,371,371,371],"floor_reached":51,"playtime":3009,"items_purged":[],"score":1676,"play_id":"0cdb4a9f-4413-4b8e-a8a7-57b5e4b0d834","local_time":"20210419151012","is_ascension_mode":true,"campfire_choices":[{"data":"WheelKick","floor":7,"key":"SMITH"},{"data":"SashWhip","floor":11,"key":"SMITH"},{"data":"LikeWater","floor":15,"key":"SMITH"},{"data":"Vigilance","floor":28,"key":"SMITH"},{"data":"EmptyMind","floor":32,"key":"SMITH"},{"data":"FearNoEvil","floor":41,"key":"SMITH"},{"floor":46,"key":"REST"},{"data":"ReachHeaven","floor":49,"key":"SMITH"}],"neow_cost":"NONE","seed_source_timestamp":15430224191200,"circlet_count":0,"master_deck":["AscendersBane","Strike_P","Strike_P+1","Defend_P","Defend_P","Defend_P","Eruption+1","Vigilance+1","SashWhip+1","LikeWater+1","FearNoEvil+1","WheelKick+1","EmptyMind+1","Consecrate","Meditate+1","DeusExMachina+1","SignatureMove+1","EmptyFist+1","InnerPeace+1","Crescendo+1","Wish+1","SpiritShield+1","WreathOfFlame+1","Parasite","ReachHeaven+1","Vault+1"],"relics":["Tiny House","Akabeko","Ancient Tea Set","Potion Belt","Orichalcum","Toolbox","Toy Ornithopter","Toxic Egg 2","Astrolabe","Regal Pillow","Happy Flower","Vajra","PreservedInsect","MawBank","Bag of Marbles","Cursed Key","StoneCalendar","GoldenEye","Ornamental Fan","CeramicFish","Art of War"],"potions_floor_usage":[6,8,8,23,23,23,27,33,45,50,50,50,50],"damage_taken":[{"damage":0,"enemies":"Cultist","floor":1,"turns":2},{"damage":0,"enemies":"Small Slimes","floor":5,"turns":2},{"damage":5,"enemies":"3 Sentries","floor":6,"turns":5},{"damage":23,"enemies":"Gremlin Nob","floor":8,"turns":5},{"damage":0,"enemies":"2 Louse","floor":10,"turns":1},{"damage":0,"enemies":"Red Slaver","floor":13,"turns":1},{"damage":4,"enemies":"3 Sentries","floor":14,"turns":4},{"damage":11,"enemies":"Hexaghost","floor":16,"turns":8},{"damage":8,"enemies":"3 Byrds","floor":18,"turns":4},{"damage":0,"enemies":"Spheric Guardian","floor":21,"turns":2},{"damage":11,"enemies":"Book of Stabbing","floor":23,"turns":2},{"damage":20,"enemies":"Gremlin Leader","floor":25,"turns":4},{"damage":2,"enemies":"Cultist and Chosen","floor":27,"turns":4},{"damage":0,"enemies":"Book of Stabbing","floor":29,"turns":2},{"damage":0,"enemies":"Snecko","floor":31,"turns":3},{"damage":7,"enemies":"Champ","floor":33,"turns":6},{"damage":11,"enemies":"3 Shapes","floor":35,"turns":3},{"damage":0,"enemies":"Mind Bloom Boss Battle","floor":36,"turns":1},{"damage":1,"enemies":"3 Darklings","floor":38,"turns":3},{"damage":0,"enemies":"4 Shapes","floor":39,"turns":4},{"damage":1,"enemies":"Giant Head","floor":40,"turns":5},{"damage":0,"enemies":"Reptomancer","floor":42,"turns":1},{"damage":31,"enemies":"Nemesis","floor":45,"turns":5},{"damage":0,"enemies":"Spire Growth","floor":47,"turns":3},{"damage":2,"enemies":"Maw","floor":48,"turns":7},{"damage":0,"enemies":"Time Eater","floor":50,"turns":5}],"seed_played":"-8277563152247026234","potions_obtained":[{"floor":0,"key":"DistilledChaos"},{"floor":5,"key":"Block Potion"},{"floor":6,"key":"Regen Potion"},{"floor":8,"key":"Block Potion"},{"floor":14,"key":"Energy Potion"},{"floor":16,"key":"Swift Potion"},{"floor":18,"key":"StancePotion"},{"floor":29,"key":"Fire Potion"},{"floor":33,"key":"FearPotion"},{"floor":36,"key":"GamblersBrew"},{"floor":37,"key":"SteroidPotion"},{"floor":37,"key":"Explosive Potion"},{"floor":48,"key":"CultistPotion"}],"is_trial":false,"path_per_floor":["M","T","?","?","M","E","R","E","T","M","R","$","M","E","R","B",null,"M","?","$","M","?","E","$","E","T","M","R","E","$","M","R","B",null,"M","?","?","M","M","E","R","E","T","?","E","R","M","M","R","B",null],"character_chosen":"WATCHER","items_purchased":["Toolbox","Toy Ornithopter","Regal Pillow","InnerPeace+1","Bag of Marbles"],"campfire_rested":1,"item_purchase_floors":[12,12,20,20,30],"current_hp_per_floor":[66,66,66,66,66,61,61,52,52,52,52,52,52,48,48,37,64,56,49,49,49,73,67,67,47,47,50,50,50,50,50,50,48,67,56,56,56,55,55,54,54,54,54,54,28,64,64,62,62,73],"gold":371,"neow_bonus":"BOSS_RELIC","is_prod":false,"is_daily":false,"chose_seed":false,"campfire_upgraded":7,"win_rate":0,"timestamp":1618859412,"path_taken":["M","?","?","?","M","E","R","E","T","?","R","$","M","E","R","BOSS","M","?","?","?","?","E","$","E","T","M","R","E","$","M","R","BOSS","M","?","?","?","M","E","R","E","T","?","E","R","?","M","R","BOSS"],"build_version":"2020-12-22","purchased_purges":0,"victory":true,"max_hp_per_floor":[73,73,73,73,73,73,73,73,73,73,73,73,73,73,73,73,73,73,73,73,73,73,73,73,73,73,73,73,73,73,73,73,73,73,73,73,73,73,73,73,73,73,73,73,73,73,73,73,73,73],"card_choices":[{"not_picked":["ClearTheMind","CarveReality"],"picked":"SashWhip","floor":0},{"not_picked":["ClearTheMind","CutThroughFate"],"picked":"LikeWater","floor":1},{"not_picked":["EmptyBody","CarveReality"],"picked":"FearNoEvil","floor":5},{"not_picked":["EmptyMind","Fasting2"],"picked":"WheelKick","floor":6},{"not_picked":["TalkToTheHand","FollowUp"],"picked":"EmptyMind","floor":8},{"not_picked":["Prostrate","EmptyBody"],"picked":"Consecrate","floor":10},{"not_picked":["FollowUp","ThirdEye","Protect"],"picked":"SKIP","floor":13},{"not_picked":["Vengeance+1","WaveOfTheHand+1"],"picked":"Meditate+1","floor":14},{"not_picked":["Blasphemy+1","Alpha+1"],"picked":"DeusExMachina+1","floor":16},{"not_picked":["Consecrate","FlurryOfBlows","Protect+1"],"picked":"SKIP","floor":18},{"not_picked":["Prostrate+1","PathToVictory+1"],"picked":"Crescendo+1","floor":21},{"not_picked":["Wallop","Weave","JustLucky"],"picked":"SKIP","floor":23},{"not_picked":["Study","PathToVictory+1","Consecrate"],"picked":"SKIP","floor":25},{"not_picked":["ForeignInfluence+1","Nirvana","EmptyBody+1"],"picked":"SKIP","floor":27},{"not_picked":["ThirdEye+1","WindmillStrike","EmptyBody+1"],"picked":"SKIP","floor":29},{"not_picked":["FlurryOfBlows","ClearTheMind+1"],"picked":"Wish+1","floor":31},{"not_picked":["Scrawl+1","MasterReality"],"picked":"SpiritShield+1","floor":33},{"not_picked":["CarveReality","EmptyFist","Worship+1"],"picked":"SKIP","floor":35},{"not_picked":["Protect+1","ThirdEye+1","FlurryOfBlows"],"picked":"SKIP","floor":38},{"not_picked":["FlyingSleeves","EmptyBody+1"],"picked":"WreathOfFlame+1","floor":39},{"not_picked":["BattleHymn","Perseverance+1","Tantrum"],"picked":"SKIP","floor":40},{"not_picked":["ThirdEye+1","FollowUp"],"picked":"Crescendo+1","floor":42},{"not_picked":["ConjureBlade+1","WreathOfFlame+1"],"picked":"Vault+1","floor":45},{"not_picked":["Vengeance+1","Study","Sanctity+1"],"picked":"SKIP","floor":47},{"not_picked":["Evaluate+1","Crescendo+1","SashWhip"],"picked":"SKIP","floor":48}],"player_experience":1380461,"relics_obtained":[{"floor":2,"key":"Akabeko"},{"floor":6,"key":"Ancient Tea Set"},{"floor":8,"key":"Potion Belt"},{"floor":9,"key":"Orichalcum"},{"floor":14,"key":"Toxic Egg 2"},{"floor":23,"key":"Happy Flower"},{"floor":25,"key":"Vajra"},{"floor":26,"key":"PreservedInsect"},{"floor":29,"key":"MawBank"},{"floor":36,"key":"StoneCalendar"},{"floor":40,"key":"GoldenEye"},{"floor":42,"key":"Ornamental Fan"},{"floor":43,"key":"CeramicFish"},{"floor":45,"key":"Art of War"}],"event_choices":[{"damage_healed":0,"gold_gain":0,"player_choice":"Grow","damage_taken":0,"max_hp_gain":0,"max_hp_loss":0,"event_name":"Living Wall","floor":3,"gold_loss":0,"cards_upgraded":["Eruption"]},{"damage_healed":0,"gold_gain":0,"player_choice":"0 cards matched","damage_taken":0,"max_hp_gain":0,"max_hp_loss":0,"event_name":"Match and Keep!","floor":4,"gold_loss":0,"cards_obtained":[]},{"damage_healed":0,"gold_gain":50,"player_choice":"Touch","damage_taken":7,"max_hp_gain":0,"max_hp_loss":0,"event_name":"FaceTrader","floor":19,"gold_loss":0},{"cards_removed":["CarveReality"],"damage_healed":24,"gold_gain":0,"player_choice":"Offered Uncommon","damage_taken":0,"max_hp_gain":0,"max_hp_loss":0,"event_name":"Bonfire Elementals","floor":22,"gold_loss":0},{"damage_healed":0,"gold_gain":0,"player_choice":"Fight","damage_taken":0,"max_hp_gain":0,"max_hp_loss":0,"event_name":"MindBloom","floor":36,"gold_loss":0},{"damage_healed":0,"gold_gain":0,"player_choice":"Got Potions","damage_taken":0,"max_hp_gain":0,"max_hp_loss":0,"event_name":"Lab","floor":37,"gold_loss":0},{"damage_healed":0,"gold_gain":0,"cards_transformed":["Crescendo"],"player_choice":"Transformed","damage_taken":0,"max_hp_gain":0,"max_hp_loss":0,"event_name":"Transmorgrifier","floor":44,"gold_loss":0,"cards_obtained":["ReachHeaven"]}],"is_beta":false,"boss_relics":[{"not_picked":["Sozu","Runic Dome"],"picked":"Astrolabe"},{"not_picked":["Coffee Dripper","Calling Bell"],"picked":"Cursed Key"}],"items_purged_floors":[],"is_endless":false,"potions_floor_spawned":[5,6,8,14,16,18,21,29,33,36,40,48],"ascension_level":15}