{"gold_per_floor":[114,133,75,225,225,255,255,269,269,296,296,296],"floor_reached":12,"playtime":497,"items_purged":[],"score":155,"play_id":"70b1bcb8-e4a3-4ddb-b3ef-f3f0fb81bc84","local_time":"20210426121403","is_ascension_mode":true,"campfire_choices":[{"floor":7,"key":"REST"}],"neow_cost":"NONE","seed_source_timestamp":0,"circlet_count":0,"master_deck":["AscendersBane","Strike_P","Strike_P","Strike_P","Strike_P","Defend_P","Defend_P","Defend_P","Defend_P","Eruption","Vigilance","CrushJoints","Halt","Consecrate","Doubt","ClearTheMind","Perseverance","Evaluate"],"special_seed":0,"relics":["Black Star","StrikeDummy","Oddly Smooth Stone","Potion Belt","Gremlin Horn","Question Card","The Courier"],"potions_floor_usage":[10],"damage_taken":[{"damage":2.0,"enemies":"Cultist","floor":1.0,"turns":4.0},{"damage":7.0,"enemies":"Small Slimes","floor":2.0,"turns":5.0},{"damage":29,"enemies":"Lagavulin","floor":6,"turns":6},{"damage":0,"enemies":"2 Louse","floor":8,"turns":3},{"damage":24,"enemies":"3 Sentries","floor":10,"turns":9},{"damage":9,"enemies":"Lagavulin","floor":12,"turns":7}],"seed_played":"-5806445778260489607","potions_obtained":[{"floor":2.0,"key":"Dexterity Potion"},{"floor":6,"key":"BottledMiracle"}],"is_trial":false,"path_per_floor":["M","M","$","?","?","E","R","M","T","E","?","E"],"character_chosen":"WATCHER","items_purchased":["Consecrate"],"campfire_rested":1,"item_purchase_floors":[3],"current_hp_per_floor":[59,52,52,52,34,5,25,25,25,1,1,0],"gold":296,"neow_bonus":"BOSS_RELIC","is_prod":false,"is_daily":false,"chose_seed":false,"campfire_upgraded":0,"win_rate":0,"timestamp":1619453643,"path_taken":["M","M","$","?","?","E","R","M","T","E","?","E"],"build_version":"2020-12-22","purchased_purges":0,"victory":false,"max_hp_per_floor":[68,68,68,68,68,68,68,68,68,68,68,68],"card_choices":[{"not_picked":["Crescendo","PathToVictory"],"picked":"CrushJoints","floor":1.0},{"not_picked":["Protect","EmptyMind"],"picked":"Halt","floor":2.0},{"not_picked":["Halt","CutThroughFate"],"picked":"ClearTheMind","floor":6},{"not_picked":["BattleHymn","Study"],"picked":"Perseverance","floor":8},{"not_picked":["Consecrate","SashWhip"],"picked":"Evaluate","floor":10}],"player_experience":1392382,"relics_obtained":[{"floor":6,"key":"Oddly Smooth Stone"},{"floor":6,"key":"Potion Belt"},{"floor":9,"key":"Gremlin Horn"},{"floor":10,"key":"Question Card"},{"floor":10,"key":"The Courier"}],"event_choices":[{"damage_healed":0.0,"max_hp_gain":0.0,"max_hp_loss":0.0,"gold_gain":150.0,"event_name":"Liars Game","player_choice":"AGREE","floor":4.0,"gold_loss":0.0,"damage_taken":0.0,"cards_obtained":["Doubt"]},{"damage_healed":0.0,"max_hp_gain":0.0,"max_hp_loss":0.0,"gold_gain":0.0,"event_name":"Scrap Ooze","player_choice":"Success","floor":5.0,"gold_loss":0.0,"damage_taken":18.0,"relics_obtained":["StrikeDummy"]},{"damage_healed":0,"gold_gain":0,"player_choice":"Ignored","damage_taken":0,"max_hp_gain":0,"max_hp_loss":0,"event_name":"Shining Light","floor":11,"gold_loss":0}],"is_beta":false,"boss_relics":[],"items_purged_floors":[],"is_endless":false,"potions_floor_spawned":[2,6],"killed_by":"Lagavulin","ascension_level":16}