{"gold_per_floor":[116,133,144,144,159,186,186,221,221,59,24,24,49,61,73,163,175,198,210,241,253,265,309,321,333],"floor_reached":25,"playtime":664,"items_purged":[],"score":472,"play_id":"9d104ff3-2acf-488b-8ff6-81fdd0975860","local_time":"20210426112811","is_ascension_mode":true,"campfire_choices":[{"data":"SignatureMove","floor":7,"key":"SMITH"},{"data":"WaveOfTheHand","floor":12,"key":"SMITH"},{"data":"Halt","floor":15,"key":"SMITH"},{"floor":24,"key":"REST"}],"neow_cost":"NONE","seed_source_timestamp":33735729105500,"circlet_count":0,"master_deck":["AscendersBane","Strike_P","Strike_P","Strike_P","Strike_P","Defend_P","Defend_P","Defend_P","Defend_P","Eruption+1","Vigilance","BowlingBash","Indignation","WaveOfTheHand+1","SignatureMove+1","TalkToTheHand","Halt+1","Judgement","Evaluate+1","Decay","Tantrum","MentalFortress"],"relics":["HolyWater","NeowsBlessing","Juzu Bracelet","InkBottle","Eternal Feather","Lantern","MawBank","WarpedTongs","Toxic Egg 2"],"potions_floor_usage":[13],"damage_taken":[{"damage":0,"enemies":"Cultist","floor":1,"turns":1},{"damage":0,"enemies":"Jaw Worm","floor":2,"turns":1},{"damage":0,"enemies":"2 Louse","floor":3,"turns":1},{"damage":21,"enemies":"Large Slime","floor":5,"turns":6},{"damage":1,"enemies":"Gremlin Nob","floor":6,"turns":3},{"damage":0,"enemies":"Lagavulin","floor":8,"turns":3},{"damage":7,"enemies":"3 Sentries","floor":13,"turns":4},{"damage":62,"enemies":"Hexaghost","floor":16,"turns":14},{"damage":4,"enemies":"Shell Parasite","floor":18,"turns":3},{"damage":11,"enemies":"2 Thieves","floor":20,"turns":3},{"damage":31,"enemies":"Book of Stabbing","floor":23,"turns":4},{"damage":41,"enemies":"Slavers","floor":25,"turns":2}],"seed_played":"-7909226648816337407","potions_obtained":[{"floor":1,"key":"AttackPotion"},{"floor":5,"key":"Energy Potion"},{"floor":18,"key":"BlessingOfTheForge"}],"is_trial":false,"path_per_floor":["M","M","M","?","M","E","R","E","T","$","?","R","E","$","R","B",null,"M","?","M","?","?","E","R","E"],"character_chosen":"WATCHER","items_purchased":["Lantern"],"campfire_rested":1,"item_purchase_floors":[10],"current_hp_per_floor":[61,61,61,61,40,39,39,39,39,39,56,65,58,58,67,5,52,48,48,37,37,37,6,38,0],"gold":333,"neow_bonus":"THREE_ENEMY_KILL","is_prod":false,"is_daily":false,"chose_seed":false,"campfire_upgraded":3,"win_rate":0,"timestamp":1619450891,"path_taken":["M","?","M","?","?","E","R","E","T","?","?","R","E","$","R","BOSS","M","?","M","?","?","E","R","E"],"build_version":"2020-12-22","purchased_purges":0,"victory":false,"max_hp_per_floor":[68,68,68,68,68,68,68,68,68,68,68,68,68,68,68,68,68,68,68,68,68,68,68,68,68],"card_choices":[{"not_picked":["Adaptation","FollowUp"],"picked":"BowlingBash","floor":1},{"not_picked":["FlyingSleeves","BowlingBash"],"picked":"Indignation","floor":2},{"not_picked":["BowlingBash","Protect"],"picked":"WaveOfTheHand","floor":3},{"not_picked":["MasterReality","CrushJoints"],"picked":"SignatureMove","floor":5},{"not_picked":["EmptyFist","MasterReality"],"picked":"TalkToTheHand","floor":6},{"not_picked":["Fasting2","FlurryOfBlows","EmptyBody"],"picked":"SKIP","floor":8},{"not_picked":["Pray","Protect"],"picked":"Halt","floor":13},{"not_picked":["SpiritShield","Scrawl"],"picked":"Judgement","floor":16},{"not_picked":["EmptyBody+1","Prostrate"],"picked":"Evaluate+1","floor":18},{"not_picked":["EmptyBody","FlyingSleeves"],"picked":"Tantrum","floor":20},{"not_picked":["MasterReality","JustLucky"],"picked":"MentalFortress","floor":23}],"player_experience":1391718,"relics_obtained":[{"floor":6,"key":"Juzu Bracelet"},{"floor":8,"key":"InkBottle"},{"floor":9,"key":"Eternal Feather"},{"floor":13,"key":"MawBank"},{"floor":23,"key":"Toxic Egg 2"}],"event_choices":[{"damage_healed":0,"gold_gain":0,"player_choice":"Upgraded","damage_taken":0,"max_hp_gain":0,"max_hp_loss":0,"event_name":"Upgrade Shrine","floor":4,"gold_loss":0,"cards_upgraded":["Eruption"]},{"damage_healed":17,"gold_gain":0,"player_choice":"Healed","damage_taken":0,"max_hp_gain":0,"max_hp_loss":0,"event_name":"The Cleric","floor":11,"gold_loss":35},{"damage_healed":0,"gold_gain":0,"player_choice":"Smashed Altar","damage_taken":0,"max_hp_gain":0,"max_hp_loss":0,"event_name":"Forgotten Altar","floor":19,"gold_loss":0,"cards_obtained":["Decay"]},{"damage_healed":0,"gold_gain":0,"player_choice":"Rummage","damage_taken":0,"relics_obtained":["WarpedTongs"],"max_hp_gain":0,"max_hp_loss":0,"event_name":"Accursed Blacksmith","floor":21,"gold_loss":0,"cards_obtained":["Pain"]},{"cards_removed":["Pain"],"damage_healed":0,"gold_gain":0,"player_choice":"Elegance","damage_taken":0,"max_hp_gain":0,"max_hp_loss":0,"event_name":"Back to Basics","floor":22,"gold_loss":0}],"is_beta":false,"boss_relics":[{"not_picked":["VioletLotus","Busted Crown"],"picked":"HolyWater"}],"items_purged_floors":[],"is_endless":false,"potions_floor_spawned":[1,5,8,18],"killed_by":"Slavers","ascension_level":16}