{"gold_per_floor":[112,112,187,15,35,66,66,101,101,115,142,204,46,71,71,145,145,161,180,180,455,66,97,97,122,122,133,133,53,53,82,82,82],"floor_reached":33,"playtime":959,"items_purged":["Regret"],"score":679,"play_id":"5857d472-1be4-4275-9496-2c76e3ae4959","local_time":"20210505230056","is_ascension_mode":true,"campfire_choices":[{"data":"Blasphemy","floor":7,"key":"SMITH"},{"data":"Eruption","floor":15,"key":"SMITH"},{"floor":24,"key":"REST"},{"floor":28,"key":"REST"},{"data":"WindmillStrike","floor":30,"key":"SMITH"},{"floor":32,"key":"REST"}],"neow_cost":"TEN_PERCENT_HP_LOSS","seed_source_timestamp":132978556599100,"circlet_count":0,"master_deck":["AscendersBane","Strike_P","Strike_P","Strike_P","Strike_P","Defend_P","Defend_P","Defend_P","Defend_P","Eruption+1","Vigilance","Blasphemy+1","ReachHeaven+1","Adaptation","Pray","BowlingBash","FlyingSleeves+1","WindmillStrike+1","Sanctity","DeusExMachina","TalkToTheHand","DeceiveReality","Wallop"],"relics":["PureWater","PreservedInsect","HornCleat","Sundial","Blood Vial","Bottled Lightning","Whetstone","Bag of Marbles","Bronze Scales","Sozu","Strawberry","HandDrill","Happy Flower","Regal Pillow","Blue Candle","Bag of Preparation"],"potions_floor_usage":[12,19],"damage_taken":[{"damage":0,"enemies":"2 Louse","floor":1,"turns":2},{"damage":2,"enemies":"Jaw Worm","floor":5,"turns":2},{"damage":17,"enemies":"Lagavulin","floor":6,"turns":5},{"damage":0,"enemies":"Gremlin Nob","floor":8,"turns":3},{"damage":0,"enemies":"Small Slimes","floor":10,"turns":3},{"damage":12,"enemies":"Lagavulin","floor":11,"turns":4},{"damage":0,"enemies":"Gremlin Nob","floor":12,"turns":3},{"damage":20,"enemies":"Hexaghost","floor":16,"turns":6},{"damage":42,"enemies":"Shell Parasite","floor":18,"turns":2},{"damage":12,"enemies":"Spheric Guardian","floor":19,"turns":4},{"damage":0,"enemies":"Book of Stabbing","floor":23,"turns":3},{"damage":9,"enemies":"Slavers","floor":25,"turns":3},{"damage":0,"enemies":"Chosen and Byrds","floor":27,"turns":3},{"damage":43,"enemies":"Gremlin Leader","floor":31,"turns":3},{"damage":100047,"enemies":"Automaton","floor":33,"turns":7}],"seed_played":"1741411899310768046","potions_obtained":[{"floor":5,"key":"EssenceOfSteel"},{"floor":11,"key":"Regen Potion"},{"floor":12,"key":"Dexterity Potion"}],"is_trial":false,"path_per_floor":["M","?","?","$","M","E","R","E","T","M","E","?","$","T","R","B",null,"M","M","?","?","$","E","R","E","T","M","R","$","R","E","R","B"],"character_chosen":"WATCHER","items_purchased":["PreservedInsect","Bag of Marbles","Strawberry","HandDrill","DeceiveReality"],"campfire_rested":3,"item_purchase_floors":[4,13,22,22,29],"current_hp_per_floor":[61,61,50,50,48,31,31,31,31,33,23,34,34,34,34,16,51,11,1,1,1,8,10,30,23,23,25,60,60,60,19,54,0],"gold":82,"neow_bonus":"THREE_RARE_CARDS","is_prod":false,"is_daily":false,"chose_seed":false,"campfire_upgraded":3,"win_rate":0,"timestamp":1620270056,"path_taken":["M","?","?","$","M","E","R","E","T","M","E","?","$","?","R","BOSS","M","M","?","?","$","E","R","E","T","?","R","$","R","E","R","BOSS"],"build_version":"2020-12-22","purchased_purges":1,"victory":false,"max_hp_per_floor":[62,62,62,62,62,62,62,62,62,62,62,62,62,62,62,62,62,62,62,62,62,69,69,69,69,69,69,69,69,69,69,69,69],"card_choices":[{"not_picked":["SpiritShield","Wish"],"picked":"Blasphemy","floor":0},{"not_picked":["PathToVictory","ThirdEye"],"picked":"ReachHeaven","floor":1},{"not_picked":["JustLucky","SashWhip"],"picked":"Adaptation","floor":5},{"not_picked":["Crescendo","FollowUp"],"picked":"Pray","floor":6},{"not_picked":["PathToVictory","FollowUp"],"picked":"BowlingBash","floor":8},{"not_picked":["ThirdEye","LikeWater"],"picked":"FlyingSleeves","floor":10},{"not_picked":["Halt","CrushJoints"],"picked":"WindmillStrike","floor":11},{"not_picked":["Perseverance","ForeignInfluence"],"picked":"Sanctity","floor":12},{"not_picked":["Blasphemy","ConjureBlade"],"picked":"DeusExMachina","floor":16},{"not_picked":["EmptyBody","ClearTheMind","Wireheading"],"picked":"SKIP","floor":18},{"not_picked":["Fasting2","EmptyFist","EmptyMind"],"picked":"SKIP","floor":19},{"not_picked":["Consecrate","SandsOfTime","Tantrum"],"picked":"SKIP","floor":23},{"not_picked":["EmptyFist","DevaForm"],"picked":"TalkToTheHand","floor":25},{"not_picked":["EmptyBody","CutThroughFate","ClearTheMind"],"picked":"SKIP","floor":27},{"not_picked":["SashWhip","Evaluate"],"picked":"Wallop","floor":31}],"player_experience":1438658,"relics_obtained":[{"floor":6,"key":"HornCleat"},{"floor":8,"key":"Sundial"},{"floor":9,"key":"Blood Vial"},{"floor":11,"key":"Bottled Lightning"},{"floor":12,"key":"Whetstone"},{"floor":14,"key":"Bronze Scales"},{"floor":23,"key":"Happy Flower"},{"floor":25,"key":"Regal Pillow"},{"floor":26,"key":"Blue Candle"},{"floor":31,"key":"Bag of Preparation"}],"event_choices":[{"damage_healed":0,"gold_gain":0,"player_choice":"Leave","damage_taken":0,"max_hp_gain":0,"max_hp_loss":0,"event_name":"The Cleric","floor":2,"gold_loss":0},{"damage_healed":0,"gold_gain":75,"player_choice":"Gather Gold","damage_taken":11,"max_hp_gain":0,"max_hp_loss":0,"event_name":"World of Goop","floor":3,"gold_loss":0},{"damage_healed":0,"gold_gain":0,"player_choice":"Searched \u00271\u0027 times","damage_taken":0,"max_hp_gain":0,"max_hp_loss":0,"event_name":"Dead Adventurer","floor":12,"gold_loss":0},{"damage_healed":0,"gold_gain":0,"player_choice":"Ignored","damage_taken":0,"max_hp_gain":0,"max_hp_loss":0,"event_name":"Cursed Tome","floor":20,"gold_loss":0},{"damage_healed":0,"gold_gain":275,"player_choice":"Desecrate","damage_taken":0,"max_hp_gain":0,"max_hp_loss":0,"event_name":"Golden Shrine","floor":21,"gold_loss":0,"cards_obtained":["Regret"]}],"is_beta":false,"boss_relics":[{"not_picked":["Runic Pyramid","Ectoplasm"],"picked":"Sozu"}],"items_purged_floors":[22],"is_endless":false,"potions_floor_spawned":[5,11,12,18,19,23,31],"killed_by":"Automaton","ascension_level":17}