{"gold_per_floor":[132,57,73,73,14,44,62,62],"floor_reached":8,"playtime":367,"items_purged":[],"score":104,"play_id":"8dc9ee99-47e1-4367-99d6-5951991e6a80","local_time":"20210506111322","is_ascension_mode":true,"campfire_choices":[],"neow_cost":"TEN_PERCENT_HP_LOSS","seed_source_timestamp":28950866249000,"circlet_count":0,"master_deck":["AscendersBane","Strike_P+1","Strike_P+1","Defend_P","Defend_P","Defend_P","Defend_P","Eruption","Vigilance","Magnetism","EmptyFist","WaveOfTheHand","CrushJoints","InnerPeace","Protect"],"relics":["PureWater","Whetstone"],"potions_floor_usage":[],"damage_taken":[{"damage":7,"enemies":"Small Slimes","floor":1,"turns":4},{"damage":4,"enemies":"Jaw Worm","floor":3,"turns":6},{"damage":12,"enemies":"3 Sentries","floor":6,"turns":8},{"damage":0,"enemies":"2 Louse","floor":7,"turns":4},{"damage":59,"enemies":"Gremlin Nob","floor":8,"turns":4}],"seed_played":"7985720444001501330","potions_obtained":[{"floor":1,"key":"SteroidPotion"},{"floor":7,"key":"Energy Potion"}],"is_trial":false,"path_per_floor":["M","?","M","?","$","E","M","E"],"character_chosen":"WATCHER","items_purchased":["CrushJoints"],"campfire_rested":0,"item_purchase_floors":[5],"current_hp_per_floor":[54,54,50,43,43,31,31,0],"gold":62,"neow_bonus":"RANDOM_COLORLESS_2","is_prod":false,"is_daily":false,"chose_seed":false,"campfire_upgraded":0,"win_rate":0,"timestamp":1620314002,"path_taken":["M","?","M","?","?","E","M","E"],"build_version":"2020-12-22","purchased_purges":0,"victory":false,"max_hp_per_floor":[62,62,62,62,62,62,62,62],"card_choices":[{"not_picked":["Thinking Ahead","Secret Weapon"],"picked":"Magnetism","floor":0},{"not_picked":["FollowUp","EmptyBody"],"picked":"EmptyFist","floor":1},{"not_picked":["FlyingSleeves","Wireheading"],"picked":"WaveOfTheHand","floor":3},{"not_picked":["Worship","CutThroughFate"],"picked":"InnerPeace","floor":6},{"not_picked":["CrushJoints","FollowUp"],"picked":"Protect","floor":7}],"player_experience":1439617,"relics_obtained":[{"floor":6,"key":"Whetstone"}],"event_choices":[{"cards_removed":["Strike_P"],"damage_healed":0,"gold_gain":0,"player_choice":"Card Removal","damage_taken":0,"max_hp_gain":0,"max_hp_loss":0,"event_name":"The Cleric","floor":2,"gold_loss":75},{"cards_removed":["Strike_P"],"damage_healed":0,"gold_gain":0,"player_choice":"Card Removal","damage_taken":7,"max_hp_gain":0,"max_hp_loss":0,"event_name":"Golden Wing","floor":4,"gold_loss":0}],"is_beta":false,"boss_relics":[],"items_purged_floors":[],"is_endless":false,"potions_floor_spawned":[1,7],"killed_by":"Gremlin Nob","ascension_level":17}