{"gold_per_floor":[114,114,138,30,30,66,23,57,80,96,96,21,21,57,57,57],"floor_reached":16,"playtime":469,"items_purged":["Injury"],"score":261,"play_id":"2ffea437-5e0d-463b-904b-d3efd30e4e89","local_time":"20210506112145","is_ascension_mode":true,"campfire_choices":[{"floor":11,"key":"REST"},{"data":"BowlingBash","floor":13,"key":"SMITH"},{"data":"WreathOfFlame","floor":15,"key":"SMITH"}],"neow_cost":"NONE","seed_source_timestamp":29351826349400,"circlet_count":0,"master_deck":["AscendersBane","Strike_P","Strike_P","Strike_P","Strike_P+1","Defend_P","Defend_P","Defend_P","Defend_P","Eruption+1","Vigilance","SashWhip","BowlingBash+1","Panacea","EmptyMind","Swivel","SpiritShield","WreathOfFlame+1"],"relics":["PureWater","NeowsBlessing","Golden Idol","Pen Nib","HornCleat","Art of War","Oddly Smooth Stone"],"potions_floor_usage":[16,16],"damage_taken":[{"damage":0,"enemies":"Jaw Worm","floor":1,"turns":1},{"damage":0,"enemies":"2 Louse","floor":3,"turns":1},{"damage":0,"enemies":"Lagavulin","floor":6,"turns":1},{"damage":32,"enemies":"Gremlin Nob","floor":8,"turns":4},{"damage":0,"enemies":"Small Slimes","floor":10,"turns":3},{"damage":15,"enemies":"Lagavulin","floor":14,"turns":5},{"damage":14,"enemies":"Hexaghost","floor":16,"turns":4}],"seed_played":"4304011316192279433","potions_obtained":[{"floor":3,"key":"BlessingOfTheForge"},{"floor":8,"key":"EssenceOfSteel"},{"floor":14,"key":"Dexterity Potion"}],"is_trial":false,"path_per_floor":["M","?","M","$","?","E","$","E","T","M","R","$","R","E","R","B"],"character_chosen":"WATCHER","items_purchased":["Panacea","Swivel"],"campfire_rested":1,"item_purchase_floors":[4,7],"current_hp_per_floor":[61,61,61,61,41,41,41,9,9,9,29,29,29,14,14,0],"gold":57,"neow_bonus":"THREE_ENEMY_KILL","is_prod":false,"is_daily":false,"chose_seed":false,"campfire_upgraded":2,"win_rate":0,"timestamp":1620314505,"path_taken":["M","?","M","$","?","E","?","E","T","M","R","$","R","E","R","BOSS"],"build_version":"2020-12-22","purchased_purges":1,"victory":false,"max_hp_per_floor":[68,68,68,68,68,68,68,68,68,68,68,68,68,68,68,68],"card_choices":[{"not_picked":["FlyingSleeves","FollowUp"],"picked":"SashWhip","floor":1},{"not_picked":["FlurryOfBlows","PathToVictory"],"picked":"BowlingBash","floor":3},{"not_picked":["WheelKick","Nirvana"],"picked":"EmptyMind","floor":6},{"not_picked":["EmptyBody","Wireheading"],"picked":"SpiritShield","floor":8},{"not_picked":["Study","Tantrum"],"picked":"WreathOfFlame","floor":10},{"not_picked":["ClearTheMind","Evaluate","Prostrate"],"picked":"SKIP","floor":14}],"player_experience":1439984,"relics_obtained":[{"floor":6,"key":"Pen Nib"},{"floor":8,"key":"HornCleat"},{"floor":9,"key":"Art of War"},{"floor":14,"key":"Oddly Smooth Stone"}],"event_choices":[{"damage_healed":0,"gold_gain":0,"player_choice":"Take Wound","damage_taken":0,"relics_obtained":["Golden Idol"],"max_hp_gain":0,"max_hp_loss":0,"event_name":"Golden Idol","floor":2,"gold_loss":0,"cards_obtained":["Injury"]},{"damage_healed":0,"gold_gain":0,"player_choice":"Entered Light","damage_taken":20,"max_hp_gain":0,"max_hp_loss":0,"event_name":"Shining Light","floor":5,"gold_loss":0,"cards_upgraded":["Eruption","Strike_P"]}],"is_beta":false,"boss_relics":[],"items_purged_floors":[12],"is_endless":false,"potions_floor_spawned":[3,8,14],"killed_by":"Hexaghost","ascension_level":17}