{"gold_per_floor":[110,110,130,55,72,97,97,97,143,143,156,70,108,20,20,116,116,140,160,178,201,215,253,253,287,369,388,388,368,393,412,412,505,505,523,523,185,185,516,516,559,619,692,712,712,273,606,618,618,618],"floor_reached":51,"playtime":2247,"items_purged":[],"score":1634,"play_id":"225597f0-8669-48d7-a0da-2b121284810d","local_time":"20210506120009","is_ascension_mode":true,"campfire_choices":[{"data":"Wallop","floor":7,"key":"SMITH"},{"floor":15,"key":"REST"},{"floor":24,"key":"REST"},{"floor":28,"key":"REST"},{"floor":32,"key":"REST"},{"data":"Ragnarok","floor":40,"key":"SMITH"},{"floor":45,"key":"REST"},{"floor":49,"key":"REST"}],"neow_cost":"NONE","seed_source_timestamp":29839427491200,"circlet_count":0,"master_deck":["AscendersBane","Strike_P+1","Strike_P","Strike_P","Defend_P","Defend_P","Defend_P","Defend_P","Eruption+1","Vigilance","WheelKick+1","Swivel","Wallop+1","WreathOfFlame+1","Halt","Vengeance","Conclude+1","Ragnarok+1","EmptyFist+1","Adaptation","Collect","Evaluate+1","MentalFortress+1","SpiritShield","EmptyMind+1","Fasting2+1","Enlightenment"],"relics":["PureWater","Omamori","Nunchaku","Akabeko","Sozu","Regal Pillow","CloakClasp","Shuriken","Snecko Eye","Bronze Scales","Bag of Marbles","Old Coin","Pen Nib","Lizard Tail","Question Card","Whetstone","Medical Kit"],"potions_floor_usage":[13,25],"damage_taken":[{"damage":4,"enemies":"Small Slimes","floor":1,"turns":3},{"damage":0,"enemies":"Jaw Worm","floor":3,"turns":4},{"damage":0,"enemies":"2 Louse","floor":5,"turns":4},{"damage":14,"enemies":"Gremlin Nob","floor":6,"turns":3},{"damage":0,"enemies":"Large Slime","floor":11,"turns":2},{"damage":0,"enemies":"Lagavulin","floor":13,"turns":3},{"damage":0,"enemies":"Slime Boss","floor":16,"turns":6},{"damage":15,"enemies":"Shell Parasite","floor":18,"turns":3},{"damage":9,"enemies":"3 Byrds","floor":19,"turns":4},{"damage":0,"enemies":"Centurion and Healer","floor":20,"turns":3},{"damage":0,"enemies":"Snake Plant","floor":21,"turns":1},{"damage":9,"enemies":"Chosen and Byrds","floor":22,"turns":4},{"damage":24,"enemies":"Gremlin Leader","floor":23,"turns":6},{"damage":24,"enemies":"Book of Stabbing","floor":25,"turns":5},{"damage":0,"enemies":"Snecko","floor":27,"turns":4},{"damage":17,"enemies":"Shelled Parasite and Fungi","floor":30,"turns":3},{"damage":5,"enemies":"Centurion and Healer","floor":31,"turns":4},{"damage":45,"enemies":"Champ","floor":33,"turns":10},{"damage":10,"enemies":"3 Darklings","floor":35,"turns":3},{"damage":0,"enemies":"Mind Bloom Boss Battle","floor":39,"turns":4},{"damage":0,"enemies":"Nemesis","floor":41,"turns":5},{"damage":26,"enemies":"2 Orb Walkers","floor":42,"turns":4},{"damage":13,"enemies":"3 Shapes","floor":44,"turns":1},{"damage":35,"enemies":"Jaw Worm Horde","floor":48,"turns":3},{"damage":26,"enemies":"Awakened One","floor":50,"turns":11}],"seed_played":"-2409995983337664627","potions_obtained":[{"floor":5,"key":"SteroidPotion"},{"floor":6,"key":"FairyPotion"},{"floor":13,"key":"LiquidBronze"}],"is_trial":false,"path_per_floor":["M","?","M","?","M","E","R","?","T","?","M","$","E","$","R","B",null,"M","M","M","M","M","E","R","E","T","M","R","?","M","M","R","B",null,"M","?","$","?","?","R","E","?","T","M","R","$","?","M","R","B",null],"character_chosen":"WATCHER","items_purchased":["Vengeance","Conclude","Bronze Scales","Bag of Marbles","Whetstone","Enlightenment","Medical Kit"],"campfire_rested":6,"item_purchase_floors":[12,14,37,37,46,46,46],"current_hp_per_floor":[57,57,57,57,57,43,43,23,23,23,23,23,23,23,43,43,62,47,38,38,38,29,5,40,16,16,16,51,51,34,29,64,19,56,46,46,46,60,60,60,60,34,34,21,56,56,56,21,56,30],"gold":618,"neow_bonus":"THREE_CARDS","is_prod":false,"is_daily":false,"chose_seed":false,"campfire_upgraded":2,"win_rate":0,"timestamp":1620316809,"path_taken":["M","?","M","?","M","E","R","?","T","?","M","$","E","?","R","BOSS","M","M","?","M","?","E","R","E","T","?","R","?","M","?","R","BOSS","M","?","$","?","?","R","E","?","T","M","R","$","?","M","R","BOSS"],"build_version":"2020-12-22","purchased_purges":0,"victory":true,"max_hp_per_floor":[68,68,68,68,68,68,68,68,68,68,68,68,68,68,68,68,68,68,68,68,68,68,68,68,68,68,68,68,68,68,68,68,68,68,68,68,68,68,68,68,68,68,68,68,68,68,68,68,68,68],"card_choices":[{"not_picked":["WaveOfTheHand","Sanctity"],"picked":"WheelKick","floor":0},{"not_picked":["Consecrate","CrushJoints"],"picked":"Swivel","floor":1},{"not_picked":["Sanctity","SashWhip","FlurryOfBlows"],"picked":"SKIP","floor":3},{"not_picked":["ForeignInfluence","Halt"],"picked":"Wallop","floor":5},{"not_picked":["WaveOfTheHand","ClearTheMind"],"picked":"WreathOfFlame","floor":6},{"not_picked":["FollowUp","InnerPeace"],"picked":"Halt","floor":11},{"not_picked":["CrushJoints","Evaluate","PathToVictory"],"picked":"SKIP","floor":13},{"not_picked":["Devotion","Vault"],"picked":"Ragnarok","floor":16},{"not_picked":["ThirdEye","Crescendo+1"],"picked":"EmptyFist+1","floor":18},{"not_picked":["FlyingSleeves","Protect"],"picked":"Adaptation","floor":19},{"not_picked":["SashWhip","Conclude","EmptyBody"],"picked":"SKIP","floor":20},{"not_picked":["ThirdEye+1","Adaptation","SignatureMove"],"picked":"SKIP","floor":21},{"not_picked":["Vengeance","FollowUp+1"],"picked":"Collect","floor":22},{"not_picked":["FlurryOfBlows","ConjureBlade"],"picked":"Evaluate+1","floor":23},{"not_picked":["ThirdEye","Consecrate","LikeWater"],"picked":"SKIP","floor":25},{"not_picked":["TalkToTheHand","Weave"],"picked":"MentalFortress+1","floor":27},{"not_picked":["Pray","Consecrate","EmptyMind"],"picked":"SKIP","floor":30},{"not_picked":["Prostrate","ThirdEye+1","Meditate"],"picked":"SKIP","floor":31},{"not_picked":["MasterReality","Devotion"],"picked":"SpiritShield","floor":33},{"not_picked":["SashWhip","SignatureMove"],"picked":"EmptyMind+1","floor":35},{"not_picked":["Evaluate","PathToVictory"],"picked":"Fasting2+1","floor":39},{"not_picked":["Halt","FlurryOfBlows","JustLucky+1"],"picked":"SKIP","floor":41},{"not_picked":["Sanctity+1","Wireheading+1","Crescendo","Weave"],"picked":"SKIP","floor":44},{"not_picked":["EmptyFist+1","FollowUp","Consecrate+1","JustLucky"],"picked":"SKIP","floor":48}],"player_experience":1440453,"relics_obtained":[{"floor":6,"key":"Omamori"},{"floor":9,"key":"Nunchaku"},{"floor":13,"key":"Akabeko"},{"floor":23,"key":"Regal Pillow"},{"floor":25,"key":"CloakClasp"},{"floor":26,"key":"Shuriken"},{"floor":39,"key":"Old Coin"},{"floor":41,"key":"Pen Nib"},{"floor":42,"key":"Lizard Tail"},{"floor":43,"key":"Question Card"}],"event_choices":[{"damage_healed":0,"gold_gain":0,"player_choice":"Grow","damage_taken":0,"max_hp_gain":0,"max_hp_loss":0,"event_name":"Living Wall","floor":2,"gold_loss":0,"cards_upgraded":["Eruption"]},{"cards_removed":["Strike_P"],"damage_healed":0,"gold_gain":0,"player_choice":"Card Removal","damage_taken":0,"max_hp_gain":0,"max_hp_loss":0,"event_name":"The Cleric","floor":4,"gold_loss":75},{"damage_healed":0,"gold_gain":0,"player_choice":"Entered Light","damage_taken":20,"max_hp_gain":0,"max_hp_loss":0,"event_name":"Shining Light","floor":8,"gold_loss":0,"cards_upgraded":["WheelKick","WreathOfFlame"]},{"damage_healed":0,"gold_gain":0,"player_choice":"Take Wound","damage_taken":0,"relics_obtained":["Golden Idol"],"max_hp_gain":0,"max_hp_loss":0,"event_name":"Golden Idol","floor":10,"gold_loss":0,"cards_obtained":["Injury"]},{"damage_healed":0,"gold_gain":0,"player_choice":"Bought 1 Potion","damage_taken":0,"max_hp_gain":0,"max_hp_loss":0,"event_name":"The Woman in Blue","floor":29,"gold_loss":0},{"damage_healed":0,"gold_gain":0,"player_choice":"Ignored","damage_taken":0,"max_hp_gain":0,"max_hp_loss":0,"event_name":"Tomb of Lord Red Mask","floor":36,"gold_loss":0},{"damage_healed":14,"gold_gain":0,"player_choice":"Writhe","damage_taken":0,"max_hp_gain":0,"max_hp_loss":0,"event_name":"Winding Halls","floor":38,"gold_loss":0,"cards_obtained":["Writhe"]},{"damage_healed":0,"gold_gain":0,"player_choice":"Fight","damage_taken":0,"max_hp_gain":0,"max_hp_loss":0,"event_name":"MindBloom","floor":39,"gold_loss":0},{"damage_healed":0,"gold_gain":0,"player_choice":"Fight","damage_taken":0,"max_hp_gain":0,"max_hp_loss":0,"event_name":"Mysterious Sphere","floor":42,"gold_loss":0},{"damage_healed":0,"gold_gain":333,"player_choice":"Gave Idol","damage_taken":0,"max_hp_gain":0,"max_hp_loss":0,"event_name":"The Moai Head","floor":47,"relics_lost":["Golden Idol"],"gold_loss":0}],"is_beta":false,"boss_relics":[{"not_picked":["Fusion Hammer","Velvet Choker"],"picked":"Sozu"},{"not_picked":["VioletLotus","Philosopher\u0027s Stone"],"picked":"Snecko Eye"}],"items_purged_floors":[],"is_endless":false,"potions_floor_spawned":[5,6,13,21,22,25,30,31,39,41,44],"ascension_level":17}