{"gold_per_floor":[118,118,118,118,146,190,190,216,216,237,237,259,270,429,429,509,518,518],"floor_reached":18,"playtime":471,"items_purged":[],"score":371,"play_id":"6e57ca3e-d470-4dd2-8c12-9ae313a29489","local_time":"20210517134707","is_ascension_mode":true,"campfire_choices":[{"floor":11,"key":"REST"},{"data":"PathToVictory","floor":15,"key":"SMITH"}],"neow_cost":"NONE","seed_source_timestamp":234692809692300,"circlet_count":0,"master_deck":["AscendersBane","Strike_P","Strike_P","Strike_P","Defend_P","Defend_P","Defend_P+1","Defend_P","Eruption","Vigilance","PathToVictory+1","PathToVictory+1","Consecrate","Vengeance","DeceiveReality","Doubt","Establishment","CurseOfTheBell"],"relics":["PureWater","NeowsBlessing","CeramicFish","Pantograph","Mummified Hand","TeardropLocket","Calling Bell","Regal Pillow","Singing Bowl","Unceasing Top"],"potions_floor_usage":[16,18],"damage_taken":[{"damage":0,"enemies":"Small Slimes","floor":1,"turns":2},{"damage":0,"enemies":"Jaw Worm","floor":5,"turns":1},{"damage":0,"enemies":"3 Sentries","floor":6,"turns":2},{"damage":38,"enemies":"Gremlin Nob","floor":8,"turns":4},{"damage":0,"enemies":"2 Louse","floor":10,"turns":2},{"damage":5,"enemies":"Blue Slaver","floor":12,"turns":4},{"damage":18,"enemies":"2 Fungi Beasts","floor":13,"turns":3},{"damage":39,"enemies":"Slime Boss","floor":16,"turns":9},{"damage":53,"enemies":"Chosen","floor":18,"turns":7}],"seed_played":"3980439725058630061","potions_obtained":[{"floor":5,"key":"StancePotion"},{"floor":8,"key":"GamblersBrew"}],"is_trial":false,"path_per_floor":["M","?","?","T","M","E","?","E","T","M","R","M","M","?","R","B",null,"M"],"character_chosen":"WATCHER","items_purchased":[],"campfire_rested":1,"item_purchase_floors":[],"current_hp_per_floor":[61,41,63,63,63,63,56,18,18,18,38,33,15,15,15,1,51,0],"gold":518,"neow_bonus":"THREE_ENEMY_KILL","is_prod":false,"is_daily":false,"chose_seed":false,"campfire_upgraded":1,"win_rate":0,"timestamp":1621273627,"path_taken":["M","?","?","?","M","E","?","E","T","M","R","M","M","?","R","BOSS","M"],"build_version":"2020-12-22","purchased_purges":0,"victory":false,"max_hp_per_floor":[68,68,68,68,68,68,68,68,68,68,68,68,68,68,68,68,68,68],"card_choices":[{"not_picked":["Consecrate","EmptyBody"],"picked":"PathToVictory","floor":1},{"not_picked":["Protect","Evaluate"],"picked":"PathToVictory","floor":5},{"not_picked":["Weave","FollowUp"],"picked":"Consecrate","floor":6},{"not_picked":["JustLucky","Crescendo","DevaForm"],"picked":"SKIP","floor":8},{"not_picked":["Perseverance","CutThroughFate"],"picked":"Vengeance","floor":10},{"not_picked":["BattleHymn","Crescendo"],"picked":"DeceiveReality","floor":12},{"not_picked":["Consecrate","Protect","JustLucky"],"picked":"SKIP","floor":13},{"not_picked":["Omniscience","DeusExMachina"],"picked":"Establishment","floor":16}],"player_experience":1464827,"relics_obtained":[{"floor":4,"key":"CeramicFish"},{"floor":6,"key":"Pantograph"},{"floor":8,"key":"Mummified Hand"},{"floor":9,"key":"TeardropLocket"},{"floor":17,"key":"Regal Pillow"},{"floor":17,"key":"Singing Bowl"},{"floor":17,"key":"Unceasing Top"}],"event_choices":[{"damage_healed":0,"gold_gain":0,"player_choice":"Entered Light","damage_taken":20,"max_hp_gain":0,"max_hp_loss":0,"event_name":"Shining Light","floor":2,"gold_loss":0,"cards_upgraded":["PathToVictory","Defend_P"]},{"damage_healed":22,"gold_gain":0,"player_choice":"Banana","damage_taken":0,"max_hp_gain":0,"max_hp_loss":0,"event_name":"Big Fish","floor":3,"gold_loss":0},{"cards_removed":["Strike_P"],"damage_healed":0,"gold_gain":0,"player_choice":"Card Removal","damage_taken":7,"max_hp_gain":0,"max_hp_loss":0,"event_name":"Golden Wing","floor":7,"gold_loss":0},{"damage_healed":0,"gold_gain":150,"player_choice":"AGREE","damage_taken":0,"max_hp_gain":0,"max_hp_loss":0,"event_name":"Liars Game","floor":14,"gold_loss":0,"cards_obtained":["Doubt"]}],"is_beta":false,"boss_relics":[{"not_picked":["Runic Dome","Runic Pyramid"],"picked":"Calling Bell"}],"items_purged_floors":[],"is_endless":false,"potions_floor_spawned":[5,8,12],"killed_by":"Chosen","ascension_level":18}