{"gold_per_floor":[119,119,143,68,133,176,194,238,283,314,334,334,334,349,349,438,438,463,488,488,488,488],"floor_reached":22,"playtime":681,"items_purged":[],"score":530,"play_id":"609da5f7-8814-4e8b-aee8-cfefe0961dce","local_time":"20210710233510","is_ascension_mode":true,"campfire_choices":[{"data":"Eruption","floor":13,"key":"SMITH"},{"data":"SignatureMove","floor":15,"key":"SMITH"}],"neow_cost":"NONE","seed_source_timestamp":1466003853434800,"circlet_count":0,"master_deck":["AscendersBane","Strike_P","Strike_P","Defend_P","Defend_P","Defend_P","Defend_P","Eruption+1","Vigilance","SignatureMove+1","Pray","Swivel","Indignation","TalkToTheHand+1","Collect","LessonLearned+1"],"relics":["PureWater","NeowsBlessing","Golden Idol","Yang","Happy Flower","Smiling Mask","Singing Bowl","Black Star"],"potions_floor_usage":[6,8,10,14,19,19],"damage_taken":[{"damage":0,"enemies":"2 Louse","floor":1,"turns":1},{"damage":0,"enemies":"Jaw Worm","floor":3,"turns":1},{"damage":0,"enemies":"Gremlin Nob","floor":6,"turns":1},{"damage":2,"enemies":"Small Slimes","floor":7,"turns":4},{"damage":9,"enemies":"Lagavulin","floor":8,"turns":6},{"damage":0,"enemies":"Gremlin Nob","floor":10,"turns":1},{"damage":0,"enemies":"3 Louse","floor":11,"turns":2},{"damage":21,"enemies":"Large Slime","floor":14,"turns":6},{"damage":10,"enemies":"Hexaghost","floor":16,"turns":9},{"damage":19,"enemies":"Spheric Guardian","floor":18,"turns":4},{"damage":1,"enemies":"3 Byrds","floor":19,"turns":2},{"damage":52,"enemies":"3 Cultists","floor":22,"turns":5}],"seed_played":"-5789564202347148393","potions_obtained":[{"floor":1,"key":"EntropicBrew"},{"floor":8,"key":"Weak Potion"},{"floor":11,"key":"Fire Potion"},{"floor":16,"key":"LiquidBronze"}],"is_trial":false,"path_per_floor":["M","?","M","?","?","E","M","E","T","E","M","?","R","M","R","B",null,"M","M","?","?","M"],"character_chosen":"WATCHER","items_purchased":[],"campfire_rested":0,"item_purchase_floors":[],"current_hp_per_floor":[61,61,61,61,61,61,59,50,50,52,54,54,54,33,33,23,60,43,44,44,44,0],"gold":488,"neow_bonus":"THREE_ENEMY_KILL","is_prod":false,"is_daily":false,"chose_seed":false,"campfire_upgraded":2,"win_rate":0,"timestamp":1625974510,"path_taken":["M","?","M","?","?","E","M","E","T","E","M","?","R","M","R","BOSS","M","M","?","?","M"],"build_version":"2020-12-22","purchased_purges":0,"victory":false,"max_hp_per_floor":[68,68,68,68,68,68,68,68,68,70,72,72,72,72,72,72,72,74,76,76,76,76],"card_choices":[{"not_picked":["PathToVictory","WheelKick"],"picked":"SignatureMove","floor":1},{"not_picked":["PathToVictory","FearNoEvil"],"picked":"Pray","floor":3},{"not_picked":["SashWhip","Fasting2","CrushJoints"],"picked":"SKIP","floor":6},{"not_picked":["Nirvana","EmptyBody"],"picked":"Swivel","floor":7},{"not_picked":["CutThroughFate","DeceiveReality"],"picked":"Indignation","floor":8},{"not_picked":["Establishment","FlurryOfBlows","Meditate"],"picked":"Singing Bowl","floor":10},{"not_picked":["Consecrate","EmptyBody","CutThroughFate"],"picked":"Singing Bowl","floor":11},{"not_picked":["Tantrum","Nirvana"],"picked":"Collect","floor":14},{"not_picked":["DevaForm","Establishment"],"picked":"LessonLearned","floor":16},{"not_picked":["CrushJoints+1","SignatureMove","FollowUp"],"picked":"Singing Bowl","floor":18},{"not_picked":["Consecrate","ThirdEye","JustLucky"],"picked":"Singing Bowl","floor":19}],"player_experience":1480384,"relics_obtained":[{"floor":6,"key":"Yang"},{"floor":8,"key":"Happy Flower"},{"floor":9,"key":"Smiling Mask"},{"floor":10,"key":"Singing Bowl"}],"event_choices":[{"damage_healed":0,"gold_gain":0,"player_choice":"Take Wound","damage_taken":0,"relics_obtained":["Golden Idol"],"max_hp_gain":0,"max_hp_loss":0,"event_name":"Golden Idol","floor":2,"gold_loss":0,"cards_obtained":["Injury"]},{"cards_removed":["Injury"],"damage_healed":0,"gold_gain":0,"player_choice":"Card Removal","damage_taken":0,"max_hp_gain":0,"max_hp_loss":0,"event_name":"The Cleric","floor":4,"gold_loss":75},{"damage_healed":0,"gold_gain":65,"player_choice":"Gained Gold","damage_taken":0,"max_hp_gain":0,"max_hp_loss":0,"event_name":"Golden Wing","floor":5,"gold_loss":0},{"damage_healed":0,"gold_gain":0,"cards_transformed":["Strike_P"],"player_choice":"Change","damage_taken":0,"max_hp_gain":0,"max_hp_loss":0,"event_name":"Living Wall","floor":12,"gold_loss":0,"cards_obtained":["TalkToTheHand"]},{"damage_healed":0,"gold_gain":0,"player_choice":"Ignored","damage_taken":0,"max_hp_gain":0,"max_hp_loss":0,"event_name":"Vampires","floor":20,"gold_loss":0},{"cards_removed":["Strike_P"],"damage_healed":0,"gold_gain":0,"player_choice":"Card Removal","damage_taken":0,"max_hp_gain":0,"max_hp_loss":0,"event_name":"Wheel of Change","floor":21,"gold_loss":0}],"is_beta":false,"boss_relics":[{"not_picked":["Runic Pyramid","Snecko Eye"],"picked":"Black Star"}],"items_purged_floors":[],"is_endless":false,"potions_floor_spawned":[1,6,8,11,16],"killed_by":"3 Cultists","ascension_level":18}