{"gold_per_floor":[364,364,380,380,23,76,88,100,112,154,246,258,301,152,152,251,251,288,128,171,221,281,341,341,341],"floor_reached":25,"playtime":737,"items_purged":[],"score":494,"play_id":"a9610127-54ed-47cd-8b89-c7133a83fbef","local_time":"20210710234749","is_ascension_mode":true,"campfire_choices":[{"data":"HandOfGreed","floor":7,"key":"SMITH"},{"data":"Eruption","floor":15,"key":"SMITH"},{"data":"SandsOfTime","floor":24,"key":"SMITH"}],"neow_cost":"PERCENT_DAMAGE","seed_source_timestamp":1466707813055700,"circlet_count":0,"master_deck":["AscendersBane","Strike_P","Strike_P","Defend_P","Defend_P+1","Defend_P+1","Defend_P","Eruption+1","Vigilance","PathToVictory","Halt","HandOfGreed+1","WheelKick","BattleHymn","Meditate","SandsOfTime+1","Scrawl","Swivel+1","MasterReality"],"relics":["PureWater","Meat on the Bone","Lee\u0027s Waffle","MawBank","Juzu Bracelet","Question Card","Bronze Scales","War Paint","Coffee Dripper","HandDrill","White Beast Statue"],"potions_floor_usage":[16,22],"damage_taken":[{"damage":1,"enemies":"2 Louse","floor":1,"turns":5},{"damage":6,"enemies":"Small Slimes","floor":3,"turns":4},{"damage":19,"enemies":"Lagavulin","floor":6,"turns":4},{"damage":30,"enemies":"3 Sentries","floor":11,"turns":6},{"damage":0,"enemies":"Lagavulin","floor":13,"turns":3},{"damage":15,"enemies":"Hexaghost","floor":16,"turns":5},{"damage":0,"enemies":"Chosen","floor":18,"turns":2},{"damage":0,"enemies":"Spheric Guardian","floor":20,"turns":1},{"damage":23,"enemies":"Shelled Parasite and Fungi","floor":22,"turns":5},{"damage":39,"enemies":"Gremlin Leader","floor":23,"turns":6},{"damage":18,"enemies":"Snake Plant","floor":25,"turns":2}],"seed_played":"8485885775903410832","potions_obtained":[{"floor":1,"key":"GamblersBrew"},{"floor":13,"key":"SkillPotion"},{"floor":16,"key":"SteroidPotion"},{"floor":18,"key":"AttackPotion"}],"is_trial":false,"path_per_floor":["M","?","M","?","$","E","R","?","T","?","E","?","E","$","R","B",null,"M","$","M","?","M","E","R","M"],"character_chosen":"WATCHER","items_purchased":["HandOfGreed","Lee\u0027s Waffle","War Paint","HandDrill"],"campfire_rested":0,"item_purchase_floors":[5,5,14,19],"current_hp_per_floor":[42,42,36,29,75,56,56,56,56,56,38,38,38,38,38,35,65,65,65,65,65,42,15,15,0],"gold":341,"neow_bonus":"TWO_FIFTY_GOLD","is_prod":false,"is_daily":false,"chose_seed":false,"campfire_upgraded":3,"win_rate":0,"timestamp":1625975269,"path_taken":["M","?","M","?","$","E","R","?","T","?","E","?","E","?","R","BOSS","M","$","M","?","M","E","R","M"],"build_version":"2020-12-22","purchased_purges":0,"victory":false,"max_hp_per_floor":[68,68,68,68,75,75,75,75,75,75,75,75,75,75,75,75,75,75,75,75,75,75,75,75,75],"card_choices":[{"not_picked":["SashWhip","Crescendo"],"picked":"PathToVictory","floor":1},{"not_picked":["FearNoEvil","FlyingSleeves"],"picked":"Halt","floor":3},{"not_picked":["ReachHeaven","FlyingSleeves"],"picked":"WheelKick","floor":6},{"not_picked":["DeceiveReality","FlyingSleeves"],"picked":"Meditate","floor":11},{"not_picked":["ForeignInfluence","InnerPeace","CarveReality","WaveOfTheHand"],"picked":"SKIP","floor":13},{"not_picked":["Omniscience","DevaForm","Wish"],"picked":"Scrawl","floor":16},{"not_picked":["BowlingBash","PathToVictory","FlyingSleeves"],"picked":"Swivel+1","floor":18},{"not_picked":["FlurryOfBlows","Weave+1","Tantrum","Protect"],"picked":"SKIP","floor":20},{"not_picked":["ReachHeaven","Evaluate","Conclude"],"picked":"MasterReality","floor":22},{"not_picked":["Protect","Weave","PathToVictory","TalkToTheHand+1"],"picked":"SKIP","floor":23}],"player_experience":1481065,"relics_obtained":[{"floor":6,"key":"MawBank"},{"floor":9,"key":"Juzu Bracelet"},{"floor":11,"key":"Question Card"},{"floor":13,"key":"Bronze Scales"},{"floor":23,"key":"White Beast Statue"}],"event_choices":[{"damage_healed":0,"gold_gain":0,"player_choice":"Box","damage_taken":0,"relics_obtained":["Meat on the Bone"],"max_hp_gain":0,"max_hp_loss":0,"event_name":"Big Fish","floor":2,"gold_loss":0,"cards_obtained":["Regret"]},{"cards_removed":["Regret"],"damage_healed":0,"gold_gain":0,"player_choice":"Card Removal","damage_taken":7,"max_hp_gain":0,"max_hp_loss":0,"event_name":"Golden Wing","floor":4,"gold_loss":0},{"damage_healed":0,"gold_gain":0,"cards_transformed":["Strike_P"],"player_choice":"Change","damage_taken":0,"max_hp_gain":0,"max_hp_loss":0,"event_name":"Living Wall","floor":8,"gold_loss":0,"cards_obtained":["BattleHymn"]},{"damage_healed":0,"gold_gain":30,"player_choice":"Searched \u00271\u0027 times","damage_taken":0,"max_hp_gain":0,"max_hp_loss":0,"event_name":"Dead Adventurer","floor":10,"gold_loss":0},{"damage_healed":0,"gold_gain":0,"cards_transformed":["Strike_P"],"player_choice":"Transformed","damage_taken":0,"max_hp_gain":0,"max_hp_loss":0,"event_name":"Transmorgrifier","floor":12,"gold_loss":0,"cards_obtained":["SandsOfTime"]},{"damage_healed":0,"gold_gain":50,"player_choice":"Stole From Cult","damage_taken":0,"max_hp_gain":0,"max_hp_loss":0,"event_name":"Nest","floor":21,"gold_loss":0}],"is_beta":false,"boss_relics":[{"not_picked":["Runic Dome","Pandora\u0027s Box"],"picked":"Coffee Dripper"}],"items_purged_floors":[],"is_endless":false,"potions_floor_spawned":[1,13,16,18,20],"killed_by":"Snake Plant","ascension_level":18}