{"gold_per_floor":[111,111,122,133,153,153,184,184,263,263,296,136,286,286,286,365,365,396,408,420,446,468,480,525,537,576,621,633,10,0,0],"floor_reached":31,"playtime":977,"items_purged":[],"score":577,"play_id":"4ca6c64a-c542-4245-8793-6c56d556c3ab","local_time":"20210701120126","is_ascension_mode":true,"campfire_choices":[{"data":"1","floor":6,"key":"LIFT"},{"data":"2","floor":8,"key":"LIFT"},{"data":"3","floor":10,"key":"LIFT"},{"floor":15,"key":"REST"},{"floor":23,"key":"REST"},{"data":"Doubt","floor":25,"key":"PURGE"}],"neow_cost":"CURSE","seed_source_timestamp":646481664432200,"circlet_count":0,"master_deck":["AscendersBane","Strike_P+1","Strike_P+1","Strike_P+1","Strike_P+1","Defend_P+1","Defend_P+1","Defend_P+1","Defend_P+1","Eruption+1","Vigilance","FlyingSleeves","SignatureMove+1","ThirdEye+1","Adaptation+1","LessonLearned","Vault","CurseOfTheBell","BowlingBash+1","Crescendo","Tantrum"],"relics":["PureWater","Girya","Spirit Poop","Peace Pipe","White Beast Statue","Damaru","Lantern","Incense Burner","Calling Bell","MawBank","The Courier","GoldenEye","Ancient Tea Set","Oddly Smooth Stone","InkBottle","MutagenicStrength","ClockworkSouvenir","Akabeko","CaptainsWheel","Bronze Scales"],"potions_floor_usage":[5,7,16,18,18,22,24,24,27,31],"damage_taken":[{"damage":11,"enemies":"Small Slimes","floor":1,"turns":3},{"damage":9,"enemies":"Cultist","floor":3,"turns":4},{"damage":0,"enemies":"2 Louse","floor":4,"turns":5},{"damage":0,"enemies":"2 Fungi Beasts","floor":5,"turns":2},{"damage":0,"enemies":"Gremlin Nob","floor":7,"turns":1},{"damage":2,"enemies":"3 Sentries","floor":11,"turns":3},{"damage":2,"enemies":"Slime Boss","floor":16,"turns":8},{"damage":18,"enemies":"3 Byrds","floor":18,"turns":10},{"damage":12,"enemies":"2 Thieves","floor":21,"turns":4},{"damage":0,"enemies":"Snake Plant","floor":22,"turns":3},{"damage":2,"enemies":"Gremlin Leader","floor":24,"turns":7},{"damage":41,"enemies":"Book of Stabbing","floor":27,"turns":6},{"damage":15,"enemies":"Centurion and Healer","floor":31,"turns":2}],"seed_played":"-9018819227252256518","potions_obtained":[{"floor":1,"key":"AttackPotion"},{"floor":4,"key":"StancePotion"},{"floor":7,"key":"ColorlessPotion"},{"floor":11,"key":"BlessingOfTheForge"},{"floor":16,"key":"Swift Potion"},{"floor":18,"key":"SteroidPotion"},{"floor":21,"key":"LiquidMemories"},{"floor":22,"key":"DistilledChaos"},{"floor":24,"key":"SkillPotion"},{"floor":27,"key":"AttackPotion"}],"is_trial":false,"path_per_floor":["M","?","M","M","M","R","E","R","T","R","E","$","?","?","R","B",null,"M","?","T","M","M","R","E","R","T","E","?","$","?","M"],"character_chosen":"WATCHER","items_purchased":["Lantern","ClockworkSouvenir","Akabeko","CaptainsWheel","Bronze Scales"],"campfire_rested":2,"item_purchase_floors":[12,29,29,29,29],"current_hp_per_floor":[50,50,41,41,41,41,41,41,41,41,39,39,39,28,47,45,60,42,42,42,30,30,49,47,47,47,6,6,6,6,0],"gold":0,"neow_bonus":"ONE_RARE_RELIC","is_prod":false,"is_daily":false,"chose_seed":false,"campfire_upgraded":0,"win_rate":0,"timestamp":1625155286,"path_taken":["M","?","?","M","M","R","E","R","T","R","E","$","?","?","R","BOSS","M","?","?","?","M","R","E","R","T","E","?","$","?","M"],"build_version":"2020-12-22","purchased_purges":0,"victory":false,"max_hp_per_floor":[68,65,65,65,65,65,65,65,65,65,65,65,65,65,65,65,65,65,65,65,65,65,65,65,65,65,65,65,65,65,65],"card_choices":[{"not_picked":["Consecrate","Evaluate"],"picked":"FlyingSleeves","floor":1},{"not_picked":["EmptyFist","SashWhip"],"picked":"SignatureMove","floor":3},{"not_picked":["Adaptation","ClearTheMind"],"picked":"ThirdEye","floor":4},{"not_picked":["ClearTheMind","Judgement","ThirdEye"],"picked":"SKIP","floor":5},{"not_picked":["ThirdEye","LikeWater"],"picked":"Adaptation","floor":7},{"not_picked":["FearNoEvil","CarveReality"],"picked":"LessonLearned","floor":11},{"not_picked":["Blasphemy","Judgement"],"picked":"Vault","floor":16},{"not_picked":["Conclude","ThirdEye"],"picked":"BowlingBash+1","floor":18},{"not_picked":["BowlingBash","ClearTheMind"],"picked":"Crescendo","floor":21},{"not_picked":["EmptyBody","Study","Prostrate"],"picked":"SKIP","floor":22},{"not_picked":["Adaptation","CrushJoints"],"picked":"Tantrum","floor":24},{"not_picked":["CrushJoints","CutThroughFate","DeceiveReality"],"picked":"SKIP","floor":27}],"player_experience":1478653,"relics_obtained":[{"floor":7,"key":"Peace Pipe"},{"floor":9,"key":"White Beast Statue"},{"floor":11,"key":"Damaru"},{"floor":17,"key":"MawBank"},{"floor":17,"key":"The Courier"},{"floor":17,"key":"GoldenEye"},{"floor":20,"key":"Ancient Tea Set"},{"floor":24,"key":"Oddly Smooth Stone"},{"floor":27,"key":"InkBottle"}],"event_choices":[{"cards_removed":["Parasite"],"damage_healed":0,"gold_gain":0,"player_choice":"Offered Curse","damage_taken":0,"relics_obtained":["Spirit Poop"],"max_hp_gain":0,"max_hp_loss":0,"event_name":"Bonfire Elementals","floor":2,"gold_loss":0},{"damage_healed":0,"gold_gain":150,"player_choice":"AGREE","damage_taken":0,"max_hp_gain":0,"max_hp_loss":0,"event_name":"Liars Game","floor":13,"gold_loss":0,"cards_obtained":["Doubt"]},{"damage_healed":0,"gold_gain":0,"player_choice":"Success","damage_taken":11,"relics_obtained":["Incense Burner"],"max_hp_gain":0,"max_hp_loss":0,"event_name":"Scrap Ooze","floor":14,"gold_loss":0},{"damage_healed":0,"gold_gain":0,"player_choice":"Simplicity","damage_taken":0,"max_hp_gain":0,"max_hp_loss":0,"event_name":"Back to Basics","floor":19,"gold_loss":0,"cards_upgraded":["Strike_P","Strike_P","Strike_P","Strike_P","Defend_P","Defend_P","Defend_P","Defend_P"]},{"damage_healed":0,"gold_gain":0,"player_choice":"Inject Mutagens","damage_taken":0,"relics_obtained":["MutagenicStrength"],"max_hp_gain":0,"max_hp_loss":0,"event_name":"Drug Dealer","floor":28,"gold_loss":0},{"damage_healed":0,"gold_gain":0,"player_choice":"Paid Fearfully","damage_taken":0,"max_hp_gain":0,"max_hp_loss":0,"event_name":"Masked Bandits","floor":30,"gold_loss":10}],"is_beta":false,"boss_relics":[{"not_picked":["Fusion Hammer","Velvet Choker"],"picked":"Calling Bell"}],"items_purged_floors":[],"is_endless":false,"potions_floor_spawned":[1,4,7,11,16,18,21,22,24,27],"killed_by":"Centurion and Healer","ascension_level":18}