{"gold_per_floor":[119,119,119,139,159,159,194,194,218,250,260,290,290,365,365,439,439,457,507,517,166,166,166,166],"floor_reached":24,"playtime":601,"items_purged":[],"score":450,"play_id":"da743c27-3386-41e4-a61f-67051448b988","local_time":"20210710232047","is_ascension_mode":true,"campfire_choices":[{"floor":6,"key":"REST"},{"data":"Alpha","floor":8,"key":"SMITH"},{"floor":13,"key":"REST"},{"floor":15,"key":"REST"},{"floor":23,"key":"REST"}],"neow_cost":"NONE","seed_source_timestamp":1465221162691200,"circlet_count":0,"master_deck":["AscendersBane","Defend_P","Defend_P","Defend_P","Defend_P","Eruption","Vigilance","Scrawl","Worship","Alpha+1","Indignation","Wallop","Pray","Conclude","Worship","LessonLearned","BattleHymn+1","Tantrum+1","WreathOfFlame+1","Protect+1","Apotheosis"],"relics":["PureWater","Bag of Marbles","Potion Belt","Ancient Tea Set","Bronze Scales","Turnip","Astrolabe","Omamori"],"potions_floor_usage":[7,12,18,18,18],"damage_taken":[{"damage":0,"enemies":"Cultist","floor":1,"turns":2},{"damage":15,"enemies":"Jaw Worm","floor":4,"turns":6},{"damage":0,"enemies":"Small Slimes","floor":5,"turns":1},{"damage":16,"enemies":"3 Sentries","floor":7,"turns":4},{"damage":0,"enemies":"Lagavulin","floor":10,"turns":4},{"damage":0,"enemies":"3 Louse","floor":11,"turns":1},{"damage":16,"enemies":"Gremlin Nob","floor":12,"turns":3},{"damage":38,"enemies":"The Guardian","floor":16,"turns":7},{"damage":13,"enemies":"Shell Parasite","floor":18,"turns":3},{"damage":9,"enemies":"2 Thieves","floor":20,"turns":3},{"damage":58,"enemies":"Centurion and Healer","floor":24,"turns":3}],"seed_played":"-8590783130630637124","potions_obtained":[{"floor":1,"key":"Weak Potion"},{"floor":7,"key":"Fire Potion"},{"floor":11,"key":"FearPotion"},{"floor":12,"key":"StancePotion"},{"floor":16,"key":"Block Potion"},{"floor":20,"key":"CultistPotion"}],"is_trial":false,"path_per_floor":["M","?","?","M","M","R","E","R","T","E","M","E","R","?","R","B",null,"M","?","M","$","?","R","M"],"character_chosen":"WATCHER","items_purchased":["Apotheosis","Omamori"],"campfire_rested":4,"item_purchase_floors":[21,21],"current_hp_per_floor":[61,43,43,28,28,48,32,32,32,32,32,16,36,25,45,7,53,40,40,31,31,31,51,0],"gold":166,"neow_bonus":"ONE_RANDOM_RARE_CARD","is_prod":false,"is_daily":false,"chose_seed":false,"campfire_upgraded":1,"win_rate":0,"timestamp":1625973647,"path_taken":["M","?","?","M","M","R","E","R","T","E","M","E","R","?","R","BOSS","M","?","M","$","?","R","M"],"build_version":"2020-12-22","purchased_purges":0,"victory":false,"max_hp_per_floor":[68,68,68,68,68,68,68,68,68,68,68,68,68,68,68,68,68,68,68,68,68,68,68,68],"card_choices":[{"not_picked":["EmptyFist","CrushJoints"],"picked":"Worship","floor":1},{"not_picked":["Vengeance","Crescendo"],"picked":"Indignation","floor":4},{"not_picked":["ReachHeaven","WindmillStrike"],"picked":"Wallop","floor":5},{"not_picked":["EmptyMind","FlyingSleeves"],"picked":"Pray","floor":7},{"not_picked":["Indignation","ThirdEye"],"picked":"Conclude","floor":10},{"not_picked":["DeceiveReality","Weave","CarveReality"],"picked":"SKIP","floor":11},{"not_picked":["PathToVictory","ForeignInfluence"],"picked":"Worship","floor":12},{"not_picked":["Scrawl","ConjureBlade"],"picked":"LessonLearned","floor":16},{"not_picked":["Weave","SashWhip","EmptyBody"],"picked":"SKIP","floor":18},{"not_picked":["EmptyFist+1","Indignation"],"picked":"Protect+1","floor":20}],"player_experience":1479630,"relics_obtained":[{"floor":7,"key":"Potion Belt"},{"floor":9,"key":"Ancient Tea Set"},{"floor":10,"key":"Bronze Scales"},{"floor":12,"key":"Turnip"}],"event_choices":[{"damage_healed":0,"gold_gain":0,"player_choice":"Success","damage_taken":18,"relics_obtained":["Bag of Marbles"],"max_hp_gain":0,"max_hp_loss":0,"event_name":"Scrap Ooze","floor":2,"gold_loss":0},{"damage_healed":0,"gold_gain":0,"cards_transformed":["Strike_P"],"player_choice":"Change","damage_taken":0,"max_hp_gain":0,"max_hp_loss":0,"event_name":"Living Wall","floor":3,"gold_loss":0,"cards_obtained":["Alpha"]},{"damage_healed":0,"gold_gain":75,"player_choice":"Gather Gold","damage_taken":11,"max_hp_gain":0,"max_hp_loss":0,"event_name":"World of Goop","floor":14,"gold_loss":0},{"damage_healed":0,"gold_gain":50,"player_choice":"Stole From Cult","damage_taken":0,"max_hp_gain":0,"max_hp_loss":0,"event_name":"Nest","floor":19,"gold_loss":0},{"damage_healed":0,"gold_gain":0,"player_choice":"Smashed Altar","damage_taken":0,"max_hp_gain":0,"max_hp_loss":0,"event_name":"Forgotten Altar","floor":22,"gold_loss":0,"cards_obtained":["Decay"]}],"is_beta":false,"boss_relics":[{"not_picked":["Runic Dome","Tiny House"],"picked":"Astrolabe"}],"items_purged_floors":[],"is_endless":false,"potions_floor_spawned":[1,7,11,12,16,20],"killed_by":"Centurion and Healer","ascension_level":18}