{"gold_per_floor":[111,111,122,138,82,109,109,30,75,103,103,103],"floor_reached":12,"playtime":422,"items_purged":[],"score":163,"play_id":"175a294d-89be-4718-b8b0-cd77df47a9a2","local_time":"20210716155124","is_ascension_mode":true,"campfire_choices":[{"floor":7,"key":"REST"},{"data":"Eruption","floor":11,"key":"SMITH"}],"neow_cost":"NONE","seed_source_timestamp":1956838598014300,"circlet_count":0,"master_deck":["AscendersBane","Strike_P","Strike_P","Strike_P","Defend_P","Defend_P","Defend_P","Defend_P","Eruption+1","Vigilance","EmptyFist","Collect","Indignation","MasterReality","BowlingBash","ForeignInfluence"],"relics":["PureWater","NeowsBlessing","Anchor","Nunchaku","Orichalcum"],"potions_floor_usage":[10],"damage_taken":[{"damage":0,"enemies":"2 Louse","floor":1,"turns":1},{"damage":0,"enemies":"Cultist","floor":3,"turns":1},{"damage":0,"enemies":"Jaw Worm","floor":4,"turns":1},{"damage":32,"enemies":"Lagavulin","floor":6,"turns":6},{"damage":10,"enemies":"3 Sentries","floor":10,"turns":4},{"damage":42,"enemies":"Lagavulin","floor":12,"turns":3}],"seed_played":"-4833082060632789255","potions_obtained":[{"floor":4,"key":"LiquidBronze"},{"floor":6,"key":"SteroidPotion"}],"is_trial":false,"path_per_floor":["M","?","M","M","$","E","R","$","T","E","R","E"],"character_chosen":"WATCHER","items_purchased":["BowlingBash","ForeignInfluence"],"campfire_rested":1,"item_purchase_floors":[5,8],"current_hp_per_floor":[61,61,61,61,61,29,49,49,49,39,39,0],"gold":103,"neow_bonus":"THREE_ENEMY_KILL","is_prod":false,"is_daily":false,"chose_seed":false,"campfire_upgraded":1,"win_rate":0,"timestamp":1626465084,"path_taken":["M","?","M","?","$","E","R","$","T","E","R","E"],"build_version":"2020-12-22","purchased_purges":0,"victory":false,"max_hp_per_floor":[68,68,68,68,68,68,68,68,68,68,68,68],"card_choices":[{"not_picked":["Halt","EmptyBody"],"picked":"EmptyFist","floor":1},{"not_picked":["Weave","Adaptation"],"picked":"Indignation","floor":3},{"not_picked":["ThirdEye","Prostrate"],"picked":"MasterReality","floor":4},{"not_picked":["Adaptation","Perseverance","TalkToTheHand"],"picked":"SKIP","floor":6},{"not_picked":["Prostrate","EmptyFist","FlyingSleeves"],"picked":"SKIP","floor":10}],"player_experience":1491204,"relics_obtained":[{"floor":6,"key":"Anchor"},{"floor":9,"key":"Nunchaku"},{"floor":10,"key":"Orichalcum"}],"event_choices":[{"damage_healed":0,"gold_gain":0,"cards_transformed":["Strike_P"],"player_choice":"Transformed","damage_taken":0,"max_hp_gain":0,"max_hp_loss":0,"event_name":"Transmorgrifier","floor":2,"gold_loss":0,"cards_obtained":["Collect"]}],"is_beta":false,"boss_relics":[],"items_purged_floors":[],"is_endless":false,"potions_floor_spawned":[4,6],"killed_by":"Lagavulin","ascension_level":18}