{"gold_per_floor":[119,269,269,286,286,319,319,331,331,331,343,343,359,207,207,283,283,300,300],"floor_reached":19,"playtime":602,"items_purged":["Regret"],"score":365,"play_id":"9c4c6ad1-ffb5-4dd4-8acb-fc3551d70698","local_time":"20210719234931","is_ascension_mode":true,"campfire_choices":[{"data":"Eruption","floor":7,"key":"SMITH"},{"data":"Protect","floor":15,"key":"SMITH"}],"neow_cost":"NONE","seed_source_timestamp":58672189594100,"circlet_count":0,"master_deck":["AscendersBane","Strike_P","Strike_P","Defend_P","Defend_P","Defend_P","Defend_P","Eruption+1","Vigilance","FlurryOfBlows","FlurryOfBlows","BowlingBash","Protect+1","InnerPeace","SpiritShield","Wireheading","Omniscience"],"relics":["PureWater","Strawberry","GoldenEye","Pear","Bag of Marbles","Philosopher\u0027s Stone"],"potions_floor_usage":[6],"damage_taken":[{"damage":0,"enemies":"2 Louse","floor":1,"turns":2},{"damage":0,"enemies":"Cultist","floor":4,"turns":3},{"damage":0,"enemies":"Gremlin Nob","floor":6,"turns":2},{"damage":9,"enemies":"Jaw Worm","floor":8,"turns":6},{"damage":0,"enemies":"Large Slime","floor":11,"turns":4},{"damage":3,"enemies":"3 Louse","floor":13,"turns":3},{"damage":28,"enemies":"Slime Boss","floor":16,"turns":12},{"damage":37,"enemies":"2 Thieves","floor":18,"turns":5},{"damage":35,"enemies":"Masked Bandits","floor":19,"turns":5}],"seed_played":"2131709591258575678","potions_obtained":[{"floor":1,"key":"Strength Potion"},{"floor":4,"key":"LiquidBronze"},{"floor":8,"key":"Dexterity Potion"}],"is_trial":false,"path_per_floor":["M","?","?","M","?","E","R","M","T","?","M","?","M","$","R","B",null,"M","?"],"character_chosen":"WATCHER","items_purchased":["Wireheading"],"campfire_rested":0,"item_purchase_floors":[14],"current_hp_per_floor":[68,68,68,68,61,61,61,52,62,62,62,62,59,59,59,31,72,35,0],"gold":300,"neow_bonus":"RANDOM_COMMON_RELIC","is_prod":false,"is_daily":false,"chose_seed":false,"campfire_upgraded":2,"win_rate":0,"timestamp":1626752971,"path_taken":["M","?","?","M","?","E","R","M","T","?","?","?","M","$","R","BOSS","M","?"],"build_version":"2020-12-22","purchased_purges":1,"victory":false,"max_hp_per_floor":[75,75,75,75,75,75,75,75,85,85,85,85,85,85,85,85,85,85,85],"card_choices":[{"not_picked":["CarveReality","Indignation"],"picked":"FlurryOfBlows","floor":1},{"not_picked":["Prostrate","BowlingBash"],"picked":"FlurryOfBlows","floor":4},{"not_picked":["SignatureMove","CarveReality"],"picked":"BowlingBash","floor":6},{"not_picked":["ForeignInfluence","EmptyFist"],"picked":"Protect","floor":8},{"not_picked":["Consecrate","WaveOfTheHand"],"picked":"InnerPeace","floor":11},{"not_picked":["Crescendo","Evaluate"],"picked":"SpiritShield","floor":13},{"not_picked":["SpiritShield","ConjureBlade"],"picked":"Omniscience","floor":16},{"not_picked":["Halt","BattleHymn","CutThroughFate+1"],"picked":"SKIP","floor":18}],"player_experience":1502830,"relics_obtained":[{"floor":6,"key":"GoldenEye"},{"floor":9,"key":"Pear"}],"event_choices":[{"damage_healed":0,"gold_gain":150,"player_choice":"AGREE","damage_taken":0,"max_hp_gain":0,"max_hp_loss":0,"event_name":"Liars Game","floor":2,"gold_loss":0,"cards_obtained":["Doubt"]},{"cards_removed":["Doubt"],"damage_healed":0,"gold_gain":0,"player_choice":"Forget","damage_taken":0,"max_hp_gain":0,"max_hp_loss":0,"event_name":"Living Wall","floor":3,"gold_loss":0},{"cards_removed":["Strike_P"],"damage_healed":0,"gold_gain":0,"player_choice":"Card Removal","damage_taken":7,"max_hp_gain":0,"max_hp_loss":0,"event_name":"Golden Wing","floor":5,"gold_loss":0},{"cards_removed":["Strike_P"],"damage_healed":0,"gold_gain":0,"player_choice":"Offered Basic","damage_taken":0,"max_hp_gain":0,"max_hp_loss":0,"event_name":"Bonfire Elementals","floor":10,"gold_loss":0},{"damage_healed":0,"gold_gain":0,"player_choice":"Box","damage_taken":0,"relics_obtained":["Bag of Marbles"],"max_hp_gain":0,"max_hp_loss":0,"event_name":"Big Fish","floor":12,"gold_loss":0,"cards_obtained":["Regret"]},{"damage_healed":0,"gold_gain":0,"player_choice":"Fought Bandits","damage_taken":0,"max_hp_gain":0,"max_hp_loss":0,"event_name":"Masked Bandits","floor":19,"gold_loss":0}],"is_beta":false,"boss_relics":[{"not_picked":["Velvet Choker","Coffee Dripper"],"picked":"Philosopher\u0027s Stone"}],"items_purged_floors":[14],"is_endless":false,"potions_floor_spawned":[1,4,8],"killed_by":"Masked Bandits","ascension_level":18}