{"gold_per_floor":[119,194,194,205,217,247,247,258,282,31,181,216,232,232,232,232],"floor_reached":16,"playtime":492,"items_purged":[],"score":257,"play_id":"66d01a7d-fc5f-4086-8d57-8eff71d3aece","local_time":"20210720133036","is_ascension_mode":true,"campfire_choices":[{"data":"SignatureMove","floor":7,"key":"SMITH"},{"data":"Eruption","floor":15,"key":"SMITH"}],"neow_cost":"NONE","seed_source_timestamp":108047320478300,"circlet_count":0,"master_deck":["AscendersBane","Strike_P","Strike_P","Strike_P","Strike_P","Defend_P","Defend_P","Defend_P","Defend_P","Eruption+1","Vigilance","SignatureMove+1","SandsOfTime","ThirdEye","Swivel","EmptyBody","Bandage Up","Doubt","WaveOfTheHand","WheelKick"],"relics":["Runic Dome","PreservedInsect","Happy Flower","Toy Ornithopter","Bag of Preparation","Golden Idol"],"potions_floor_usage":[12],"damage_taken":[{"damage":4,"enemies":"Small Slimes","floor":1,"turns":5},{"damage":0,"enemies":"Jaw Worm","floor":4,"turns":1},{"damage":0,"enemies":"Cultist","floor":5,"turns":2},{"damage":0,"enemies":"Lagavulin","floor":6,"turns":4},{"damage":17,"enemies":"Lots of Slimes","floor":8,"turns":5},{"damage":3,"enemies":"3 Sentries","floor":12,"turns":3},{"damage":0,"enemies":"Exordium Wildlife","floor":13,"turns":4},{"damage":59,"enemies":"Hexaghost","floor":16,"turns":10}],"seed_played":"6968569678193459527","potions_obtained":[{"floor":6,"key":"Explosive Potion"},{"floor":8,"key":"FairyPotion"},{"floor":12,"key":"Explosive Potion"}],"is_trial":false,"path_per_floor":["M","?","?","M","M","E","R","M","T","$","?","E","M","?","R","B"],"character_chosen":"WATCHER","items_purchased":["Bandage Up","Toy Ornithopter"],"campfire_rested":0,"item_purchase_floors":[10,10],"current_hp_per_floor":[57,46,51,51,51,51,51,34,34,34,34,40,44,19,19,0],"gold":232,"neow_bonus":"BOSS_RELIC","is_prod":false,"is_daily":false,"chose_seed":false,"campfire_upgraded":2,"win_rate":0,"timestamp":1626802236,"path_taken":["M","?","?","M","M","E","R","M","T","$","?","E","M","?","R","BOSS"],"build_version":"2020-12-22","purchased_purges":0,"victory":false,"max_hp_per_floor":[68,68,73,73,73,73,73,73,73,73,73,73,73,73,73,73],"card_choices":[{"not_picked":["CrushJoints","Prostrate"],"picked":"SignatureMove","floor":1},{"not_picked":["EmptyFist","ClearTheMind"],"picked":"SandsOfTime","floor":4},{"not_picked":["WaveOfTheHand","Adaptation"],"picked":"ThirdEye","floor":5},{"not_picked":["SashWhip","Consecrate"],"picked":"Swivel","floor":6},{"not_picked":["EmptyFist","Fasting2"],"picked":"EmptyBody","floor":8},{"not_picked":["Consecrate","Indignation"],"picked":"WaveOfTheHand","floor":12},{"not_picked":["BowlingBash","Judgement"],"picked":"WheelKick","floor":13}],"player_experience":1506498,"relics_obtained":[{"floor":6,"key":"PreservedInsect"},{"floor":9,"key":"Happy Flower"},{"floor":12,"key":"Bag of Preparation"}],"event_choices":[{"damage_healed":0,"gold_gain":75,"player_choice":"Gather Gold","damage_taken":11,"max_hp_gain":0,"max_hp_loss":0,"event_name":"World of Goop","floor":2,"gold_loss":0},{"damage_healed":0,"gold_gain":0,"player_choice":"Donut","damage_taken":0,"max_hp_gain":5,"max_hp_loss":0,"event_name":"Big Fish","floor":3,"gold_loss":0},{"damage_healed":0,"gold_gain":150,"player_choice":"AGREE","damage_taken":0,"max_hp_gain":0,"max_hp_loss":0,"event_name":"Liars Game","floor":11,"gold_loss":0,"cards_obtained":["Doubt"]},{"damage_healed":0,"gold_gain":0,"player_choice":"Take Damage","damage_taken":25,"relics_obtained":["Golden Idol"],"max_hp_gain":0,"max_hp_loss":0,"event_name":"Golden Idol","floor":14,"gold_loss":0}],"is_beta":false,"boss_relics":[],"items_purged_floors":[],"is_endless":false,"potions_floor_spawned":[6,8,12],"killed_by":"Hexaghost","ascension_level":18}