{"gold_per_floor":[16,16,16,16,32,32,60,73,73,73,73,83,83],"floor_reached":13,"playtime":229,"items_purged":[],"score":205,"play_id":"654a08b3-13d1-458d-9f0e-2d3a613aae93","local_time":"20210719212209","is_ascension_mode":true,"campfire_choices":[{"data":"Eruption","floor":6,"key":"SMITH"},{"data":"Wallop","floor":10,"key":"SMITH"}],"neow_cost":"NO_GOLD","seed_source_timestamp":50202594694600,"circlet_count":0,"master_deck":["AscendersBane","Strike_P","Strike_P","Strike_P","Strike_P","Defend_P","Defend_P","Defend_P","Defend_P","Eruption+1","Vigilance","Judgement+1","Wallop+1","Regret","FearNoEvil","InnerPeace","Adaptation"],"relics":["PureWater","StrikeDummy","Omamori","Molten Egg 2","Vajra"],"potions_floor_usage":[12],"damage_taken":[{"damage":0,"enemies":"2 Louse","floor":1,"turns":2},{"damage":0,"enemies":"Small Slimes","floor":5,"turns":1},{"damage":4,"enemies":"Lagavulin","floor":7,"turns":4},{"damage":4,"enemies":"Jaw Worm","floor":8,"turns":2},{"damage":10,"enemies":"Exordium Wildlife","floor":12,"turns":4},{"damage":47,"enemies":"Gremlin Nob","floor":13,"turns":3}],"seed_played":"3611973117124791091","potions_obtained":[{"floor":1,"key":"LiquidBronze"},{"floor":7,"key":"Weak Potion"},{"floor":12,"key":"Dexterity Potion"}],"is_trial":false,"path_per_floor":["M","?","?","?","M","R","E","M","T","R","$","M","E"],"character_chosen":"WATCHER","items_purchased":[],"campfire_rested":0,"item_purchase_floors":[],"current_hp_per_floor":[61,61,61,56,56,56,52,48,48,48,48,38,0],"gold":83,"neow_bonus":"THREE_RARE_CARDS","is_prod":false,"is_daily":false,"chose_seed":false,"campfire_upgraded":2,"win_rate":0,"timestamp":1626744129,"path_taken":["M","?","?","?","?","R","E","M","T","R","$","M","E"],"build_version":"2020-12-22","purchased_purges":0,"victory":false,"max_hp_per_floor":[68,68,68,68,68,68,68,68,68,68,68,68,68],"card_choices":[{"not_picked":["Establishment","Vault"],"picked":"Judgement","floor":0},{"not_picked":["FlurryOfBlows","Fasting2"],"picked":"Wallop","floor":1},{"not_picked":["CutThroughFate","Consecrate"],"picked":"FearNoEvil","floor":5},{"not_picked":["Crescendo","ForeignInfluence"],"picked":"InnerPeace","floor":7},{"not_picked":["Protect","ThirdEye","ForeignInfluence"],"picked":"SKIP","floor":8},{"not_picked":["Vengeance","Weave+1"],"picked":"Adaptation","floor":12}],"player_experience":1500087,"relics_obtained":[{"floor":7,"key":"Molten Egg 2"},{"floor":9,"key":"Vajra"}],"event_choices":[{"damage_healed":0,"gold_gain":0,"player_choice":"Grow","damage_taken":0,"max_hp_gain":0,"max_hp_loss":0,"event_name":"Living Wall","floor":2,"gold_loss":0,"cards_upgraded":["Judgement"]},{"damage_healed":0,"gold_gain":0,"player_choice":"Box","damage_taken":0,"relics_obtained":["StrikeDummy"],"max_hp_gain":0,"max_hp_loss":0,"event_name":"Big Fish","floor":3,"gold_loss":0,"cards_obtained":["Regret"]},{"damage_healed":0,"gold_gain":0,"player_choice":"Success","damage_taken":5,"relics_obtained":["Omamori"],"max_hp_gain":0,"max_hp_loss":0,"event_name":"Scrap Ooze","floor":4,"gold_loss":0}],"is_beta":false,"boss_relics":[],"items_purged_floors":[],"is_endless":false,"potions_floor_spawned":[1,7,12],"killed_by":"Gremlin Nob","ascension_level":18}