{"gold_per_floor":[111,19,19,19,59,59,90,365,388,400,425,445,385,146,146,220,220,174,174,174],"floor_reached":20,"playtime":662,"items_purged":["Regret"],"score":390,"play_id":"f2eac152-8f4d-4b64-8338-d5012de92f58","local_time":"20210711224547","is_ascension_mode":true,"campfire_choices":[{"data":"Eruption","floor":6,"key":"SMITH"},{"data":"Devotion","floor":15,"key":"SMITH"}],"neow_cost":"NONE","seed_source_timestamp":1549460272317500,"circlet_count":0,"master_deck":["AscendersBane","Strike_P","Strike_P","Defend_P","Defend_P","Defend_P","Defend_P","Eruption+1","Vigilance","Sanctity","Jack Of All Trades","Decay","SashWhip","Conclude","BowlingBash","Swivel","Devotion+1","LessonLearned","Perseverance","Wish"],"relics":["PureWater","NeowsBlessing","Eternal Feather","Bag of Preparation","Blood Vial","Damaru","SlaversCollar"],"potions_floor_usage":[11,16],"damage_taken":[{"damage":0,"enemies":"Cultist","floor":1,"turns":1},{"damage":0,"enemies":"Jaw Worm","floor":5,"turns":1},{"damage":0,"enemies":"3 Sentries","floor":7,"turns":1},{"damage":1,"enemies":"Small Slimes","floor":10,"turns":2},{"damage":16,"enemies":"Gremlin Nob","floor":11,"turns":3},{"damage":0,"enemies":"2 Fungi Beasts","floor":12,"turns":1},{"damage":16,"enemies":"Looter","floor":13,"turns":5},{"damage":14,"enemies":"Hexaghost","floor":16,"turns":9},{"damage":36,"enemies":"2 Thieves","floor":18,"turns":5},{"damage":67,"enemies":"Chosen","floor":20,"turns":5}],"seed_played":"-4051880975736198627","potions_obtained":[{"floor":1,"key":"SpeedPotion"},{"floor":5,"key":"GamblersBrew"},{"floor":12,"key":"Weak Potion"}],"is_trial":false,"path_per_floor":["M","$","?","?","M","R","E","?","T","M","E","M","M","$","R","B",null,"M","?","M"],"character_chosen":"WATCHER","items_purchased":["Jack Of All Trades","Damaru"],"campfire_rested":0,"item_purchase_floors":[2,14],"current_hp_per_floor":[61,61,54,54,54,54,54,54,54,53,37,39,25,25,34,22,57,23,23,0],"gold":174,"neow_bonus":"THREE_ENEMY_KILL","is_prod":false,"is_daily":false,"chose_seed":false,"campfire_upgraded":2,"win_rate":0,"timestamp":1626057947,"path_taken":["M","$","?","?","?","R","E","?","T","M","E","?","M","?","R","BOSS","M","?","?"],"build_version":"2020-12-22","purchased_purges":1,"victory":false,"max_hp_per_floor":[68,68,68,68,68,68,68,68,68,68,68,68,68,68,68,68,68,68,68,68],"card_choices":[{"not_picked":["CarveReality","SashWhip"],"picked":"Sanctity","floor":1},{"not_picked":["Worship","EmptyMind"],"picked":"SashWhip","floor":5},{"not_picked":["SashWhip","ClearTheMind"],"picked":"Conclude","floor":7},{"not_picked":["Halt","Indignation"],"picked":"BowlingBash","floor":10},{"not_picked":["BattleHymn","PathToVictory"],"picked":"Swivel","floor":11},{"not_picked":["ThirdEye","ClearTheMind","SashWhip"],"picked":"SKIP","floor":12},{"not_picked":["WreathOfFlame","Consecrate"],"picked":"Devotion","floor":13},{"not_picked":["Wish","Judgement"],"picked":"LessonLearned","floor":16},{"not_picked":["Evaluate","Collect"],"picked":"Perseverance","floor":18}],"player_experience":1481997,"relics_obtained":[{"floor":7,"key":"Eternal Feather"},{"floor":9,"key":"Bag of Preparation"},{"floor":11,"key":"Blood Vial"}],"event_choices":[{"cards_removed":["Strike_P"],"damage_healed":0,"gold_gain":0,"player_choice":"Card Removal","damage_taken":7,"max_hp_gain":0,"max_hp_loss":0,"event_name":"Golden Wing","floor":3,"gold_loss":0},{"damage_healed":0,"gold_gain":0,"player_choice":"Cursed","damage_taken":0,"max_hp_gain":0,"max_hp_loss":0,"event_name":"Wheel of Change","floor":4,"gold_loss":0,"cards_obtained":["Decay"]},{"damage_healed":0,"gold_gain":275,"player_choice":"Desecrate","damage_taken":0,"max_hp_gain":0,"max_hp_loss":0,"event_name":"Golden Shrine","floor":8,"gold_loss":0,"cards_obtained":["Regret"]},{"damage_healed":0,"gold_gain":0,"cards_transformed":["Strike_P"],"player_choice":"Transformed","damage_taken":0,"max_hp_gain":0,"max_hp_loss":0,"event_name":"Transmorgrifier","floor":19,"gold_loss":0,"cards_obtained":["Wish"]}],"is_beta":false,"boss_relics":[{"not_picked":["Ectoplasm","Snecko Eye"],"picked":"SlaversCollar"}],"items_purged_floors":[14],"is_endless":false,"potions_floor_spawned":[1,5,12],"killed_by":"Chosen","ascension_level":18}