{"gold_per_floor":[16,32,32,32,42,69,69,84,138,151,184,199,224,56,56,127,127,142,92,3,13,26,55,55,85,139,174,174,184,83,99,99,173,173,189,203,203,216,233,233],"floor_reached":40,"playtime":1683,"items_purged":[],"score":1036,"play_id":"15fde22c-f818-43df-b041-5d5eb5e453b7","local_time":"20210713151440","is_ascension_mode":true,"campfire_choices":[{"data":"LessonLearned","floor":7,"key":"SMITH"},{"floor":15,"key":"REST"},{"floor":28,"key":"REST"},{"floor":32,"key":"REST"}],"neow_cost":"NO_GOLD","seed_source_timestamp":1694171896632700,"circlet_count":0,"master_deck":["AscendersBane","Strike_P+1","Strike_P+1","Defend_P+1","Defend_P+1","Defend_P+1","Eruption+1","Vigilance+1","LessonLearned+1","WindmillStrike+1","EmptyBody+1","Vault+1","CrushJoints+1","Vengeance+1","Protect+1","Blasphemy+1","SpiritShield+1","FollowUp+1","Swivel+1","BowlingBash+1","ConjureBlade+1","ForeignInfluence+1","Protect+1","Bandage Up+1","Wallop+1","CurseOfTheBell","InnerPeace+1","WreathOfFlame+1","Halt+1"],"relics":["PureWater","Toxic Egg 2","Orichalcum","Regal Pillow","Strawberry","Ancient Tea Set","White Beast Statue","MealTicket","Oddly Smooth Stone","Vajra","Calling Bell","Damaru","Blue Candle","Gambling Chip"],"potions_floor_usage":[27,33,38,39,39,39,40,40],"damage_taken":[{"damage":5,"enemies":"2 Louse","floor":1,"turns":4},{"damage":0,"enemies":"Jaw Worm","floor":2,"turns":6},{"damage":0,"enemies":"Cultist","floor":5,"turns":2},{"damage":22,"enemies":"3 Sentries","floor":6,"turns":13},{"damage":0,"enemies":"Red Slaver","floor":8,"turns":2},{"damage":0,"enemies":"Gremlin Gang","floor":10,"turns":3},{"damage":0,"enemies":"Gremlin Nob","floor":11,"turns":3},{"damage":0,"enemies":"Large Slime","floor":12,"turns":4},{"damage":11,"enemies":"3 Sentries","floor":13,"turns":7},{"damage":0,"enemies":"Slime Boss","floor":16,"turns":3},{"damage":1,"enemies":"Shell Parasite","floor":18,"turns":2},{"damage":0,"enemies":"2 Thieves","floor":21,"turns":3},{"damage":0,"enemies":"Sentry and Sphere","floor":22,"turns":4},{"damage":10,"enemies":"Book of Stabbing","floor":23,"turns":5},{"damage":44,"enemies":"Slavers","floor":25,"turns":4},{"damage":24,"enemies":"Book of Stabbing","floor":27,"turns":5},{"damage":0,"enemies":"Snake Plant","floor":29,"turns":3},{"damage":11,"enemies":"Snecko","floor":31,"turns":4},{"damage":61,"enemies":"Automaton","floor":33,"turns":9},{"damage":0,"enemies":"Orb Walker","floor":35,"turns":4},{"damage":3,"enemies":"3 Shapes","floor":36,"turns":5},{"damage":42,"enemies":"3 Darklings","floor":38,"turns":3},{"damage":27,"enemies":"Sphere and 2 Shapes","floor":39,"turns":5},{"damage":31,"enemies":"Giant Head","floor":40,"turns":7}],"seed_played":"627582896123783620","potions_obtained":[{"floor":1,"key":"FearPotion"},{"floor":2,"key":"Regen Potion"},{"floor":6,"key":"BottledMiracle"},{"floor":27,"key":"Weak Potion"},{"floor":29,"key":"AttackPotion"},{"floor":31,"key":"CultistPotion"},{"floor":33,"key":"BlessingOfTheForge"},{"floor":38,"key":"EntropicBrew"},{"floor":39,"key":"Strength Potion"}],"is_trial":false,"path_per_floor":["M","M","?","?","M","E","R","M","T","M","E","M","E","$","R","B",null,"M","?","$","M","M","E","?","E","T","E","R","M","$","M","R","B",null,"M","M","?","M","M","E"],"character_chosen":"WATCHER","items_purchased":["Ancient Tea Set","Swivel+1","Bandage Up+1"],"campfire_rested":3,"item_purchase_floors":[14,20,30],"current_hp_per_floor":[56,56,56,56,56,34,34,34,34,34,34,34,30,30,67,67,73,72,72,72,72,72,62,58,14,14,4,41,41,56,45,75,20,61,61,64,64,28,7,0],"gold":233,"neow_bonus":"THREE_RARE_CARDS","is_prod":false,"is_daily":false,"chose_seed":false,"campfire_upgraded":1,"win_rate":0,"timestamp":1626203680,"path_taken":["M","M","?","?","M","E","R","M","T","?","E","M","E","$","R","BOSS","M","?","$","?","M","E","?","E","T","E","R","M","$","?","R","BOSS","M","M","?","M","?","E"],"build_version":"2020-12-22","purchased_purges":0,"victory":false,"max_hp_per_floor":[68,68,68,68,68,68,68,68,68,68,68,68,75,75,75,75,75,75,75,75,75,75,75,75,75,75,75,75,75,75,75,75,75,75,75,75,75,75,75,75],"card_choices":[{"not_picked":["Blasphemy","Judgement"],"picked":"LessonLearned","floor":0},{"not_picked":["CarveReality","ThirdEye"],"picked":"WindmillStrike","floor":1},{"not_picked":["InnerPeace","ReachHeaven"],"picked":"EmptyBody","floor":2},{"not_picked":["Study","CrushJoints","EmptyFist"],"picked":"SKIP","floor":5},{"not_picked":["Crescendo+1","EmptyFist"],"picked":"Vengeance+1","floor":6},{"not_picked":["PathToVictory+1","Prostrate+1"],"picked":"Protect+1","floor":8},{"not_picked":["FlyingSleeves","ClearTheMind+1","PathToVictory+1"],"picked":"SKIP","floor":10},{"not_picked":["Perseverance+1","Halt+1"],"picked":"Blasphemy+1","floor":11},{"not_picked":["EmptyFist","Worship+1","Prostrate+1"],"picked":"SKIP","floor":12},{"not_picked":["Consecrate","FlyingSleeves","LessonLearned"],"picked":"SKIP","floor":13},{"not_picked":["Devotion","DevaForm"],"picked":"SpiritShield+1","floor":16},{"not_picked":["Protect+1","SandsOfTime"],"picked":"FollowUp","floor":18},{"not_picked":["FlyingSleeves+1","JustLucky","FollowUp"],"picked":"SKIP","floor":21},{"not_picked":["EmptyBody+1","WindmillStrike"],"picked":"BowlingBash","floor":22},{"not_picked":["JustLucky","CutThroughFate"],"picked":"ConjureBlade+1","floor":23},{"not_picked":["FollowUp","FlyingSleeves"],"picked":"ForeignInfluence+1","floor":25},{"not_picked":["Ragnarok","FollowUp","Prostrate+1"],"picked":"SKIP","floor":27},{"not_picked":["ClearTheMind+1","Halt+1"],"picked":"Protect+1","floor":29},{"not_picked":["ThirdEye+1","CutThroughFate"],"picked":"Wallop","floor":31},{"not_picked":["Wallop+1","Indignation+1"],"picked":"InnerPeace+1","floor":35},{"not_picked":["Sanctity+1","Indignation+1","PathToVictory+1"],"picked":"SKIP","floor":36},{"not_picked":["WindmillStrike+1","Protect+1"],"picked":"WreathOfFlame+1","floor":38},{"not_picked":["JustLucky","Prostrate+1"],"picked":"Halt+1","floor":39}],"player_experience":1486328,"relics_obtained":[{"floor":6,"key":"Toxic Egg 2"},{"floor":9,"key":"Orichalcum"},{"floor":11,"key":"Regal Pillow"},{"floor":13,"key":"Strawberry"},{"floor":23,"key":"White Beast Statue"},{"floor":25,"key":"MealTicket"},{"floor":26,"key":"Oddly Smooth Stone"},{"floor":27,"key":"Vajra"},{"floor":34,"key":"Damaru"},{"floor":34,"key":"Blue Candle"},{"floor":34,"key":"Gambling Chip"}],"event_choices":[{"damage_healed":0,"gold_gain":0,"cards_transformed":["Strike_P"],"player_choice":"Change","damage_taken":0,"max_hp_gain":0,"max_hp_loss":0,"event_name":"Living Wall","floor":3,"gold_loss":0,"cards_obtained":["Vault"]},{"damage_healed":0,"gold_gain":0,"cards_transformed":["Strike_P"],"player_choice":"Transformed","damage_taken":0,"max_hp_gain":0,"max_hp_loss":0,"event_name":"Transmorgrifier","floor":4,"gold_loss":0,"cards_obtained":["CrushJoints"]},{"damage_healed":0,"gold_gain":0,"player_choice":"Upgraded Two","damage_taken":0,"max_hp_gain":0,"max_hp_loss":0,"event_name":"Designer","floor":19,"gold_loss":50,"cards_upgraded":["EmptyBody","WindmillStrike"]},{"damage_healed":0,"gold_gain":0,"player_choice":"Bought 0 Potions","damage_taken":0,"max_hp_gain":0,"max_hp_loss":0,"event_name":"The Woman in Blue","floor":24,"gold_loss":0},{"cards_removed":["Defend_P"],"damage_healed":0,"gold_gain":0,"player_choice":"Purged","damage_taken":0,"max_hp_gain":0,"max_hp_loss":0,"event_name":"Purifier","floor":37,"gold_loss":0}],"is_beta":false,"boss_relics":[{"not_picked":["Snecko Eye","Velvet Choker","Coffee Dripper"]},{"not_picked":["Sozu","Runic Pyramid"],"picked":"Calling Bell"}],"items_purged_floors":[],"is_endless":false,"potions_floor_spawned":[1,2,6,10,13,16,23,25,27,29,31,33,35,36,38,39],"killed_by":"Giant Head","ascension_level":18}