{"gold_per_floor":[112,112,132,31,31,65,65,100,100,100,119,119],"floor_reached":12,"playtime":224,"items_purged":["Injury"],"score":211,"play_id":"9a424165-c32b-43ab-8de0-2c2300bf8b8a","local_time":"20210720114606","is_ascension_mode":true,"campfire_choices":[{"data":"Eruption","floor":7,"key":"SMITH"},{"floor":10,"key":"REST"}],"neow_cost":"NONE","seed_source_timestamp":102044812892800,"circlet_count":0,"master_deck":["AscendersBane","Strike_P","Strike_P","Strike_P","Defend_P","Defend_P","Defend_P","Defend_P","Eruption+1","Vigilance","SandsOfTime","InnerPeace","CrushJoints","Evaluate","MentalFortress","MentalFortress"],"relics":["PureWater","NeowsBlessing","Golden Idol","Mummified Hand","Blue Candle","Mercury Hourglass"],"potions_floor_usage":[12,12],"damage_taken":[{"damage":0,"enemies":"Jaw Worm","floor":1,"turns":1},{"damage":0,"enemies":"Cultist","floor":3,"turns":1},{"damage":0,"enemies":"Lagavulin","floor":6,"turns":1},{"damage":36,"enemies":"Gremlin Nob","floor":8,"turns":4},{"damage":1,"enemies":"2 Louse","floor":11,"turns":3},{"damage":70,"enemies":"Lagavulin","floor":12,"turns":3}],"seed_played":"8410650155769495295","potions_obtained":[{"floor":3,"key":"PowerPotion"},{"floor":8,"key":"Energy Potion"}],"is_trial":false,"path_per_floor":["M","?","M","$","?","E","R","E","T","R","M","E"],"character_chosen":"WATCHER","items_purchased":["CrushJoints"],"campfire_rested":1,"item_purchase_floors":[4],"current_hp_per_floor":[61,61,61,61,61,61,61,25,25,45,44,0],"gold":119,"neow_bonus":"THREE_ENEMY_KILL","is_prod":false,"is_daily":false,"chose_seed":false,"campfire_upgraded":1,"win_rate":0,"timestamp":1626795966,"path_taken":["M","?","M","$","?","E","R","E","T","R","?","E"],"build_version":"2020-12-22","purchased_purges":1,"victory":false,"max_hp_per_floor":[68,68,68,68,68,68,68,68,68,68,68,68],"card_choices":[{"not_picked":["EmptyFist","PathToVictory"],"picked":"SandsOfTime","floor":1},{"not_picked":["Wallop","FlurryOfBlows"],"picked":"InnerPeace","floor":3},{"not_picked":["ClearTheMind","Protect"],"picked":"Evaluate","floor":6},{"not_picked":["Evaluate","Consecrate"],"picked":"MentalFortress","floor":8},{"not_picked":["Halt","JustLucky"],"picked":"MentalFortress","floor":11}],"player_experience":1503685,"relics_obtained":[{"floor":6,"key":"Mummified Hand"},{"floor":8,"key":"Blue Candle"},{"floor":9,"key":"Mercury Hourglass"}],"event_choices":[{"damage_healed":0,"gold_gain":0,"player_choice":"Take Wound","damage_taken":0,"relics_obtained":["Golden Idol"],"max_hp_gain":0,"max_hp_loss":0,"event_name":"Golden Idol","floor":2,"gold_loss":0,"cards_obtained":["Injury"]},{"cards_removed":["Strike_P"],"damage_healed":0,"gold_gain":0,"player_choice":"Purged","damage_taken":0,"max_hp_gain":0,"max_hp_loss":0,"event_name":"Purifier","floor":5,"gold_loss":0}],"is_beta":false,"boss_relics":[],"items_purged_floors":[4],"is_endless":false,"potions_floor_spawned":[3,8,11],"killed_by":"Lagavulin","ascension_level":18}