{"gold_per_floor":[117,42,42,53,53,53,78,78,78,113,124,124,124,150,150,226,226,237,237,237,256,76,76,408,408,408,433,433,483,497,497],"floor_reached":31,"playtime":895,"items_purged":[],"score":688,"play_id":"720ffa80-8556-4dd1-91a0-2a88c248374e","local_time":"20210715212102","is_ascension_mode":true,"campfire_choices":[{"data":"Eruption","floor":6,"key":"SMITH"},{"data":"SashWhip","floor":8,"key":"SMITH"},{"data":"Vigilance","floor":15,"key":"SMITH"},{"floor":23,"key":"RECALL"},{"floor":25,"key":"REST"}],"neow_cost":"NONE","seed_source_timestamp":1889742653392300,"circlet_count":0,"master_deck":["AscendersBane","Strike_P","Strike_P","Strike_P","Defend_P","Defend_P","Defend_P","Defend_P","Eruption+1","Vigilance+1","Wireheading","SashWhip+1","Halt","BowlingBash","Ragnarok+1","SpiritShield+1","ForeignInfluence+1","Worship+1","WreathOfFlame+1","Apotheosis+1","Nirvana","Writhe","Collect+1"],"relics":["HolyWater","NeowsBlessing","Eternal Feather","HornCleat","Sundial","Letter Opener","InkBottle","Toxic Egg 2","Bottled Lightning","Old Coin","Gremlin Horn","Mango","Ornamental Fan"],"potions_floor_usage":[10,30,31],"damage_taken":[{"damage":0,"enemies":"Jaw Worm","floor":1,"turns":1},{"damage":0,"enemies":"Small Slimes","floor":4,"turns":1},{"damage":0,"enemies":"Lagavulin","floor":7,"turns":1},{"damage":2,"enemies":"Gremlin Nob","floor":10,"turns":3},{"damage":0,"enemies":"2 Louse","floor":11,"turns":3},{"damage":3,"enemies":"3 Sentries","floor":14,"turns":4},{"damage":0,"enemies":"Slime Boss","floor":16,"turns":4},{"damage":0,"enemies":"Spheric Guardian","floor":18,"turns":2},{"damage":29,"enemies":"Chosen","floor":21,"turns":6},{"damage":10,"enemies":"Gremlin Leader","floor":24,"turns":6},{"damage":18,"enemies":"Book of Stabbing","floor":27,"turns":4},{"damage":26,"enemies":"Sentry and Sphere","floor":30,"turns":4},{"damage":48,"enemies":"Centurion and Healer","floor":31,"turns":4}],"seed_played":"1860061292628052683","potions_obtained":[{"floor":4,"key":"Strength Potion"},{"floor":14,"key":"Block Potion"},{"floor":16,"key":"DuplicationPotion"}],"is_trial":false,"path_per_floor":["M","?","?","M","$","R","E","R","T","E","M","?","T","E","R","B",null,"M","?","T","M","$","R","E","R","T","E","?","?","M","M"],"character_chosen":"WATCHER","items_purchased":["Apotheosis+1"],"campfire_rested":1,"item_purchase_floors":[22],"current_hp_per_floor":[61,61,50,50,50,56,56,62,62,60,60,60,60,57,66,66,68,68,68,68,39,39,51,41,68,68,64,64,64,38,0],"gold":497,"neow_bonus":"THREE_ENEMY_KILL","is_prod":false,"is_daily":false,"chose_seed":false,"campfire_upgraded":3,"win_rate":0,"timestamp":1626398462,"path_taken":["M","?","?","M","?","R","E","R","T","E","M","?","?","E","R","BOSS","M","?","?","M","?","R","E","R","T","E","?","?","M","?"],"build_version":"2020-12-22","purchased_purges":0,"victory":false,"max_hp_per_floor":[68,68,68,68,68,68,68,68,68,68,68,68,68,68,68,68,68,68,68,68,68,68,68,68,68,68,82,82,82,82,82],"card_choices":[{"not_picked":["JustLucky","Halt"],"picked":"Wireheading","floor":1},{"not_picked":["PathToVictory","EmptyBody"],"picked":"SashWhip","floor":4},{"not_picked":["PathToVictory","Study"],"picked":"Halt","floor":7},{"not_picked":["DeceiveReality","CrushJoints"],"picked":"BowlingBash","floor":10},{"not_picked":["Wireheading","ClearTheMind"],"picked":"Ragnarok","floor":11},{"not_picked":["SandsOfTime","SashWhip","Brilliance"],"picked":"SKIP","floor":14},{"not_picked":["Establishment","MasterReality"],"picked":"SpiritShield+1","floor":16},{"not_picked":["Evaluate+1","Halt+1"],"picked":"ForeignInfluence+1","floor":18},{"not_picked":["SashWhip","Weave"],"picked":"WreathOfFlame+1","floor":21},{"not_picked":["Adaptation","ClearTheMind+1","EmptyBody+1"],"picked":"SKIP","floor":24},{"not_picked":["FollowUp","FlyingSleeves"],"picked":"Nirvana","floor":27},{"not_picked":["SignatureMove","BowlingBash"],"picked":"Collect+1","floor":30}],"player_experience":1488387,"relics_obtained":[{"floor":7,"key":"HornCleat"},{"floor":9,"key":"Sundial"},{"floor":10,"key":"Letter Opener"},{"floor":13,"key":"InkBottle"},{"floor":14,"key":"Toxic Egg 2"},{"floor":20,"key":"Bottled Lightning"},{"floor":24,"key":"Old Coin"},{"floor":26,"key":"Gremlin Horn"},{"floor":27,"key":"Mango"}],"event_choices":[{"cards_removed":["Strike_P"],"damage_healed":0,"gold_gain":0,"player_choice":"Card Removal","damage_taken":0,"max_hp_gain":0,"max_hp_loss":0,"event_name":"The Cleric","floor":2,"gold_loss":75},{"damage_healed":0,"gold_gain":0,"player_choice":"Success","damage_taken":11,"relics_obtained":["Eternal Feather"],"max_hp_gain":0,"max_hp_loss":0,"event_name":"Scrap Ooze","floor":3,"gold_loss":0},{"damage_healed":0,"gold_gain":0,"player_choice":"Grow","damage_taken":0,"max_hp_gain":0,"max_hp_loss":0,"event_name":"Living Wall","floor":12,"gold_loss":0,"cards_upgraded":["Ragnarok"]},{"damage_healed":0,"gold_gain":0,"player_choice":"Read","damage_taken":0,"max_hp_gain":0,"max_hp_loss":0,"event_name":"The Library","floor":19,"gold_loss":0,"cards_obtained":["Worship"]},{"damage_healed":0,"gold_gain":0,"player_choice":"Opened","damage_taken":0,"relics_obtained":["Ornamental Fan"],"max_hp_gain":0,"max_hp_loss":0,"event_name":"The Mausoleum","floor":28,"gold_loss":0,"cards_obtained":["Writhe"]},{"damage_healed":0,"gold_gain":50,"player_choice":"Stole From Cult","damage_taken":0,"max_hp_gain":0,"max_hp_loss":0,"event_name":"Nest","floor":29,"gold_loss":0}],"is_beta":false,"boss_relics":[{"not_picked":["Fusion Hammer","Velvet Choker"],"picked":"HolyWater"}],"items_purged_floors":[],"is_endless":false,"potions_floor_spawned":[4,14,16,18,21,24],"killed_by":"Centurion and Healer","ascension_level":18}