{"gold_per_floor":[112,187,337,337,337,337,361,382,382,418,115,71,94,108,108,202,202,102,82,82],"floor_reached":20,"playtime":587,"items_purged":["Doubt"],"score":327,"play_id":"b1ff0684-b70a-4e49-a6bc-c59f0252dd1e","local_time":"20210720115603","is_ascension_mode":true,"campfire_choices":[{"data":"Eruption","floor":6,"key":"SMITH"},{"data":"Weave","floor":15,"key":"SMITH"}],"neow_cost":"NONE","seed_source_timestamp":102279722782100,"circlet_count":0,"master_deck":["AscendersBane","Strike_P","Strike_P","Strike_P","Strike_P","Defend_P","Defend_P","Defend_P","Defend_P","Eruption+1","Vigilance","Nirvana","Injury","Wireheading","Wallop","Weave+1","ThirdEye","Nirvana","Nirvana","TalkToTheHand","ConjureBlade","Collect"],"relics":["PureWater","NeowsBlessing","Golden Idol","Shuriken","Orichalcum","Sling","Ectoplasm"],"potions_floor_usage":[16,20],"damage_taken":[{"damage":0,"enemies":"2 Louse","floor":1,"turns":1},{"damage":0,"enemies":"Jaw Worm","floor":7,"turns":1},{"damage":0,"enemies":"Cultist","floor":8,"turns":1},{"damage":80,"enemies":"Gremlin Nob","floor":10,"turns":7},{"damage":1,"enemies":"Exordium Wildlife","floor":13,"turns":4},{"damage":12,"enemies":"Red Slaver","floor":14,"turns":6},{"damage":5,"enemies":"Hexaghost","floor":16,"turns":9},{"damage":15,"enemies":"2 Thieves","floor":18,"turns":5},{"damage":49,"enemies":"3 Byrds","floor":20,"turns":4}],"seed_played":"-9207551357683129940","potions_obtained":[{"floor":1,"key":"FairyPotion"},{"floor":10,"key":"EssenceOfSteel"},{"floor":16,"key":"Regen Potion"},{"floor":19,"key":"Ancient Potion"}],"is_trial":false,"path_per_floor":["M","?","?","?","?","R","M","M","T","E","$","$","M","M","R","B",null,"M","?","M"],"character_chosen":"WATCHER","items_purchased":["Sling","ThirdEye","Nirvana"],"campfire_rested":0,"item_purchase_floors":[11,11,12],"current_hp_per_floor":[61,50,50,50,55,55,55,55,55,21,21,21,20,8,8,3,56,41,41,0],"gold":82,"neow_bonus":"THREE_ENEMY_KILL","is_prod":false,"is_daily":false,"chose_seed":false,"campfire_upgraded":2,"win_rate":0,"timestamp":1626796563,"path_taken":["M","?","?","?","?","R","?","M","T","E","?","$","M","M","R","BOSS","M","?","?"],"build_version":"2020-12-22","purchased_purges":1,"victory":false,"max_hp_per_floor":[68,68,68,68,73,73,73,73,73,73,73,73,73,73,73,73,73,73,73,73],"card_choices":[{"not_picked":["SashWhip","EmptyFist"],"picked":"Nirvana","floor":1},{"not_picked":["BowlingBash","FlyingSleeves"],"picked":"Wireheading","floor":7},{"not_picked":["Crescendo","BowlingBash"],"picked":"Wallop","floor":8},{"not_picked":["Protect","SashWhip"],"picked":"Weave","floor":10},{"not_picked":["Evaluate","FlurryOfBlows"],"picked":"Nirvana","floor":13},{"not_picked":["Establishment","Sanctity"],"picked":"TalkToTheHand","floor":14},{"not_picked":["Brilliance","DevaForm"],"picked":"ConjureBlade","floor":16},{"not_picked":["CarveReality","FlurryOfBlows+1"],"picked":"Collect","floor":18}],"player_experience":1503909,"relics_obtained":[{"floor":9,"key":"Shuriken"},{"floor":10,"key":"Orichalcum"}],"event_choices":[{"damage_healed":0,"gold_gain":75,"player_choice":"Gather Gold","damage_taken":11,"max_hp_gain":0,"max_hp_loss":0,"event_name":"World of Goop","floor":2,"gold_loss":0},{"damage_healed":0,"gold_gain":150,"player_choice":"AGREE","damage_taken":0,"max_hp_gain":0,"max_hp_loss":0,"event_name":"Liars Game","floor":3,"gold_loss":0,"cards_obtained":["Doubt"]},{"damage_healed":0,"gold_gain":0,"player_choice":"Take Wound","damage_taken":0,"relics_obtained":["Golden Idol"],"max_hp_gain":0,"max_hp_loss":0,"event_name":"Golden Idol","floor":4,"gold_loss":0,"cards_obtained":["Injury"]},{"damage_healed":0,"gold_gain":0,"player_choice":"Donut","damage_taken":0,"max_hp_gain":5,"max_hp_loss":0,"event_name":"Big Fish","floor":5,"gold_loss":0},{"damage_healed":0,"gold_gain":0,"player_choice":"Bought 1 Potion","damage_taken":0,"max_hp_gain":0,"max_hp_loss":0,"event_name":"The Woman in Blue","floor":19,"gold_loss":0}],"is_beta":false,"boss_relics":[{"not_picked":["Coffee Dripper","Runic Dome"],"picked":"Ectoplasm"}],"items_purged_floors":[11],"is_endless":false,"potions_floor_spawned":[1,10,16],"killed_by":"3 Byrds","ascension_level":18}