{"gold_per_floor":[117,117,127,26,301,301,331,3,3,3],"floor_reached":10,"playtime":383,"items_purged":["Regret"],"score":122,"play_id":"41c26214-e913-4e4c-8514-f7bf32982643","local_time":"20210718211409","is_ascension_mode":true,"campfire_choices":[{"data":"Eruption","floor":6,"key":"SMITH"}],"neow_cost":"TEN_PERCENT_HP_LOSS","seed_source_timestamp":2149042936418300,"circlet_count":0,"master_deck":["AscendersBane","Strike_P","Strike_P","Strike_P","Strike_P","Defend_P","Defend_P","Defend_P","Defend_P","Eruption+1","Vigilance","FearNoEvil","LikeWater","Bandage Up","Worship","LessonLearned"],"relics":["PureWater","CaptainsWheel","Tiny Chest","Regal Pillow","Toxic Egg 2"],"potions_floor_usage":[10],"damage_taken":[{"damage":10,"enemies":"Jaw Worm","floor":1,"turns":4},{"damage":1,"enemies":"Cultist","floor":3,"turns":3},{"damage":40,"enemies":"3 Sentries","floor":7,"turns":17},{"damage":23,"enemies":"Lagavulin","floor":10,"turns":6}],"seed_played":"-1615410126885204939","potions_obtained":[{"floor":1,"key":"Energy Potion"},{"floor":7,"key":"SneckoOil"}],"is_trial":false,"path_per_floor":["M","?","M","$","?","R","E","$","T","E"],"character_chosen":"WATCHER","items_purchased":["Bandage Up","LessonLearned","Regal Pillow"],"campfire_rested":0,"item_purchase_floors":[4,8,8],"current_hp_per_floor":[51,51,50,50,50,50,14,14,14,0],"gold":3,"neow_bonus":"ONE_RARE_RELIC","is_prod":false,"is_daily":false,"chose_seed":false,"campfire_upgraded":1,"win_rate":0,"timestamp":1626657249,"path_taken":["M","?","M","?","?","R","E","$","T","E"],"build_version":"2020-12-22","purchased_purges":1,"victory":false,"max_hp_per_floor":[62,62,62,62,62,62,62,62,62,62],"card_choices":[{"not_picked":["InnerPeace","CrushJoints"],"picked":"FearNoEvil","floor":1},{"not_picked":["FlurryOfBlows","JustLucky"],"picked":"LikeWater","floor":3},{"not_picked":["Protect","Consecrate"],"picked":"Worship","floor":7}],"player_experience":1496726,"relics_obtained":[{"floor":7,"key":"Tiny Chest"},{"floor":9,"key":"Toxic Egg 2"}],"event_choices":[{"damage_healed":0,"gold_gain":0,"player_choice":"0 cards matched","damage_taken":0,"max_hp_gain":0,"max_hp_loss":0,"event_name":"Match and Keep!","floor":2,"gold_loss":0,"cards_obtained":[]},{"damage_healed":0,"gold_gain":275,"player_choice":"Desecrate","damage_taken":0,"max_hp_gain":0,"max_hp_loss":0,"event_name":"Golden Shrine","floor":5,"gold_loss":0,"cards_obtained":["Regret"]}],"is_beta":false,"boss_relics":[],"items_purged_floors":[8],"is_endless":false,"potions_floor_spawned":[1,7],"killed_by":"Lagavulin","ascension_level":18}