{"gold_per_floor":[112,31,31,57,57,85,85,97,97,128,128,162,173,323,323,401,401,414,414,18,35,45,45],"floor_reached":23,"playtime":611,"items_purged":["Doubt"],"score":441,"play_id":"6d6913ca-66c4-41a1-8003-2bff1eb6d800","local_time":"20210715213457","is_ascension_mode":true,"campfire_choices":[{"data":"Eruption","floor":7,"key":"SMITH"},{"data":"Tantrum","floor":15,"key":"SMITH"}],"neow_cost":"NONE","seed_source_timestamp":1890860673872000,"circlet_count":0,"master_deck":["AscendersBane","Eruption+1","Vigilance","FearNoEvil","Tantrum+1","Consecrate","FollowUp","Evaluate","EmptyMind","DeusExMachina","Perseverance","FlurryOfBlows","EmptyBody","Establishment","Consecrate","WaveOfTheHand","Pray+1","Evaluate","Pray"],"relics":["PureWater","NeowsBlessing","Art of War","Strawberry","Shuriken","Yang","Bottled Flame","StoneCalendar","Pandora\u0027s Box","TungstenRod"],"potions_floor_usage":[10,12,16],"damage_taken":[{"damage":0,"enemies":"Jaw Worm","floor":1,"turns":1},{"damage":0,"enemies":"Lagavulin","floor":6,"turns":2},{"damage":0,"enemies":"Small Slimes","floor":8,"turns":1},{"damage":1,"enemies":"Gremlin Nob","floor":10,"turns":3},{"damage":15,"enemies":"Lagavulin","floor":12,"turns":4},{"damage":0,"enemies":"2 Louse","floor":13,"turns":2},{"damage":51,"enemies":"The Guardian","floor":16,"turns":6},{"damage":3,"enemies":"3 Byrds","floor":18,"turns":3},{"damage":6,"enemies":"2 Thieves","floor":21,"turns":4},{"damage":3,"enemies":"Centurion and Healer","floor":22,"turns":4},{"damage":53,"enemies":"Gremlin Leader","floor":23,"turns":2}],"seed_played":"4179317605852801403","potions_obtained":[{"floor":1,"key":"Block Potion"},{"floor":8,"key":"Strength Potion"},{"floor":12,"key":"SneckoOil"},{"floor":22,"key":"Dexterity Potion"}],"is_trial":false,"path_per_floor":["M","$","?","T","?","E","R","M","T","E","?","E","M","?","R","B",null,"M","?","$","M","M","E"],"character_chosen":"WATCHER","items_purchased":["Tantrum","TungstenRod"],"campfire_rested":0,"item_purchase_floors":[2,20],"current_hp_per_floor":[61,61,61,68,68,68,68,68,68,67,67,52,52,52,52,1,57,54,54,54,48,45,0],"gold":45,"neow_bonus":"THREE_ENEMY_KILL","is_prod":false,"is_daily":false,"chose_seed":false,"campfire_upgraded":2,"win_rate":0,"timestamp":1626399297,"path_taken":["M","$","?","?","?","E","R","M","T","E","?","E","?","?","R","BOSS","M","?","?","?","M","E"],"build_version":"2020-12-22","purchased_purges":1,"victory":false,"max_hp_per_floor":[68,68,68,75,75,75,75,75,75,75,75,75,75,75,75,75,75,75,75,75,75,75,75],"card_choices":[{"not_picked":["Indignation","Collect"],"picked":"FearNoEvil","floor":1},{"not_picked":["Halt","EmptyBody"],"picked":"Consecrate","floor":6},{"not_picked":["Crescendo","FearNoEvil"],"picked":"FollowUp","floor":8},{"not_picked":["CutThroughFate","CrushJoints"],"picked":"Evaluate","floor":10},{"not_picked":["FollowUp","MasterReality","Wireheading"],"picked":"SKIP","floor":12},{"not_picked":["ThirdEye","Prostrate"],"picked":"EmptyMind","floor":13},{"not_picked":["Brilliance","DevaForm"],"picked":"DeusExMachina","floor":16},{"not_picked":["FlurryOfBlows","ClearTheMind"],"picked":"Pray","floor":18},{"not_picked":["CutThroughFate","FlurryOfBlows","TalkToTheHand"],"picked":"SKIP","floor":21},{"not_picked":["BowlingBash","Consecrate","EmptyMind"],"picked":"SKIP","floor":22}],"player_experience":1489456,"relics_obtained":[{"floor":4,"key":"Strawberry"},{"floor":6,"key":"Shuriken"},{"floor":9,"key":"Yang"},{"floor":10,"key":"Bottled Flame"},{"floor":12,"key":"StoneCalendar"}],"event_choices":[{"damage_healed":0,"gold_gain":0,"player_choice":"Box","damage_taken":0,"relics_obtained":["Art of War"],"max_hp_gain":0,"max_hp_loss":0,"event_name":"Big Fish","floor":3,"gold_loss":0,"cards_obtained":["Regret"]},{"cards_removed":["Regret"],"damage_healed":0,"gold_gain":0,"player_choice":"Forget","damage_taken":0,"max_hp_gain":0,"max_hp_loss":0,"event_name":"Living Wall","floor":5,"gold_loss":0},{"damage_healed":0,"gold_gain":0,"player_choice":"0 cards matched","damage_taken":0,"max_hp_gain":0,"max_hp_loss":0,"event_name":"Match and Keep!","floor":11,"gold_loss":0,"cards_obtained":[]},{"damage_healed":0,"gold_gain":150,"player_choice":"AGREE","damage_taken":0,"max_hp_gain":0,"max_hp_loss":0,"event_name":"Liars Game","floor":14,"gold_loss":0,"cards_obtained":["Doubt"]},{"damage_healed":0,"gold_gain":0,"player_choice":"Upgraded","damage_taken":0,"max_hp_gain":0,"max_hp_loss":0,"event_name":"Upgrade Shrine","floor":19,"gold_loss":0,"cards_upgraded":["Pray"]}],"is_beta":false,"boss_relics":[{"not_picked":["Runic Dome","Fusion Hammer"],"picked":"Pandora\u0027s Box"}],"items_purged_floors":[20],"is_endless":false,"potions_floor_spawned":[1,8,12,22],"killed_by":"Gremlin Leader","ascension_level":18}