{"gold_per_floor":[162,162,87,100,100,100,140,155,203,45,58,102,102,102,102,193,193,193],"floor_reached":18,"playtime":695,"items_purged":[],"score":319,"play_id":"51618733-61f2-4278-b80c-d30298c96351","local_time":"20210716161524","is_ascension_mode":true,"campfire_choices":[{"data":"Eruption","floor":6,"key":"SMITH"},{"data":"TalkToTheHand","floor":15,"key":"SMITH"}],"neow_cost":"NONE","seed_source_timestamp":1958006347893000,"circlet_count":0,"master_deck":["AscendersBane","Strike_P","Strike_P","Defend_P","Defend_P","Defend_P+1","Defend_P","Eruption+1","Vigilance","Conclude","ThirdEye","TalkToTheHand+1","Consecrate","Pray","WheelKick","DevaForm","LessonLearned"],"relics":["Tiny House","Golden Idol","Centennial Puzzle","Toy Ornithopter","Regal Pillow","Dream Catcher","VioletLotus"],"potions_floor_usage":[7,12,16,16],"damage_taken":[{"damage":7,"enemies":"Jaw Worm","floor":1,"turns":3},{"damage":12,"enemies":"Small Slimes","floor":4,"turns":3},{"damage":33,"enemies":"Lagavulin","floor":7,"turns":4},{"damage":0,"enemies":"2 Louse","floor":8,"turns":2},{"damage":4,"enemies":"Exordium Wildlife","floor":11,"turns":4},{"damage":4,"enemies":"Gremlin Nob","floor":12,"turns":3},{"damage":17,"enemies":"Hexaghost","floor":16,"turns":10},{"damage":60,"enemies":"Spheric Guardian","floor":18,"turns":8}],"seed_played":"-1667701924003188981","potions_obtained":[{"floor":0,"key":"SneckoOil"},{"floor":1,"key":"PowerPotion"},{"floor":4,"key":"ColorlessPotion"},{"floor":11,"key":"BottledMiracle"},{"floor":12,"key":"Strength Potion"}],"is_trial":false,"path_per_floor":["M","?","?","M","?","R","E","M","T","$","M","E","?","$","R","B",null,"M"],"character_chosen":"WATCHER","items_purchased":["Regal Pillow"],"campfire_rested":0,"item_purchase_floors":[10],"current_hp_per_floor":[59,59,59,47,47,47,14,14,14,14,10,11,11,11,11,4,56,0],"gold":193,"neow_bonus":"BOSS_RELIC","is_prod":false,"is_daily":false,"chose_seed":false,"campfire_upgraded":2,"win_rate":0,"timestamp":1626466524,"path_taken":["M","?","?","M","?","R","E","?","T","$","M","E","?","?","R","BOSS","M"],"build_version":"2020-12-22","purchased_purges":0,"victory":false,"max_hp_per_floor":[73,73,73,73,73,73,73,73,73,73,73,73,73,73,73,73,73,73],"card_choices":[{"not_picked":["FearNoEvil","Protect"],"picked":"Conclude","floor":0},{"not_picked":["CutThroughFate","Crescendo"],"picked":"ThirdEye","floor":1},{"not_picked":["Crescendo","WindmillStrike"],"picked":"TalkToTheHand","floor":4},{"not_picked":["PathToVictory","SignatureMove"],"picked":"Pray","floor":7},{"not_picked":["Study","TalkToTheHand","JustLucky"],"picked":"SKIP","floor":8},{"not_picked":["FlyingSleeves","Crescendo"],"picked":"WheelKick","floor":11},{"not_picked":["Sanctity","SignatureMove","Wireheading"],"picked":"SKIP","floor":12},{"not_picked":["Ragnarok","Blasphemy"],"picked":"LessonLearned","floor":16}],"player_experience":1492351,"relics_obtained":[{"floor":7,"key":"Centennial Puzzle"},{"floor":9,"key":"Toy Ornithopter"},{"floor":12,"key":"Dream Catcher"}],"event_choices":[{"damage_healed":0,"gold_gain":0,"player_choice":"Take Wound","damage_taken":0,"relics_obtained":["Golden Idol"],"max_hp_gain":0,"max_hp_loss":0,"event_name":"Golden Idol","floor":2,"gold_loss":0,"cards_obtained":["Injury"]},{"cards_removed":["Injury"],"damage_healed":0,"gold_gain":0,"player_choice":"Card Removal","damage_taken":0,"max_hp_gain":0,"max_hp_loss":0,"event_name":"The Cleric","floor":3,"gold_loss":75},{"damage_healed":0,"gold_gain":0,"cards_transformed":["Strike_P"],"player_choice":"Change","damage_taken":0,"max_hp_gain":0,"max_hp_loss":0,"event_name":"Living Wall","floor":5,"gold_loss":0,"cards_obtained":["Consecrate"]},{"damage_healed":0,"gold_gain":0,"cards_transformed":["Strike_P"],"player_choice":"Transformed","damage_taken":0,"max_hp_gain":0,"max_hp_loss":0,"event_name":"Transmorgrifier","floor":13,"gold_loss":0,"cards_obtained":["DevaForm"]}],"is_beta":false,"boss_relics":[{"not_picked":["Philosopher\u0027s Stone","Sozu"],"picked":"VioletLotus"}],"items_purged_floors":[],"is_endless":false,"potions_floor_spawned":[1,4,11,12],"killed_by":"Spheric Guardian","ascension_level":18}