{"gold_per_floor":[118,29,43,118,132,132,132,163,188,188,188,188],"floor_reached":12,"playtime":253,"items_purged":[],"score":144,"play_id":"f451ba05-0bcb-4787-8583-504e3ea4333d","local_time":"20210720114208","is_ascension_mode":true,"campfire_choices":[{"data":"Eruption","floor":6,"key":"SMITH"},{"floor":11,"key":"REST"}],"neow_cost":"CURSE","seed_source_timestamp":101778272691000,"circlet_count":0,"master_deck":["AscendersBane","Strike_P","Strike_P","Strike_P","Strike_P","Defend_P","Defend_P","Defend_P","Defend_P","Eruption+1","Vigilance","Writhe","Collect","Tantrum","Conclude","Protect","Parasite","ThirdEye"],"relics":["PureWater","Gambling Chip","Centennial Puzzle","Lantern","Turnip"],"potions_floor_usage":[8],"damage_taken":[{"damage":2,"enemies":"Cultist","floor":1,"turns":4},{"damage":11,"enemies":"Small Slimes","floor":3,"turns":3},{"damage":0,"enemies":"Jaw Worm","floor":5,"turns":2},{"damage":12,"enemies":"3 Sentries","floor":8,"turns":4},{"damage":56,"enemies":"Gremlin Nob","floor":12,"turns":3}],"seed_played":"-6659324243788723364","potions_obtained":[{"floor":3,"key":"GamblersBrew"}],"is_trial":false,"path_per_floor":["M","$","M","?","M","R","?","E","T","?","R","E"],"character_chosen":"WATCHER","items_purchased":["Tantrum"],"campfire_rested":1,"item_purchase_floors":[2],"current_hp_per_floor":[59,59,48,37,37,37,54,42,42,16,36,0],"gold":188,"neow_bonus":"ONE_RARE_RELIC","is_prod":false,"is_daily":false,"chose_seed":false,"campfire_upgraded":1,"win_rate":0,"timestamp":1626795728,"path_taken":["M","$","M","?","M","R","?","E","T","?","R","E"],"build_version":"2020-12-22","purchased_purges":0,"victory":false,"max_hp_per_floor":[68,68,68,68,68,68,68,68,68,68,68,68],"card_choices":[{"not_picked":["JustLucky","EmptyBody"],"picked":"Collect","floor":1},{"not_picked":["CutThroughFate","Collect"],"picked":"Conclude","floor":3},{"not_picked":["EmptyFist","CutThroughFate"],"picked":"Protect","floor":5},{"not_picked":["FlyingSleeves","SashWhip"],"picked":"ThirdEye","floor":8}],"player_experience":1503432,"relics_obtained":[{"floor":8,"key":"Centennial Puzzle"},{"floor":9,"key":"Lantern"}],"event_choices":[{"damage_healed":0,"gold_gain":75,"player_choice":"Gather Gold","damage_taken":11,"max_hp_gain":0,"max_hp_loss":0,"event_name":"World of Goop","floor":4,"gold_loss":0},{"damage_healed":17,"gold_gain":0,"player_choice":"Healed and dodged fight","damage_taken":0,"max_hp_gain":0,"max_hp_loss":0,"event_name":"Mushrooms","floor":7,"gold_loss":0,"cards_obtained":["Parasite"]},{"damage_healed":0,"gold_gain":0,"player_choice":"Success","damage_taken":26,"relics_obtained":["Turnip"],"max_hp_gain":0,"max_hp_loss":0,"event_name":"Scrap Ooze","floor":10,"gold_loss":0}],"is_beta":false,"boss_relics":[],"items_purged_floors":[],"is_endless":false,"potions_floor_spawned":[3],"killed_by":"Gremlin Nob","ascension_level":18}