{"gold_per_floor":[116,15,25,25,38,38,38,77,77,77,2,2,42,42],"floor_reached":14,"playtime":368,"items_purged":[],"score":182,"play_id":"ee7a38ce-04dc-43e2-ab0e-6a71b6afdce1","local_time":"20210719215419","is_ascension_mode":true,"campfire_choices":[{"data":"LessonLearned","floor":6,"key":"SMITH"},{"data":"Eruption","floor":12,"key":"SMITH"}],"neow_cost":"NONE","seed_source_timestamp":51995286266000,"circlet_count":0,"master_deck":["AscendersBane","Strike_P","Strike_P+1","Strike_P","Strike_P+1","Defend_P+1","Defend_P","Defend_P","Defend_P","Eruption+1","Vigilance","LessonLearned+1","Indignation+1","Madness+1","BattleHymn","BowlingBash","Halt","Parasite"],"relics":["PureWater","Golden Idol","Matryoshka","Orichalcum","Darkstone Periapt","Bag of Marbles"],"potions_floor_usage":[8],"damage_taken":[{"damage":3,"enemies":"Small Slimes","floor":1,"turns":9},{"damage":2,"enemies":"Jaw Worm","floor":3,"turns":5},{"damage":17,"enemies":"2 Louse","floor":5,"turns":5},{"damage":2,"enemies":"3 Sentries","floor":8,"turns":4},{"damage":58,"enemies":"Lagavulin","floor":13,"turns":5},{"damage":3,"enemies":"Blue Slaver","floor":14,"turns":1}],"seed_played":"4332137630833501413","potions_obtained":[{"floor":1,"key":"BottledMiracle"},{"floor":3,"key":"Swift Potion"},{"floor":13,"key":"Energy Potion"}],"is_trial":false,"path_per_floor":["M","$","M","?","M","R","$","E","T","?","?","R","E","M"],"character_chosen":"WATCHER","items_purchased":["Madness"],"campfire_rested":0,"item_purchase_floors":[2],"current_hp_per_floor":[58,58,56,56,39,39,39,37,37,60,60,60,2,0],"gold":42,"neow_bonus":"ONE_RANDOM_RARE_CARD","is_prod":false,"is_daily":false,"chose_seed":false,"campfire_upgraded":2,"win_rate":0,"timestamp":1626746059,"path_taken":["M","$","M","?","M","R","$","E","T","?","?","R","E","M"],"build_version":"2020-12-22","purchased_purges":0,"victory":false,"max_hp_per_floor":[68,68,68,68,68,68,68,68,68,74,74,74,74,74],"card_choices":[{"not_picked":["WaveOfTheHand","JustLucky"],"picked":"Indignation","floor":1},{"not_picked":["FlyingSleeves","JustLucky"],"picked":"BattleHymn","floor":3},{"not_picked":["PathToVictory","Consecrate"],"picked":"BowlingBash","floor":5},{"not_picked":["ClearTheMind","Collect"],"picked":"Halt","floor":8},{"not_picked":["Weave","Nirvana","EmptyMind"],"picked":"SKIP","floor":13}],"player_experience":1501831,"relics_obtained":[{"floor":8,"key":"Matryoshka"},{"floor":9,"key":"Orichalcum"},{"floor":9,"key":"Darkstone Periapt"},{"floor":13,"key":"Bag of Marbles"}],"event_choices":[{"damage_healed":0,"gold_gain":0,"player_choice":"Take Wound","damage_taken":0,"relics_obtained":["Golden Idol"],"max_hp_gain":0,"max_hp_loss":0,"event_name":"Golden Idol","floor":4,"gold_loss":0,"cards_obtained":["Injury"]},{"damage_healed":17,"gold_gain":0,"player_choice":"Healed and dodged fight","damage_taken":0,"max_hp_gain":0,"max_hp_loss":0,"event_name":"Mushrooms","floor":10,"gold_loss":0,"cards_obtained":["Parasite"]},{"cards_removed":["Injury"],"damage_healed":0,"gold_gain":0,"player_choice":"Card Removal","damage_taken":0,"max_hp_gain":0,"max_hp_loss":0,"event_name":"The Cleric","floor":11,"gold_loss":75}],"is_beta":false,"boss_relics":[],"items_purged_floors":[],"is_endless":false,"potions_floor_spawned":[1,3,13],"killed_by":"Blue Slaver","ascension_level":18}