{"gold_per_floor":[117,117,88,238,238,268,280,315,339,339,339,352,367,400,400,478,478,498,515,62,62,62,62,74,74],"floor_reached":25,"playtime":725,"items_purged":["Regret"],"score":559,"play_id":"5b295c38-7834-4810-b102-ded86991b89b","local_time":"20210716160339","is_ascension_mode":true,"campfire_choices":[{"floor":15,"key":"REST"},{"data":"Blasphemy","floor":23,"key":"SMITH"}],"neow_cost":"NONE","seed_source_timestamp":1957270455078300,"circlet_count":0,"master_deck":["AscendersBane","Strike_P","Strike_P+1","Strike_P+1","Strike_P","Defend_P","Defend_P","Defend_P","Defend_P","Eruption","Vigilance","Adaptation","SashWhip","Doubt","Sanctity","FlurryOfBlows","FlyingSleeves+1","FlurryOfBlows+1","Indignation","Conclude+1","Blasphemy+1","MentalFortress","FollowUp+1"],"relics":["PureWater","NeowsBlessing","Pen Nib","Omamori","Molten Egg 2","Anchor","Meat on the Bone","CloakClasp","SacredBark","Ice Cream"],"potions_floor_usage":[8,14,16,19],"damage_taken":[{"damage":0,"enemies":"2 Louse","floor":1,"turns":2},{"damage":0,"enemies":"Lagavulin","floor":6,"turns":1},{"damage":0,"enemies":"Small Slimes","floor":7,"turns":2},{"damage":12,"enemies":"Gremlin Nob","floor":8,"turns":3},{"damage":0,"enemies":"Cultist","floor":12,"turns":2},{"damage":3,"enemies":"Exordium Wildlife","floor":13,"turns":2},{"damage":31,"enemies":"3 Sentries","floor":14,"turns":8},{"damage":4,"enemies":"Slime Boss","floor":16,"turns":3},{"damage":20,"enemies":"2 Thieves","floor":18,"turns":3},{"damage":9,"enemies":"Shell Parasite","floor":19,"turns":3},{"damage":25,"enemies":"Cultist and Chosen","floor":24,"turns":4},{"damage":100029,"enemies":"Book of Stabbing","floor":25,"turns":5}],"seed_played":"-4398622288327833421","potions_obtained":[{"floor":1,"key":"Fire Potion"},{"floor":12,"key":"DistilledChaos"},{"floor":14,"key":"Swift Potion"},{"floor":16,"key":"FearPotion"}],"is_trial":false,"path_per_floor":["M","?","$","?","?","E","M","E","T","?","T","M","M","E","R","B",null,"M","M","$","?","?","R","M","E"],"character_chosen":"WATCHER","items_purchased":["SashWhip","Ice Cream","FollowUp+1"],"campfire_rested":1,"item_purchase_floors":[3,20,20],"current_hp_per_floor":[61,41,41,41,41,41,41,29,29,46,46,46,43,24,44,40,61,41,44,44,44,44,44,31,0],"gold":74,"neow_bonus":"THREE_ENEMY_KILL","is_prod":false,"is_daily":false,"chose_seed":false,"campfire_upgraded":1,"win_rate":0,"timestamp":1626465819,"path_taken":["M","?","$","?","?","E","M","E","T","?","?","?","M","E","R","BOSS","M","M","$","?","?","R","M","E"],"build_version":"2020-12-22","purchased_purges":1,"victory":false,"max_hp_per_floor":[68,68,68,68,68,68,68,68,68,68,68,68,68,68,68,68,68,68,68,68,68,68,68,68,68],"card_choices":[{"not_picked":["Crescendo","JustLucky"],"picked":"Adaptation","floor":1},{"not_picked":["Evaluate","SashWhip"],"picked":"Sanctity","floor":6},{"not_picked":["CrushJoints","Omniscience"],"picked":"FlurryOfBlows","floor":7},{"not_picked":["EmptyMind","ClearTheMind"],"picked":"FlyingSleeves+1","floor":8},{"not_picked":["JustLucky+1","ClearTheMind"],"picked":"FlurryOfBlows+1","floor":12},{"not_picked":["Crescendo","ThirdEye"],"picked":"Indignation","floor":13},{"not_picked":["EmptyFist+1","Study"],"picked":"Conclude+1","floor":14},{"not_picked":["LessonLearned+1","MasterReality"],"picked":"Blasphemy","floor":16},{"not_picked":["PathToVictory","FlurryOfBlows+1","Indignation+1"],"picked":"SKIP","floor":18},{"not_picked":["Adaptation","LikeWater"],"picked":"MentalFortress","floor":19},{"not_picked":["PathToVictory","JustLucky+1","ReachHeaven+1"],"picked":"SKIP","floor":24}],"player_experience":1491626,"relics_obtained":[{"floor":6,"key":"Omamori"},{"floor":8,"key":"Molten Egg 2"},{"floor":9,"key":"Anchor"},{"floor":11,"key":"Meat on the Bone"},{"floor":14,"key":"CloakClasp"}],"event_choices":[{"damage_healed":0,"gold_gain":0,"player_choice":"Entered Light","damage_taken":20,"max_hp_gain":0,"max_hp_loss":0,"event_name":"Shining Light","floor":2,"gold_loss":0,"cards_upgraded":["Strike_P","Strike_P"]},{"damage_healed":0,"gold_gain":150,"player_choice":"AGREE","damage_taken":0,"max_hp_gain":0,"max_hp_loss":0,"event_name":"Liars Game","floor":4,"gold_loss":0,"cards_obtained":["Doubt"]},{"damage_healed":0,"gold_gain":0,"player_choice":"Box","damage_taken":0,"relics_obtained":["Pen Nib"],"max_hp_gain":0,"max_hp_loss":0,"event_name":"Big Fish","floor":5,"gold_loss":0,"cards_obtained":["Regret"]},{"damage_healed":17,"gold_gain":0,"player_choice":"Healed and dodged fight","damage_taken":0,"max_hp_gain":0,"max_hp_loss":0,"event_name":"Mushrooms","floor":10,"gold_loss":0,"cards_obtained":["Parasite"]},{"damage_healed":0,"gold_gain":0,"player_choice":"Ignored","damage_taken":0,"max_hp_gain":0,"max_hp_loss":0,"event_name":"Ghosts","floor":21,"gold_loss":0},{"damage_healed":0,"gold_gain":0,"player_choice":"Ignored","damage_taken":0,"max_hp_gain":0,"max_hp_loss":0,"event_name":"Vampires","floor":22,"gold_loss":0}],"is_beta":false,"boss_relics":[{"not_picked":["Snecko Eye","Coffee Dripper"],"picked":"SacredBark"}],"items_purged_floors":[20],"is_endless":false,"potions_floor_spawned":[1,12,14,16],"killed_by":"Book of Stabbing","ascension_level":18}