{"gold_per_floor":[109,126,126,201,201,201,232,232,259,279,309,55,82,105,117,202,214,245,307,319,331,293,337,349,361],"floor_reached":25,"playtime":631,"items_purged":[],"score":542,"play_id":"e864406a-571f-4f23-8bb8-ef84f82a4557","local_time":"20210719233914","is_ascension_mode":true,"campfire_choices":[{"data":"Eruption","floor":6,"key":"SMITH"},{"data":"Ragnarok","floor":8,"key":"SMITH"},{"data":"Worship","floor":15,"key":"SMITH"},{"floor":24,"key":"REST"}],"neow_cost":"NONE","seed_source_timestamp":58025287401800,"circlet_count":0,"master_deck":["AscendersBane","Strike_P","Defend_P","Defend_P+1","Defend_P","Defend_P","Eruption+1","Vigilance","Conclude","Prostrate","Ragnarok+1","ThirdEye","Meditate","Worship+1","Crescendo","SpiritShield+1","ConjureBlade+1","SashWhip+1","EmptyMind+1"],"relics":["PureWater","NeowsBlessing","Bag of Marbles","StrikeDummy","Lantern","Toy Ornithopter","Sling","MawBank","Astrolabe","Bronze Scales"],"potions_floor_usage":[11,16,18,25,25],"damage_taken":[{"damage":0,"enemies":"Small Slimes","floor":1,"turns":1},{"damage":0,"enemies":"2 Louse","floor":2,"turns":1},{"damage":0,"enemies":"3 Sentries","floor":7,"turns":1},{"damage":0,"enemies":"Jaw Worm","floor":10,"turns":1},{"damage":0,"enemies":"Lagavulin","floor":11,"turns":2},{"damage":21,"enemies":"3 Sentries","floor":13,"turns":6},{"damage":0,"enemies":"3 Louse","floor":14,"turns":3},{"damage":17,"enemies":"Hexaghost","floor":16,"turns":9},{"damage":1,"enemies":"3 Byrds","floor":18,"turns":4},{"damage":49,"enemies":"Book of Stabbing","floor":23,"turns":6},{"damage":48,"enemies":"Gremlin Leader","floor":25,"turns":3}],"seed_played":"363668584393331314","potions_obtained":[{"floor":7,"key":"Energy Potion"},{"floor":10,"key":"Fire Potion"},{"floor":11,"key":"Weak Potion"},{"floor":16,"key":"LiquidMemories"},{"floor":23,"key":"Dexterity Potion"}],"is_trial":false,"path_per_floor":["M","M","?","?","?","R","E","R","T","M","E","$","E","M","R","B",null,"M","?","$","?","?","E","R","E"],"character_chosen":"WATCHER","items_purchased":["Sling","Worship"],"campfire_rested":1,"item_purchase_floors":[12,12],"current_hp_per_floor":[61,61,35,24,46,46,46,46,46,46,46,46,25,25,25,13,54,58,58,58,58,58,9,29,0],"gold":361,"neow_bonus":"THREE_ENEMY_KILL","is_prod":false,"is_daily":false,"chose_seed":false,"campfire_upgraded":3,"win_rate":0,"timestamp":1626752354,"path_taken":["M","M","?","?","?","R","E","R","T","M","E","$","E","M","R","BOSS","M","?","$","?","?","E","R","E"],"build_version":"2020-12-22","purchased_purges":0,"victory":false,"max_hp_per_floor":[68,68,68,68,68,68,68,68,68,68,68,68,68,68,68,68,68,68,68,68,68,68,68,68,68],"card_choices":[{"not_picked":["FlyingSleeves","ReachHeaven"],"picked":"Conclude","floor":1},{"not_picked":["ThirdEye","Protect"],"picked":"Prostrate","floor":2},{"not_picked":["EmptyBody","CrushJoints"],"picked":"Ragnarok","floor":7},{"not_picked":["BowlingBash","CutThroughFate"],"picked":"ThirdEye","floor":10},{"not_picked":["SandsOfTime","FollowUp"],"picked":"Meditate","floor":11},{"not_picked":["Evaluate","FollowUp","FlurryOfBlows"],"picked":"SKIP","floor":13},{"not_picked":["Adaptation","FlyingSleeves"],"picked":"Crescendo","floor":14},{"not_picked":["ConjureBlade","Judgement"],"picked":"SpiritShield","floor":16},{"not_picked":["Meditate","Halt","EmptyBody"],"picked":"SKIP","floor":18},{"not_picked":["Crescendo","DeceiveReality","Halt"],"picked":"SKIP","floor":23}],"player_experience":1502199,"relics_obtained":[{"floor":7,"key":"StrikeDummy"},{"floor":9,"key":"Lantern"},{"floor":11,"key":"Toy Ornithopter"},{"floor":13,"key":"MawBank"},{"floor":23,"key":"Bronze Scales"}],"event_choices":[{"damage_healed":0,"gold_gain":0,"player_choice":"Success","damage_taken":26,"relics_obtained":["Bag of Marbles"],"max_hp_gain":0,"max_hp_loss":0,"event_name":"Scrap Ooze","floor":3,"gold_loss":0},{"damage_healed":0,"gold_gain":75,"player_choice":"Gather Gold","damage_taken":11,"max_hp_gain":0,"max_hp_loss":0,"event_name":"World of Goop","floor":4,"gold_loss":0},{"damage_healed":22,"gold_gain":0,"player_choice":"Banana","damage_taken":0,"max_hp_gain":0,"max_hp_loss":0,"event_name":"Big Fish","floor":5,"gold_loss":0},{"damage_healed":0,"gold_gain":50,"player_choice":"Stole From Cult","damage_taken":0,"max_hp_gain":0,"max_hp_loss":0,"event_name":"Nest","floor":19,"gold_loss":0},{"damage_healed":0,"gold_gain":0,"player_choice":"Ignored","damage_taken":0,"max_hp_gain":0,"max_hp_loss":0,"event_name":"Vampires","floor":21,"gold_loss":0},{"damage_healed":0,"gold_gain":0,"player_choice":"Upgraded Two","damage_taken":0,"max_hp_gain":0,"max_hp_loss":0,"event_name":"Designer","floor":22,"gold_loss":50,"cards_upgraded":["Defend_P","SpiritShield"]}],"is_beta":false,"boss_relics":[{"not_picked":["Coffee Dripper","Cursed Key"],"picked":"Astrolabe"}],"items_purged_floors":[],"is_endless":false,"potions_floor_spawned":[7,10,11,16,23],"killed_by":"Gremlin Leader","ascension_level":18}