{"gold_per_floor":[119,119,119,119,30,60,60,94,94,112,112,112,137,150,150,226,226,236,249,29,29,48,48,48,48,48,48,83,83,83],"floor_reached":30,"playtime":674,"items_purged":[],"score":640,"play_id":"23f5840e-5dd8-4575-a495-8e3e72e3bc59","local_time":"20210713144626","is_ascension_mode":true,"campfire_choices":[{"data":"Eruption","floor":7,"key":"SMITH"},{"data":"WheelKick","floor":11,"key":"SMITH"},{"data":"WreathOfFlame","floor":15,"key":"SMITH"},{"floor":23,"key":"REST"},{"floor":25,"key":"REST"},{"data":"Apotheosis","floor":27,"key":"SMITH"}],"neow_cost":"NONE","seed_source_timestamp":1693486631726600,"circlet_count":0,"master_deck":["AscendersBane","Strike_P","Strike_P+1","Strike_P+1","Defend_P","Defend_P","Defend_P","Defend_P","Eruption+1","Vigilance","Consecrate","WheelKick+1","DeusExMachina","EmptyBody","Halt","Adaptation","WreathOfFlame+1","MasterReality","ClearTheMind+1","Tantrum","Apotheosis+1","Bandage Up","MentalFortress+1"],"relics":["PureWater","NeowsBlessing","Omamori","Pen Nib","Orichalcum","Potion Belt","The Courier","Whetstone","Busted Crown","MutagenicStrength","Pear","Lantern"],"potions_floor_usage":[16,19,28],"damage_taken":[{"damage":0,"enemies":"Cultist","floor":1,"turns":1},{"damage":0,"enemies":"Gremlin Nob","floor":6,"turns":1},{"damage":0,"enemies":"Lagavulin","floor":8,"turns":1},{"damage":4,"enemies":"Small Slimes","floor":10,"turns":2},{"damage":0,"enemies":"Gremlin Nob","floor":13,"turns":1},{"damage":0,"enemies":"Jaw Worm","floor":14,"turns":3},{"damage":19,"enemies":"The Guardian","floor":16,"turns":9},{"damage":29,"enemies":"2 Thieves","floor":18,"turns":4},{"damage":0,"enemies":"Chosen","floor":19,"turns":1},{"damage":29,"enemies":"Sentry and Sphere","floor":22,"turns":4},{"damage":33,"enemies":"Slavers","floor":28,"turns":5},{"damage":20,"enemies":"Colosseum Slavers","floor":29,"turns":4},{"damage":13,"enemies":"Book of Stabbing","floor":30,"turns":2}],"seed_played":"6370452804058312736","potions_obtained":[{"floor":8,"key":"LiquidMemories"},{"floor":14,"key":"BottledMiracle"},{"floor":16,"key":"EssenceOfSteel"},{"floor":18,"key":"AttackPotion"}],"is_trial":false,"path_per_floor":["M","?","?","?","$","E","R","E","T","M","R","?","E","M","R","B",null,"M","M","$","?","M","R","?","R","T","R","E","?","E"],"character_chosen":"WATCHER","items_purchased":["WheelKick","Apotheosis","Bandage Up"],"campfire_rested":2,"item_purchase_floors":[5,20,20],"current_hp_per_floor":[61,61,54,36,36,36,36,36,36,32,32,32,32,32,32,13,54,25,25,25,25,2,22,22,42,52,52,25,9,0],"gold":83,"neow_bonus":"THREE_ENEMY_KILL","is_prod":false,"is_daily":false,"chose_seed":false,"campfire_upgraded":4,"win_rate":0,"timestamp":1626201986,"path_taken":["M","?","?","?","$","E","R","E","T","M","R","?","E","?","R","BOSS","M","M","$","?","M","R","?","R","T","R","E","?","E"],"build_version":"2020-12-22","purchased_purges":0,"victory":false,"max_hp_per_floor":[68,68,68,68,68,68,68,68,68,68,68,68,68,68,68,68,68,68,68,68,68,68,68,68,68,78,78,78,78,78],"card_choices":[{"not_picked":["JustLucky","SashWhip"],"picked":"Consecrate","floor":1},{"not_picked":["CarveReality","BattleHymn","Wireheading"],"picked":"SKIP","floor":6},{"not_picked":["WaveOfTheHand","SashWhip"],"picked":"DeusExMachina","floor":8},{"not_picked":["CrushJoints","ThirdEye"],"picked":"EmptyBody","floor":10},{"not_picked":["Establishment","WindmillStrike"],"picked":"Adaptation","floor":13},{"not_picked":["Consecrate","FlyingSleeves"],"picked":"WreathOfFlame","floor":14},{"not_picked":["SpiritShield","Omniscience"],"picked":"MasterReality","floor":16},{"not_picked":[],"picked":"ClearTheMind+1","floor":18},{"not_picked":[],"picked":"Tantrum","floor":19},{"not_picked":[],"picked":"MentalFortress+1","floor":22},{"not_picked":["CrushJoints"],"picked":"SKIP","floor":28}],"player_experience":1485654,"relics_obtained":[{"floor":6,"key":"Orichalcum"},{"floor":8,"key":"Potion Belt"},{"floor":9,"key":"The Courier"},{"floor":13,"key":"Whetstone"},{"floor":26,"key":"Pear"},{"floor":28,"key":"Lantern"}],"event_choices":[{"damage_healed":0,"gold_gain":0,"player_choice":"Box","damage_taken":0,"relics_obtained":["Omamori"],"max_hp_gain":0,"max_hp_loss":0,"event_name":"Big Fish","floor":2,"gold_loss":0,"cards_obtained":["Regret"]},{"cards_removed":["Regret"],"damage_healed":0,"gold_gain":0,"player_choice":"Card Removal","damage_taken":7,"max_hp_gain":0,"max_hp_loss":0,"event_name":"Golden Wing","floor":3,"gold_loss":0},{"damage_healed":0,"gold_gain":0,"player_choice":"Success","damage_taken":18,"relics_obtained":["Pen Nib"],"max_hp_gain":0,"max_hp_loss":0,"event_name":"Scrap Ooze","floor":4,"gold_loss":0},{"damage_healed":0,"gold_gain":0,"cards_transformed":["Strike_P"],"player_choice":"Transformed","damage_taken":0,"max_hp_gain":0,"max_hp_loss":0,"event_name":"Transmorgrifier","floor":12,"gold_loss":0,"cards_obtained":["Halt"]},{"damage_healed":0,"gold_gain":0,"player_choice":"Inject Mutagens","damage_taken":0,"relics_obtained":["MutagenicStrength"],"max_hp_gain":0,"max_hp_loss":0,"event_name":"Drug Dealer","floor":21,"gold_loss":0},{"damage_healed":0,"gold_gain":0,"player_choice":"Ignored","damage_taken":0,"max_hp_gain":0,"max_hp_loss":0,"event_name":"Ghosts","floor":24,"gold_loss":0},{"damage_healed":0,"gold_gain":0,"player_choice":"Fight","damage_taken":0,"max_hp_gain":0,"max_hp_loss":0,"event_name":"Colosseum","floor":29,"gold_loss":0},{"damage_healed":0,"gold_gain":0,"player_choice":"Fled From Nobs","damage_taken":0,"max_hp_gain":0,"max_hp_loss":0,"event_name":"Colosseum","floor":29,"gold_loss":0}],"is_beta":false,"boss_relics":[{"not_picked":["SlaversCollar","Sozu"],"picked":"Busted Crown"}],"items_purged_floors":[],"is_endless":false,"potions_floor_spawned":[8,14,16,18],"killed_by":"Book of Stabbing","ascension_level":18}