{"gold_per_floor":[113,113,35,55,126,138,138,138,138,63,63,91,91,118,118,195,245,257,257,271,271,300,300,332,332,332,11,29,82,82,82],"floor_reached":31,"playtime":1029,"items_purged":["Regret"],"score":669,"play_id":"f75e6136-de46-4c20-9720-97fdcaa70f8a","local_time":"20210716163306","is_ascension_mode":true,"campfire_choices":[{"data":"Eruption","floor":7.0,"key":"SMITH"},{"data":"Tantrum","floor":11.0,"key":"SMITH"},{"floor":15.0,"key":"REST"},{"floor":23,"key":"REST"}],"neow_cost":"NONE","seed_source_timestamp":1958713576896500,"circlet_count":0,"master_deck":["AscendersBane","Strike_P+1","Strike_P+1","Strike_P+1","Strike_P+1","Defend_P+1","Defend_P+1","Defend_P+1","Defend_P+1","Eruption+1","Vigilance","Vengeance","Tantrum+1","SignatureMove+1","Evaluate","FearNoEvil+1","Wish","Halt","WreathOfFlame+1","Conclude+1"],"special_seed":0,"relics":["PureWater","Centennial Puzzle","Kunai","Bottled Flame","Bronze Scales","Juzu Bracelet","Tiny House","TungstenRod","Red Mask","Omamori","Pantograph","Whetstone","Regal Pillow","Shuriken"],"potions_floor_usage":[16,20,28],"damage_taken":[{"damage":0.0,"enemies":"2 Louse","floor":1.0,"turns":3.0},{"damage":0.0,"enemies":"Cultist","floor":4.0,"turns":2.0},{"damage":0.0,"enemies":"Small Slimes","floor":6.0,"turns":2.0},{"damage":2.0,"enemies":"3 Sentries","floor":12.0,"turns":3.0},{"damage":0.0,"enemies":"Lagavulin","floor":14.0,"turns":2.0},{"damage":0,"enemies":"Slime Boss","floor":16,"turns":3},{"damage":18,"enemies":"Chosen","floor":18,"turns":4},{"damage":1,"enemies":"3 Byrds","floor":20,"turns":3},{"damage":9,"enemies":"Masked Bandits","floor":22,"turns":3},{"damage":26,"enemies":"Gremlin Leader","floor":24,"turns":7},{"damage":15,"enemies":"Snake Plant","floor":28,"turns":2},{"damage":21,"enemies":"Book of Stabbing","floor":29,"turns":5},{"damage":20,"enemies":"Colosseum Slavers","floor":30,"turns":2},{"damage":36,"enemies":"Cultist and Chosen","floor":31,"turns":4}],"seed_played":"-6223307086649509933","potions_obtained":[{"floor":4.0,"key":"SpeedPotion"},{"floor":14.0,"key":"SteroidPotion"},{"floor":16,"key":"SneckoOil"},{"floor":17,"key":"FairyPotion"},{"floor":20,"key":"Fruit Juice"},{"floor":22,"key":"Swift Potion"}],"is_trial":false,"path_per_floor":["M","?","$","M","?","M","R","?","T","$","R","E","?","E","R","B",null,"M","?","M","?","?","R","E","?","T","$","M","E","?","M"],"character_chosen":"WATCHER","items_purchased":["Tantrum","Whetstone","Regal Pillow"],"campfire_rested":2,"item_purchase_floors":[3,27,27],"current_hp_per_floor":[61,61,61,61,61,61,61,61,61,61,61,59,39,39,59,59,71,53,53,57,57,48,71,45,45,45,45,30,9,23,0],"gold":82,"neow_bonus":"RANDOM_COMMON_RELIC","is_prod":false,"is_daily":false,"chose_seed":false,"campfire_upgraded":2,"win_rate":0,"timestamp":1626467586,"path_taken":["M","?","?","M","?","M","R","?","T","$","R","E","?","E","R","BOSS","M","?","M","?","?","R","E","?","T","$","M","E","?","M"],"build_version":"2020-12-22","purchased_purges":1,"victory":false,"max_hp_per_floor":[68,68,68,68,68,68,68,68,68,68,68,68,68,68,68,68,73,73,73,78,78,78,78,78,78,78,78,78,78,78,78],"card_choices":[{"not_picked":["EmptyFist","CrushJoints"],"picked":"Vengeance","floor":1.0},{"not_picked":["BowlingBash","JustLucky"],"picked":"SignatureMove","floor":4.0},{"not_picked":["Crescendo","CutThroughFate"],"picked":"Evaluate","floor":6.0},{"not_picked":["EmptyFist","Establishment","SashWhip"],"picked":"SKIP","floor":12.0},{"not_picked":["InnerPeace","ReachHeaven"],"picked":"FearNoEvil","floor":14.0},{"not_picked":["Judgement","MasterReality"],"picked":"Wish","floor":16},{"not_picked":["WreathOfFlame","CarveReality","FearNoEvil"],"picked":"SKIP","floor":18},{"not_picked":["ClearTheMind","Evaluate"],"picked":"Halt","floor":20},{"not_picked":["EmptyFist","EmptyMind"],"picked":"WreathOfFlame+1","floor":22},{"not_picked":["PathToVictory","Wireheading"],"picked":"Conclude","floor":24},{"not_picked":["EmptyBody","ClearTheMind+1","Prostrate"],"picked":"SKIP","floor":28},{"not_picked":["Nirvana","Wallop","Study"],"picked":"SKIP","floor":29}],"player_experience":1493046,"relics_obtained":[{"floor":9.0,"key":"Bottled Flame"},{"floor":12.0,"key":"Bronze Scales"},{"floor":14.0,"key":"Juzu Bracelet"},{"floor":22,"key":"Red Mask"},{"floor":24,"key":"Omamori"},{"floor":26,"key":"Pantograph"},{"floor":29,"key":"Shuriken"}],"event_choices":[{"damage_healed":0.0,"max_hp_gain":0.0,"max_hp_loss":0.0,"gold_gain":0.0,"event_name":"Match and Keep!","player_choice":"0 cards matched","floor":2.0,"gold_loss":0.0,"damage_taken":0.0,"cards_obtained":[]},{"damage_healed":0.0,"max_hp_gain":0.0,"max_hp_loss":0.0,"gold_gain":71.0,"event_name":"Golden Wing","player_choice":"Gained Gold","floor":5.0,"gold_loss":0.0,"damage_taken":0.0},{"damage_healed":0.0,"max_hp_gain":0.0,"max_hp_loss":0.0,"gold_gain":0.0,"event_name":"Big Fish","player_choice":"Box","floor":8.0,"gold_loss":0.0,"damage_taken":0.0,"relics_obtained":["Kunai"],"cards_obtained":["Regret"]},{"damage_healed":0.0,"max_hp_gain":0.0,"max_hp_loss":0.0,"gold_gain":0.0,"event_name":"Shining Light","player_choice":"Entered Light","floor":13.0,"gold_loss":0.0,"damage_taken":20.0,"cards_upgraded":["SignatureMove","Strike_P"]},{"damage_healed":0,"gold_gain":0,"player_choice":"Opened","damage_taken":0,"relics_obtained":["TungstenRod"],"max_hp_gain":0,"max_hp_loss":0,"event_name":"The Mausoleum","floor":19,"gold_loss":0,"cards_obtained":["Writhe"]},{"cards_removed":["Writhe"],"damage_healed":0,"gold_gain":0,"player_choice":"Purged","damage_taken":0,"max_hp_gain":0,"max_hp_loss":0,"event_name":"Purifier","floor":21,"gold_loss":0},{"damage_healed":0,"gold_gain":0,"player_choice":"Fought Bandits","damage_taken":0,"max_hp_gain":0,"max_hp_loss":0,"event_name":"Masked Bandits","floor":22,"gold_loss":0},{"damage_healed":0,"gold_gain":0,"player_choice":"Simplicity","damage_taken":0,"max_hp_gain":0,"max_hp_loss":0,"event_name":"Back to Basics","floor":25,"gold_loss":0,"cards_upgraded":["Strike_P","Strike_P","Strike_P","Defend_P","Defend_P","Defend_P"]},{"damage_healed":0,"gold_gain":0,"player_choice":"Fight","damage_taken":0,"max_hp_gain":0,"max_hp_loss":0,"event_name":"Colosseum","floor":30,"gold_loss":0},{"damage_healed":0,"gold_gain":0,"player_choice":"Fled From Nobs","damage_taken":0,"max_hp_gain":0,"max_hp_loss":0,"event_name":"Colosseum","floor":30,"gold_loss":0}],"is_beta":false,"boss_relics":[{"not_picked":["SacredBark","Philosopher\u0027s Stone"],"picked":"Tiny House"}],"items_purged_floors":[10],"is_endless":false,"potions_floor_spawned":[4,14,16,20,22,30],"killed_by":"Cultist and Chosen","ascension_level":18}