{"gold_per_floor":[117,192,216,227,227,254,254,281,304,304,321,348,92,111,111,185,185,202,202,30,35,35,35,67,67],"floor_reached":25,"playtime":883,"items_purged":[],"score":498,"play_id":"25d018f4-8009-47cf-920b-446f32a6cb0d","local_time":"20210719211809","is_ascension_mode":true,"campfire_choices":[{"data":"Eruption","floor":7,"key":"SMITH"},{"floor":10,"key":"REST"},{"floor":15,"key":"REST"},{"data":"Collect","floor":23,"key":"SMITH"}],"neow_cost":"NONE","seed_source_timestamp":49309174733100,"circlet_count":0,"master_deck":["AscendersBane","Strike_P","Strike_P","Defend_P","Defend_P","Eruption+1","Vigilance","EmptyMind","Collect+1","EmptyFist","WindmillStrike","ClearTheMind","WreathOfFlame","WaveOfTheHand","LikeWater","TalkToTheHand","ConjureBlade","LikeWater+1","InnerPeace","Devotion"],"relics":["PureWater","NeowsBlessing","Omamori","Lizard Tail","MealTicket","Bronze Scales","Dream Catcher","Toy Ornithopter","Empty Cage","Anchor","Bag of Preparation"],"potions_floor_usage":[12,12,16,24],"damage_taken":[{"damage":0,"enemies":"Small Slimes","floor":1,"turns":1},{"damage":0,"enemies":"Jaw Worm","floor":4,"turns":1},{"damage":0,"enemies":"Gremlin Nob","floor":6,"turns":1},{"damage":30,"enemies":"3 Sentries","floor":8,"turns":11},{"damage":0,"enemies":"Cultist","floor":11,"turns":2},{"damage":8,"enemies":"Gremlin Nob","floor":12,"turns":3},{"damage":22,"enemies":"Exordium Wildlife","floor":14,"turns":4},{"damage":76,"enemies":"The Guardian","floor":16,"turns":11},{"damage":18,"enemies":"Chosen","floor":18,"turns":5},{"damage":16,"enemies":"2 Thieves","floor":21,"turns":4},{"damage":31,"enemies":"Gremlin Leader","floor":24,"turns":6},{"damage":26,"enemies":"Snake Plant","floor":25,"turns":5}],"seed_played":"3013020664876979881","potions_obtained":[{"floor":1,"key":"SteroidPotion"},{"floor":11,"key":"AttackPotion"},{"floor":12,"key":"BlessingOfTheForge"},{"floor":14,"key":"LiquidBronze"}],"is_trial":false,"path_per_floor":["M","?","T","M","?","E","R","E","T","R","M","E","$","M","R","B",null,"M","?","$","M","$","R","E","M"],"character_chosen":"WATCHER","items_purchased":["Toy Ornithopter","LikeWater","Anchor"],"campfire_rested":2,"item_purchase_floors":[13,13,20],"current_hp_per_floor":[61,50,50,50,50,50,50,20,20,40,40,32,47,25,45,13,54,36,36,51,35,50,50,24,0],"gold":67,"neow_bonus":"THREE_ENEMY_KILL","is_prod":false,"is_daily":false,"chose_seed":false,"campfire_upgraded":2,"win_rate":0,"timestamp":1626743889,"path_taken":["M","?","?","?","?","E","R","E","T","R","M","E","$","M","R","BOSS","M","?","$","M","$","R","E","?"],"build_version":"2020-12-22","purchased_purges":0,"victory":false,"max_hp_per_floor":[68,68,68,68,68,68,68,68,68,68,68,68,68,68,68,68,68,68,68,68,68,68,68,68,68],"card_choices":[{"not_picked":["Wireheading","JustLucky"],"picked":"EmptyMind","floor":1},{"not_picked":["Vengeance","Prostrate"],"picked":"Collect","floor":4},{"not_picked":["BowlingBash","FollowUp"],"picked":"WindmillStrike","floor":6},{"not_picked":["SandsOfTime","JustLucky"],"picked":"ClearTheMind","floor":8},{"not_picked":["Protect","FollowUp"],"picked":"WreathOfFlame","floor":11},{"not_picked":["BowlingBash","Prostrate"],"picked":"WaveOfTheHand","floor":12},{"not_picked":["EmptyBody","PathToVictory"],"picked":"TalkToTheHand","floor":14},{"not_picked":["Brilliance","LessonLearned"],"picked":"ConjureBlade","floor":16},{"not_picked":["CrushJoints","CutThroughFate"],"picked":"LikeWater+1","floor":18},{"not_picked":["PathToVictory","Pray"],"picked":"InnerPeace","floor":21},{"not_picked":["SignatureMove","ClearTheMind"],"picked":"Devotion","floor":24}],"player_experience":1499204,"relics_obtained":[{"floor":3,"key":"Omamori"},{"floor":6,"key":"Lizard Tail"},{"floor":8,"key":"MealTicket"},{"floor":9,"key":"Bronze Scales"},{"floor":12,"key":"Dream Catcher"},{"floor":24,"key":"Bag of Preparation"}],"event_choices":[{"damage_healed":0,"gold_gain":75,"player_choice":"Gather Gold","damage_taken":11,"max_hp_gain":0,"max_hp_loss":0,"event_name":"World of Goop","floor":2,"gold_loss":0},{"damage_healed":0,"gold_gain":0,"cards_transformed":["Strike_P"],"player_choice":"Change","damage_taken":0,"max_hp_gain":0,"max_hp_loss":0,"event_name":"Living Wall","floor":5,"gold_loss":0,"cards_obtained":["EmptyFist"]},{"cards_removed":["Defend_P"],"damage_healed":0,"gold_gain":0,"player_choice":"Purged","damage_taken":0,"max_hp_gain":0,"max_hp_loss":0,"event_name":"Purifier","floor":19,"gold_loss":0}],"is_beta":false,"boss_relics":[{"not_picked":["Velvet Choker","Sozu"],"picked":"Empty Cage"}],"items_purged_floors":[],"is_endless":false,"potions_floor_spawned":[1,11,12,14],"killed_by":"Snake Plant","ascension_level":18}