{"gold_per_floor":[113,188,188,27,45,73,73,73,96,114,6,6,0,30,30,30],"floor_reached":16,"playtime":427,"items_purged":[],"score":249,"play_id":"010484e2-f04e-4a5c-bbc3-b414bb4538be","local_time":"20210719205803","is_ascension_mode":true,"campfire_choices":[{"data":"Flex","floor":8,"key":"SMITH"},{"data":"Panacea","floor":12,"key":"SMITH"},{"data":"Dodge and Roll","floor":15,"key":"SMITH"}],"neow_cost":"NONE","seed_source_timestamp":48559769259400,"circlet_count":0,"master_deck":["AscendersBane","Strike_P","Strike_P","Strike_P","Defend_P","Defend_P","Defend_P","Defend_P","Eruption+1","Vigilance","FlurryOfBlows","Dodge and Roll+1","Flex+1","MentalFortress","Panacea+1","Shrug It Off","Impatience"],"relics":["PureWater","NeowsBlessing","PrismaticShard","CloakClasp","Smiling Mask","Art of War"],"potions_floor_usage":[13,16,16],"damage_taken":[{"damage":0,"enemies":"2 Louse","floor":1,"turns":1},{"damage":0,"enemies":"Small Slimes","floor":5,"turns":2},{"damage":0,"enemies":"3 Sentries","floor":6,"turns":2},{"damage":3,"enemies":"Cultist","floor":10,"turns":3},{"damage":0,"enemies":"Looter","floor":13,"turns":4},{"damage":28,"enemies":"Lagavulin","floor":14,"turns":9},{"damage":29,"enemies":"Hexaghost","floor":16,"turns":7}],"seed_played":"-1501717180462316625","potions_obtained":[{"floor":5,"key":"LiquidBronze"},{"floor":10,"key":"LiquidMemories"},{"floor":14,"key":"LiquidBronze"}],"is_trial":false,"path_per_floor":["M","?","?","$","M","E","?","R","T","M","$","R","M","E","R","B"],"character_chosen":"WATCHER","items_purchased":["PrismaticShard","Panacea"],"campfire_rested":0,"item_purchase_floors":[4,11],"current_hp_per_floor":[61,50,50,50,50,50,50,50,50,47,47,47,47,19,19,0],"gold":30,"neow_bonus":"THREE_ENEMY_KILL","is_prod":false,"is_daily":false,"chose_seed":false,"campfire_upgraded":3,"win_rate":0,"timestamp":1626742683,"path_taken":["M","?","?","$","?","E","?","R","T","?","?","R","M","E","R","BOSS"],"build_version":"2020-12-22","purchased_purges":0,"victory":false,"max_hp_per_floor":[68,68,68,68,68,68,68,68,68,68,68,68,68,68,68,68],"card_choices":[{"not_picked":["CrushJoints","LikeWater"],"picked":"FlurryOfBlows","floor":1},{"not_picked":["Heavy Blade","Anger"],"picked":"Dodge and Roll","floor":5},{"not_picked":["Hemokinesis","Enlightenment"],"picked":"Flex","floor":6},{"not_picked":["Evolve","Turbo"],"picked":"MentalFortress","floor":10},{"not_picked":["Finesse","Rebound"],"picked":"Shrug It Off","floor":13},{"not_picked":["Backflip","Turbo"],"picked":"Impatience","floor":14}],"player_experience":1498477,"relics_obtained":[{"floor":6,"key":"CloakClasp"},{"floor":9,"key":"Smiling Mask"},{"floor":14,"key":"Art of War"}],"event_choices":[{"damage_healed":0,"gold_gain":75,"player_choice":"Gather Gold","damage_taken":11,"max_hp_gain":0,"max_hp_loss":0,"event_name":"World of Goop","floor":2,"gold_loss":0},{"cards_removed":["Strike_P"],"damage_healed":0,"gold_gain":0,"player_choice":"Card Removal","damage_taken":0,"max_hp_gain":0,"max_hp_loss":0,"event_name":"Wheel of Change","floor":3,"gold_loss":0},{"damage_healed":0,"gold_gain":0,"player_choice":"Upgraded","damage_taken":0,"max_hp_gain":0,"max_hp_loss":0,"event_name":"Upgrade Shrine","floor":7,"gold_loss":0,"cards_upgraded":["Eruption"]}],"is_beta":false,"boss_relics":[],"items_purged_floors":[],"is_endless":false,"potions_floor_spawned":[5,10,14],"killed_by":"Hexaghost","ascension_level":18}