{"gold_per_floor":[109,109,109,122,47,47,122,149,149,123,136,169,183,194,194,266,266,282,282,176,0,0,0],"floor_reached":23,"playtime":553,"items_purged":[],"score":422,"play_id":"4837dcad-bf66-425a-8445-28da07b2c5a2","local_time":"20210719213131","is_ascension_mode":true,"campfire_choices":[{"data":"PathToVictory","floor":6,"key":"SMITH"},{"floor":15,"key":"REST"}],"neow_cost":"NONE","seed_source_timestamp":50441131032200,"circlet_count":0,"master_deck":["AscendersBane","Strike_P+1","Strike_P+1","Strike_P+1","Defend_P+1","Defend_P+1","Defend_P+1","Eruption","Vigilance","PathToVictory+1","PathToVictory+1","Wallop","Protect","PathToVictory","ForeignInfluence","Evaluate","Wish","CurseOfTheBell","Collect","Jack Of All Trades","Necronomicurse"],"relics":["PureWater","NeowsBlessing","Peace Pipe","Blue Candle","Calling Bell","Anchor","Mercury Hourglass","Thread and Needle","Necronomicon"],"potions_floor_usage":[12,16,16,23],"damage_taken":[{"damage":0,"enemies":"Jaw Worm","floor":1,"turns":1},{"damage":0,"enemies":"Cultist","floor":4,"turns":1},{"damage":0,"enemies":"Gremlin Nob","floor":8,"turns":1},{"damage":0,"enemies":"2 Louse","floor":11,"turns":3},{"damage":30,"enemies":"3 Sentries","floor":12,"turns":11},{"damage":1,"enemies":"Blue Slaver","floor":13,"turns":3},{"damage":0,"enemies":"Exordium Thugs","floor":14,"turns":3},{"damage":18,"enemies":"Slime Boss","floor":16,"turns":9},{"damage":26,"enemies":"2 Thieves","floor":18,"turns":3},{"damage":11,"enemies":"Book of Stabbing","floor":23,"turns":4}],"seed_played":"-4809054266151655022","potions_obtained":[{"floor":1,"key":"Block Potion"},{"floor":11,"key":"StancePotion"},{"floor":12,"key":"BottledMiracle"},{"floor":18,"key":"Weak Potion"}],"is_trial":false,"path_per_floor":["M","?","?","M","?","R","?","E","T","$","M","E","M","M","R","B",null,"M","?","$","?","?","E"],"character_chosen":"WATCHER","items_purchased":["Protect","Jack Of All Trades"],"campfire_rested":1,"item_purchase_floors":[10,20],"current_hp_per_floor":[61,61,61,61,61,61,50,50,50,50,50,20,19,19,39,21,56,30,30,30,30,9,0],"gold":0,"neow_bonus":"THREE_ENEMY_KILL","is_prod":false,"is_daily":false,"chose_seed":false,"campfire_upgraded":1,"win_rate":0,"timestamp":1626744691,"path_taken":["M","?","?","?","?","R","?","E","T","?","M","E","M","M","R","BOSS","M","?","$","?","?","E"],"build_version":"2020-12-22","purchased_purges":0,"victory":false,"max_hp_per_floor":[68,68,68,68,68,68,68,68,68,68,68,68,68,68,68,68,68,68,68,68,68,68,68],"card_choices":[{"not_picked":["SandsOfTime","Fasting2"],"picked":"PathToVictory","floor":1},{"not_picked":["EmptyBody","FlurryOfBlows"],"picked":"PathToVictory","floor":4},{"not_picked":["Halt","Weave"],"picked":"Wallop","floor":8},{"not_picked":["ReachHeaven","BowlingBash"],"picked":"PathToVictory","floor":11},{"not_picked":["WreathOfFlame","Tantrum"],"picked":"ForeignInfluence","floor":12},{"not_picked":["BowlingBash","FlurryOfBlows"],"picked":"Evaluate","floor":13},{"not_picked":["Fasting2","CarveReality","EmptyFist"],"picked":"SKIP","floor":14},{"not_picked":["Ragnarok","Establishment"],"picked":"Wish","floor":16},{"not_picked":["EmptyFist","BattleHymn"],"picked":"Collect","floor":18}],"player_experience":1500316,"relics_obtained":[{"floor":8,"key":"Peace Pipe"},{"floor":12,"key":"Blue Candle"},{"floor":17,"key":"Anchor"},{"floor":17,"key":"Mercury Hourglass"},{"floor":17,"key":"Thread and Needle"},{"floor":22,"key":"Necronomicon"}],"event_choices":[{"damage_healed":0,"gold_gain":0,"player_choice":"Grow","damage_taken":0,"max_hp_gain":0,"max_hp_loss":0,"event_name":"Living Wall","floor":2,"gold_loss":0,"cards_upgraded":["PathToVictory"]},{"cards_removed":["Strike_P"],"damage_healed":0,"gold_gain":0,"player_choice":"Purged","damage_taken":0,"max_hp_gain":0,"max_hp_loss":0,"event_name":"Purifier","floor":3,"gold_loss":0},{"cards_removed":["Defend_P"],"damage_healed":0,"gold_gain":0,"player_choice":"Card Removal","damage_taken":0,"max_hp_gain":0,"max_hp_loss":0,"event_name":"The Cleric","floor":5,"gold_loss":75},{"damage_healed":0,"gold_gain":75,"player_choice":"Gather Gold","damage_taken":11,"max_hp_gain":0,"max_hp_loss":0,"event_name":"World of Goop","floor":7,"gold_loss":0},{"damage_healed":0,"gold_gain":0,"player_choice":"Simplicity","damage_taken":0,"max_hp_gain":0,"max_hp_loss":0,"event_name":"Back to Basics","floor":19,"gold_loss":0,"cards_upgraded":["Strike_P","Strike_P","Strike_P","Defend_P","Defend_P","Defend_P"]},{"damage_healed":0,"gold_gain":0,"player_choice":"Paid Fearfully","damage_taken":0,"max_hp_gain":0,"max_hp_loss":0,"event_name":"Masked Bandits","floor":21,"gold_loss":176},{"damage_healed":0,"gold_gain":0,"player_choice":"Obtained Book","damage_taken":21,"max_hp_gain":0,"max_hp_loss":0,"event_name":"Cursed Tome","floor":22,"gold_loss":0}],"is_beta":false,"boss_relics":[{"not_picked":["Velvet Choker","Snecko Eye"],"picked":"Calling Bell"}],"items_purged_floors":[],"is_endless":false,"potions_floor_spawned":[1,11,12,13,14,18],"killed_by":"Book of Stabbing","ascension_level":18}