{"gold_per_floor":[119,137,137,153,165,199,199,227,308,268,300,300,300,300,300,393,393,407,407,407,322,322,322,322],"floor_reached":24,"playtime":895,"items_purged":[],"score":399,"play_id":"780b9719-c531-4a1f-a91b-6e56f5934f4c","local_time":"20210717205559","is_ascension_mode":true,"campfire_choices":[{"data":"Establishment","floor":7.0,"key":"SMITH"},{"data":"WindmillStrike","floor":12.0,"key":"SMITH"},{"floor":15,"key":"REST"},{"data":"Eruption","floor":23,"key":"SMITH"}],"neow_cost":"NONE","seed_source_timestamp":2061028119816100,"circlet_count":0,"master_deck":["AscendersBane","Strike_P","Strike_P","Strike_P","Strike_P","Defend_P","Defend_P","Defend_P","Defend_P","Eruption+1","Vigilance","WindmillStrike+1","FollowUp","LikeWater","Conclude","Establishment+1","DeceiveReality","Meditate","Injury","LessonLearned","WindmillStrike+1"],"special_seed":0,"relics":["PureWater","NeowsBlessing","Bottled Flame","Gambling Chip","Frozen Egg 2","Lantern","Bloody Idol","Torii","Black Star","The Courier"],"potions_floor_usage":[16,24],"damage_taken":[{"damage":0.0,"enemies":"Small Slimes","floor":1.0,"turns":1.0},{"damage":0.0,"enemies":"Cultist","floor":2.0,"turns":1.0},{"damage":0.0,"enemies":"Jaw Worm","floor":4.0,"turns":1.0},{"damage":0.0,"enemies":"3 Louse","floor":5.0,"turns":2.0},{"damage":12.0,"enemies":"Lagavulin","floor":6.0,"turns":7.0},{"damage":7.0,"enemies":"3 Sentries","floor":8.0,"turns":4.0},{"damage":9.0,"enemies":"Looter","floor":10.0,"turns":4.0},{"damage":1.0,"enemies":"Lagavulin","floor":11.0,"turns":7.0},{"damage":1,"enemies":"Slime Boss","floor":16,"turns":8},{"damage":16,"enemies":"Shell Parasite","floor":18,"turns":6},{"damage":50,"enemies":"Book of Stabbing","floor":24,"turns":5}],"seed_played":"-6985634112891369442","potions_obtained":[{"floor":1.0,"key":"Ancient Potion"},{"floor":2.0,"key":"LiquidBronze"},{"floor":11.0,"key":"Block Potion"},{"floor":18,"key":"StancePotion"}],"is_trial":false,"path_per_floor":["M","M","?","M","M","E","R","E","T","M","E","R","?","T","R","B",null,"M","?","?","?","?","R","E"],"character_chosen":"WATCHER","items_purchased":[],"campfire_rested":1,"item_purchase_floors":[],"current_hp_per_floor":[61,61,68,68,68,56,56,49,49,40,39,39,39,39,59,58,66,50,50,50,50,50,50,0],"gold":322,"neow_bonus":"THREE_ENEMY_KILL","is_prod":false,"is_daily":false,"chose_seed":false,"campfire_upgraded":3,"win_rate":0,"timestamp":1626569759,"path_taken":["M","M","?","M","?","E","R","E","T","?","E","R","?","?","R","BOSS","M","?","?","?","?","R","E"],"build_version":"2020-12-22","purchased_purges":0,"victory":false,"max_hp_per_floor":[68,68,68,68,68,68,68,68,68,68,68,68,68,68,68,68,68,68,68,68,68,68,68,68],"card_choices":[{"not_picked":["ClearTheMind","EmptyBody"],"picked":"WindmillStrike","floor":1.0},{"not_picked":["InnerPeace","Perseverance"],"picked":"FollowUp","floor":2.0},{"not_picked":["MentalFortress","CrushJoints"],"picked":"LikeWater","floor":4.0},{"not_picked":["Evaluate","EmptyBody"],"picked":"Conclude","floor":5.0},{"not_picked":["CarveReality","Study"],"picked":"Establishment","floor":6.0},{"not_picked":["FollowUp","DevaForm","FlurryOfBlows"],"picked":"SKIP","floor":8.0},{"not_picked":["Conclude","BowlingBash"],"picked":"DeceiveReality","floor":10.0},{"not_picked":["Consecrate","BattleHymn+1"],"picked":"Meditate","floor":11.0},{"not_picked":["Judgement","Ragnarok"],"picked":"LessonLearned","floor":16},{"not_picked":["Crescendo","Weave","Evaluate"],"picked":"SKIP","floor":18}],"player_experience":1495088,"relics_obtained":[{"floor":6.0,"key":"Bottled Flame"},{"floor":8.0,"key":"Gambling Chip"},{"floor":9.0,"key":"Frozen Egg 2"},{"floor":11.0,"key":"Lantern"},{"floor":14,"key":"Torii"}],"event_choices":[{"damage_healed":7.0,"max_hp_gain":0.0,"max_hp_loss":0.0,"gold_gain":0.0,"event_name":"Wheel of Change","player_choice":"Full Heal","floor":3.0,"gold_loss":0.0,"damage_taken":0.0},{"damage_healed":0,"gold_gain":0,"player_choice":"Take Wound","damage_taken":0,"relics_obtained":["Golden Idol"],"max_hp_gain":0,"max_hp_loss":0,"event_name":"Golden Idol","floor":13,"gold_loss":0,"cards_obtained":["Injury"]},{"damage_healed":0,"gold_gain":0,"player_choice":"Ignored","damage_taken":0,"max_hp_gain":0,"max_hp_loss":0,"event_name":"Vampires","floor":19,"gold_loss":0},{"damage_healed":0,"gold_gain":0,"player_choice":"Gave Idol","damage_taken":0,"relics_obtained":["Bloody Idol"],"max_hp_gain":0,"max_hp_loss":0,"event_name":"Forgotten Altar","floor":20,"relics_lost":["Golden Idol"],"gold_loss":0},{"damage_healed":0,"gold_gain":0,"player_choice":"Obtained Relic","damage_taken":0,"relics_obtained":["The Courier"],"max_hp_gain":0,"max_hp_loss":0,"event_name":"Addict","floor":21,"gold_loss":85},{"damage_healed":0,"gold_gain":0,"player_choice":"Copied","damage_taken":0,"max_hp_gain":0,"max_hp_loss":0,"event_name":"Duplicator","floor":22,"gold_loss":0,"cards_obtained":["WindmillStrike"]}],"is_beta":false,"boss_relics":[{"not_picked":["Astrolabe","Empty Cage"],"picked":"Black Star"}],"items_purged_floors":[],"is_endless":false,"potions_floor_spawned":[1,2,6,11,18],"killed_by":"Book of Stabbing","ascension_level":18}