{"gold_per_floor":[118,118,268,45,45,79,79,79],"floor_reached":8,"playtime":314,"items_purged":[],"score":99,"play_id":"41429370-fc09-4029-9b3d-e567416414c3","local_time":"20210716154031","is_ascension_mode":true,"campfire_choices":[{"floor":7,"key":"REST"}],"neow_cost":"TEN_PERCENT_HP_LOSS","seed_source_timestamp":1956293919333300,"circlet_count":0,"master_deck":["AscendersBane","Strike_P","Strike_P","Strike_P","Strike_P","Defend_P","Defend_P","Defend_P","Defend_P","Eruption","Vigilance","Panache","TalkToTheHand","FlurryOfBlows","MentalFortress"],"relics":["PureWater","Tiny Chest","Oddly Smooth Stone"],"potions_floor_usage":[8,8],"damage_taken":[{"damage":0,"enemies":"2 Louse","floor":1,"turns":3},{"damage":42,"enemies":"3 Sentries","floor":6,"turns":12},{"damage":38,"enemies":"Gremlin Nob","floor":8,"turns":3}],"seed_played":"-2806861987480266069","potions_obtained":[{"floor":1,"key":"Weak Potion"},{"floor":6,"key":"Swift Potion"}],"is_trial":false,"path_per_floor":["M","?","?","$","?","E","R","E"],"character_chosen":"WATCHER","items_purchased":["Tiny Chest","FlurryOfBlows"],"campfire_rested":1,"item_purchase_floors":[4,4],"current_hp_per_floor":[61,61,61,61,61,19,37,0],"gold":79,"neow_bonus":"RANDOM_COLORLESS_2","is_prod":false,"is_daily":false,"chose_seed":false,"campfire_upgraded":0,"win_rate":0,"timestamp":1626464431,"path_taken":["M","?","?","$","?","E","R","E"],"build_version":"2020-12-22","purchased_purges":0,"victory":false,"max_hp_per_floor":[62,62,62,62,62,62,62,62],"card_choices":[{"not_picked":["Sadistic Nature","Thinking Ahead"],"picked":"Panache","floor":0},{"not_picked":["InnerPeace","DeceiveReality"],"picked":"TalkToTheHand","floor":1},{"not_picked":["FollowUp","CrushJoints"],"picked":"MentalFortress","floor":6}],"player_experience":1490704,"relics_obtained":[{"floor":6,"key":"Oddly Smooth Stone"}],"event_choices":[{"damage_healed":0,"gold_gain":0,"player_choice":"Leave","damage_taken":0,"max_hp_gain":0,"max_hp_loss":0,"event_name":"The Cleric","floor":2,"gold_loss":0},{"damage_healed":0,"gold_gain":150,"player_choice":"AGREE","damage_taken":0,"max_hp_gain":0,"max_hp_loss":0,"event_name":"Liars Game","floor":3,"gold_loss":0,"cards_obtained":["Doubt"]},{"cards_removed":["Doubt"],"damage_healed":0,"gold_gain":0,"player_choice":"Forget","damage_taken":0,"max_hp_gain":0,"max_hp_loss":0,"event_name":"Living Wall","floor":5,"gold_loss":0}],"is_beta":false,"boss_relics":[],"items_purged_floors":[],"is_endless":false,"potions_floor_spawned":[1,6],"killed_by":"Gremlin Nob","ascension_level":18}