{"gold_per_floor":[110,110,110,126,32,65,65,75,75,45,55,55],"floor_reached":12,"playtime":332,"items_purged":[],"score":196,"play_id":"8dfdc919-3f51-4da7-a3b5-881339c676a5","local_time":"20210716165126","is_ascension_mode":true,"campfire_choices":[{"floor":7,"key":"REST"}],"neow_cost":"NONE","seed_source_timestamp":1960530444784800,"circlet_count":0,"master_deck":["AscendersBane","Strike_P","Strike_P","Strike_P","Defend_P","Defend_P","Defend_P+1","Defend_P","Eruption","Vigilance","Tantrum","Crescendo+1","FollowUp","BattleHymn","TalkToTheHand","LikeWater"],"relics":["PureWater","MealTicket","TeardropLocket","Damaru"],"potions_floor_usage":[6,6,12],"damage_taken":[{"damage":26,"enemies":"Jaw Worm","floor":1,"turns":5},{"damage":11,"enemies":"Small Slimes","floor":4,"turns":3},{"damage":0,"enemies":"Gremlin Nob","floor":6,"turns":2},{"damage":0,"enemies":"2 Louse","floor":8,"turns":2},{"damage":2,"enemies":"Red Slaver","floor":11,"turns":3},{"damage":39,"enemies":"3 Sentries","floor":12,"turns":6}],"seed_played":"8565921645841825138","potions_obtained":[{"floor":4,"key":"FearPotion"},{"floor":10,"key":"FearPotion"},{"floor":10,"key":"SneckoOil"}],"is_trial":false,"path_per_floor":["M","?","?","M","$","E","R","M","T","?","M","E"],"character_chosen":"WATCHER","items_purchased":["Strength Potion","BattleHymn"],"campfire_rested":1,"item_purchase_floors":[5,5],"current_hp_per_floor":[35,35,15,4,19,19,39,39,39,39,37,0],"gold":55,"neow_bonus":"RANDOM_COMMON_RELIC","is_prod":false,"is_daily":false,"chose_seed":false,"campfire_upgraded":0,"win_rate":0,"timestamp":1626468686,"path_taken":["M","?","?","M","$","E","R","M","T","?","?","E"],"build_version":"2020-12-22","purchased_purges":0,"victory":false,"max_hp_per_floor":[68,68,68,68,68,68,68,68,68,68,68,68],"card_choices":[{"not_picked":["JustLucky","Protect"],"picked":"Tantrum","floor":1},{"not_picked":["ThirdEye","InnerPeace"],"picked":"FollowUp","floor":4},{"not_picked":["Crescendo","Nirvana"],"picked":"TalkToTheHand","floor":6},{"not_picked":["Adaptation","ThirdEye","ClearTheMind"],"picked":"SKIP","floor":8},{"not_picked":["WindmillStrike","Protect"],"picked":"LikeWater","floor":11}],"player_experience":1494756,"relics_obtained":[{"floor":6,"key":"TeardropLocket"},{"floor":9,"key":"Damaru"}],"event_choices":[{"damage_healed":0,"gold_gain":0,"cards_transformed":["Strike_P"],"player_choice":"Change","damage_taken":0,"max_hp_gain":0,"max_hp_loss":0,"event_name":"Living Wall","floor":2,"gold_loss":0,"cards_obtained":["Crescendo"]},{"damage_healed":0,"gold_gain":0,"player_choice":"Entered Light","damage_taken":20,"max_hp_gain":0,"max_hp_loss":0,"event_name":"Shining Light","floor":3,"gold_loss":0,"cards_upgraded":["Crescendo","Defend_P"]},{"damage_healed":0,"gold_gain":0,"player_choice":"Bought 2 Potions","damage_taken":0,"max_hp_gain":0,"max_hp_loss":0,"event_name":"The Woman in Blue","floor":10,"gold_loss":0}],"is_beta":false,"boss_relics":[],"items_purged_floors":[],"is_endless":false,"potions_floor_spawned":[4],"killed_by":"3 Sentries","ascension_level":18}