{"gold_per_floor":[212,212,229,248,248,248,58,86,134,161,171,321,321,337,337,414,414,433,450,450,450],"floor_reached":21,"playtime":681,"items_purged":[],"score":407,"play_id":"862ac293-4383-4253-94d7-7fed9b9694a7","local_time":"20210716164544","is_ascension_mode":true,"campfire_choices":[{"floor":6,"key":"REST"},{"floor":15,"key":"REST"}],"neow_cost":"NONE","seed_source_timestamp":1959838847416800,"circlet_count":0,"master_deck":["AscendersBane","Strike_P","Defend_P","Defend_P","Defend_P+1","Defend_P","Eruption+1","Vigilance+1","CutThroughFate","Swivel","Panache","ForeignInfluence","ConjureBlade","BattleHymn","Doubt","TalkToTheHand+1","ReachHeaven+1","Evaluate+1"],"relics":["PureWater","Regal Pillow","Anchor","Bottled Tornado","Happy Flower","Astrolabe"],"potions_floor_usage":[14,16,19],"damage_taken":[{"damage":9,"enemies":"2 Louse","floor":1,"turns":2},{"damage":7,"enemies":"Cultist","floor":3,"turns":3},{"damage":2,"enemies":"Small Slimes","floor":4,"turns":4},{"damage":0,"enemies":"Gremlin Nob","floor":8,"turns":3},{"damage":36,"enemies":"Lagavulin","floor":10,"turns":9},{"damage":0,"enemies":"3 Louse","floor":11,"turns":3},{"damage":0,"enemies":"Looter","floor":14,"turns":4},{"damage":15,"enemies":"Slime Boss","floor":16,"turns":5},{"damage":14,"enemies":"Chosen","floor":18,"turns":7},{"damage":23,"enemies":"Spheric Guardian","floor":19,"turns":4},{"damage":18,"enemies":"Centurion and Healer","floor":21,"turns":2}],"seed_played":"5014451911876298230","potions_obtained":[{"floor":4,"key":"EssenceOfSteel"},{"floor":10,"key":"StancePotion"},{"floor":14,"key":"Weak Potion"},{"floor":18,"key":"Ambrosia"}],"is_trial":false,"path_per_floor":["M","?","M","M","?","R","$","E","T","E","M","?","?","M","R","B",null,"M","M","?","M"],"character_chosen":"WATCHER","items_purchased":["Panache"],"campfire_rested":2,"item_purchase_floors":[7],"current_hp_per_floor":[52,52,45,43,23,43,43,43,43,7,7,7,7,7,42,27,58,44,21,12,0],"gold":450,"neow_bonus":"HUNDRED_GOLD","is_prod":false,"is_daily":false,"chose_seed":false,"campfire_upgraded":0,"win_rate":0,"timestamp":1626468344,"path_taken":["M","?","M","?","?","R","$","E","T","E","M","?","?","M","R","BOSS","M","M","?","M"],"build_version":"2020-12-22","purchased_purges":0,"victory":false,"max_hp_per_floor":[68,68,68,68,68,68,68,68,68,68,68,68,68,68,68,68,68,68,68,68,68],"card_choices":[{"not_picked":["Protect","Crescendo"],"picked":"CutThroughFate","floor":1},{"not_picked":["ClearTheMind","DevaForm"],"picked":"Swivel","floor":3},{"not_picked":["Wireheading","ClearTheMind","Prostrate"],"picked":"SKIP","floor":4},{"not_picked":["Weave","FollowUp"],"picked":"ForeignInfluence","floor":8},{"not_picked":["ThirdEye","CrushJoints"],"picked":"ConjureBlade","floor":10},{"not_picked":["Swivel","Pray"],"picked":"BattleHymn","floor":11},{"not_picked":["Adaptation","CutThroughFate","EmptyBody"],"picked":"SKIP","floor":14},{"not_picked":["Pray","ForeignInfluence","ClearTheMind"],"picked":"SKIP","floor":18},{"not_picked":["Conclude","CutThroughFate","Evaluate"],"picked":"SKIP","floor":19}],"player_experience":1494075,"relics_obtained":[{"floor":8,"key":"Regal Pillow"},{"floor":9,"key":"Anchor"},{"floor":10,"key":"Bottled Tornado"}],"event_choices":[{"damage_healed":0,"gold_gain":0,"player_choice":"Upgraded","damage_taken":0,"max_hp_gain":0,"max_hp_loss":0,"event_name":"Upgrade Shrine","floor":2,"gold_loss":0,"cards_upgraded":["Eruption"]},{"damage_healed":0,"gold_gain":0,"player_choice":"Entered Light","damage_taken":20,"max_hp_gain":0,"max_hp_loss":0,"event_name":"Shining Light","floor":5,"gold_loss":0,"cards_upgraded":["Defend_P","Vigilance"]},{"damage_healed":0,"gold_gain":150,"player_choice":"AGREE","damage_taken":0,"max_hp_gain":0,"max_hp_loss":0,"event_name":"Liars Game","floor":12,"gold_loss":0,"cards_obtained":["Doubt"]},{"damage_healed":0,"gold_gain":0,"player_choice":"Gave Potion","damage_taken":0,"relics_obtained":["Happy Flower"],"max_hp_gain":0,"max_hp_loss":0,"event_name":"WeMeetAgain","floor":13,"gold_loss":0},{"damage_healed":0,"gold_gain":0,"player_choice":"Stopped","damage_taken":9,"max_hp_gain":0,"max_hp_loss":0,"event_name":"Cursed Tome","floor":20,"gold_loss":0}],"is_beta":false,"boss_relics":[{"not_picked":["Fusion Hammer","Calling Bell"],"picked":"Astrolabe"}],"items_purged_floors":[],"is_endless":false,"potions_floor_spawned":[4,10,11,14,18],"killed_by":"Centurion and Healer","ascension_level":18}