{"gold_per_floor":[369,369,369,380,380,415,40,40,85,85,95,105,139,149,149,223,273,293,293,293,312,51,51],"floor_reached":23,"playtime":822,"items_purged":[],"score":426,"play_id":"67747783-16ca-4534-b4a8-efddbe527505","local_time":"20210720121003","is_ascension_mode":true,"campfire_choices":[{"floor":8,"key":"REST"},{"data":"Wish","floor":10,"key":"SMITH"},{"floor":15,"key":"REST"}],"neow_cost":"PERCENT_DAMAGE","seed_source_timestamp":102883212850200,"circlet_count":0,"master_deck":["AscendersBane","Strike_P","Strike_P","Strike_P","Strike_P","Defend_P","Defend_P","Defend_P","Eruption+1","Vigilance","FlyingSleeves","Wish+1","Protect","CutThroughFate","Meditate","Blasphemy","DeusExMachina","LikeWater","MentalFortress"],"relics":["PureWater","White Beast Statue","Torii","ClockworkSouvenir","Anchor","Pen Nib","Ornamental Fan","Tiny House","Ancient Tea Set","Lee\u0027s Waffle"],"potions_floor_usage":[6,6,13,16,16,18,21,23],"damage_taken":[{"damage":1,"enemies":"2 Louse","floor":1,"turns":3},{"damage":0,"enemies":"Cultist","floor":4,"turns":2},{"damage":15,"enemies":"Lagavulin","floor":6,"turns":6},{"damage":1,"enemies":"Jaw Worm","floor":11,"turns":4},{"damage":2,"enemies":"Gremlin Gang","floor":12,"turns":4},{"damage":0,"enemies":"Gremlin Nob","floor":13,"turns":2},{"damage":11,"enemies":"2 Fungi Beasts","floor":14,"turns":3},{"damage":25,"enemies":"The Guardian","floor":16,"turns":12},{"damage":10,"enemies":"Chosen","floor":18,"turns":7},{"damage":18,"enemies":"Shell Parasite","floor":21,"turns":4},{"damage":80,"enemies":"Book of Stabbing","floor":23,"turns":5}],"seed_played":"-5331919024544619312","potions_obtained":[{"floor":4,"key":"BlessingOfTheForge"},{"floor":6,"key":"EntropicBrew"},{"floor":11,"key":"FearPotion"},{"floor":13,"key":"Explosive Potion"},{"floor":16,"key":"StancePotion"},{"floor":17,"key":"GamblersBrew"},{"floor":18,"key":"BlessingOfTheForge"},{"floor":21,"key":"Regen Potion"}],"is_trial":false,"path_per_floor":["M","?","?","M","?","E","$","R","T","R","M","M","E","M","R","B",null,"M","?","?","M","$","E"],"character_chosen":"WATCHER","items_purchased":["ClockworkSouvenir","Anchor","Protect","Lee\u0027s Waffle","MentalFortress"],"campfire_rested":2,"item_purchase_floors":[7,7,7,22,22],"current_hp_per_floor":[42,35,68,68,42,27,27,47,47,47,46,44,44,33,53,28,63,53,53,53,35,80,0],"gold":51,"neow_bonus":"TWO_FIFTY_GOLD","is_prod":false,"is_daily":false,"chose_seed":false,"campfire_upgraded":1,"win_rate":0,"timestamp":1626797403,"path_taken":["M","?","?","?","?","E","?","R","T","R","M","?","E","M","R","BOSS","M","?","?","M","$","E"],"build_version":"2020-12-22","purchased_purges":0,"victory":false,"max_hp_per_floor":[68,68,68,68,68,68,68,68,68,68,68,68,68,68,68,68,73,73,73,73,73,80,80],"card_choices":[{"not_picked":["FollowUp","Fasting2"],"picked":"Perseverance","floor":1},{"not_picked":["EmptyBody","JustLucky"],"picked":"FlyingSleeves","floor":4},{"not_picked":["Protect","Consecrate"],"picked":"Wish","floor":6},{"not_picked":["SashWhip","JustLucky"],"picked":"CutThroughFate","floor":11},{"not_picked":["ClearTheMind","EmptyFist"],"picked":"Meditate","floor":12},{"not_picked":["JustLucky","CutThroughFate","FollowUp"],"picked":"SKIP","floor":13},{"not_picked":["WaveOfTheHand","Protect"],"picked":"Blasphemy","floor":14},{"not_picked":["Judgement","Blasphemy"],"picked":"DeusExMachina","floor":16},{"not_picked":["InnerPeace","Pray"],"picked":"LikeWater","floor":17},{"not_picked":["FlyingSleeves","FlurryOfBlows+1","Crescendo"],"picked":"SKIP","floor":18},{"not_picked":["SashWhip","Prostrate","FlyingSleeves"],"picked":"SKIP","floor":21}],"player_experience":1504496,"relics_obtained":[{"floor":6,"key":"Torii"},{"floor":9,"key":"Pen Nib"},{"floor":13,"key":"Ornamental Fan"}],"event_choices":[{"cards_removed":["Defend_P"],"damage_healed":0,"gold_gain":0,"player_choice":"Card Removal","damage_taken":7,"max_hp_gain":0,"max_hp_loss":0,"event_name":"Golden Wing","floor":2,"gold_loss":0},{"cards_removed":["Perseverance"],"damage_healed":33,"gold_gain":0,"player_choice":"Offered Uncommon","damage_taken":0,"max_hp_gain":0,"max_hp_loss":0,"event_name":"Bonfire Elementals","floor":3,"gold_loss":0},{"damage_healed":0,"gold_gain":0,"player_choice":"Success","damage_taken":26,"relics_obtained":["White Beast Statue"],"max_hp_gain":0,"max_hp_loss":0,"event_name":"Scrap Ooze","floor":5,"gold_loss":0},{"damage_healed":0,"gold_gain":0,"player_choice":"Stole Relic","damage_taken":0,"relics_obtained":["Ancient Tea Set"],"max_hp_gain":0,"max_hp_loss":0,"event_name":"Addict","floor":19,"gold_loss":0,"cards_obtained":["Shame"]},{"cards_removed":["Shame"],"damage_healed":0,"gold_gain":0,"player_choice":"Elegance","damage_taken":0,"max_hp_gain":0,"max_hp_loss":0,"event_name":"Back to Basics","floor":20,"gold_loss":0}],"is_beta":false,"boss_relics":[{"not_picked":["Coffee Dripper","Runic Dome"],"picked":"Tiny House"}],"items_purged_floors":[],"is_endless":false,"potions_floor_spawned":[4,6,11,12,13,14,16,18,21],"killed_by":"Book of Stabbing","ascension_level":18}