{"gold_per_floor":[109,109,109,34,34,34,67,67,67,67,95,95,95,105,105,182,182,198,218,56,56,69,69,98,98,98,116,116,126,126,126],"floor_reached":31,"playtime":743,"items_purged":[],"score":587,"play_id":"cb74d634-3a35-4d06-852b-e5e2e16d996f","local_time":"20210718210727","is_ascension_mode":true,"campfire_choices":[{"data":"Eruption","floor":6.0,"key":"SMITH"},{"data":"BowlingBash","floor":8.0,"key":"SMITH"},{"data":"Vigilance","floor":10.0,"key":"SMITH"},{"floor":12.0,"key":"REST"},{"data":"Wireheading","floor":15.0,"key":"SMITH"},{"floor":23,"key":"REST"},{"floor":25,"key":"REST"}],"neow_cost":"NONE","seed_source_timestamp":0,"circlet_count":0,"master_deck":["AscendersBane","Strike_P","Strike_P","Strike_P","Strike_P","Defend_P","Defend_P","Defend_P","Defend_P","Eruption+1","Vigilance+1","BowlingBash+1","FearNoEvil","Judgement","Indignation","FlurryOfBlows","Wireheading+1","Scrawl","Collect","Tantrum+1","Evaluate+1","EmptyBody"],"special_seed":0,"relics":["PureWater","NeowsBlessing","Du-Vu Doll","Lizard Tail","MealTicket","Shuriken","Turnip","Sozu","Tiny Chest","StoneCalendar","Matryoshka","PreservedInsect","The Courier","Toxic Egg 2"],"potions_floor_usage":[19],"damage_taken":[{"damage":0.0,"enemies":"Small Slimes","floor":1.0,"turns":1.0},{"damage":0.0,"enemies":"Gremlin Nob","floor":7.0,"turns":1.0},{"damage":0.0,"enemies":"Lagavulin","floor":11.0,"turns":1.0},{"damage":0.0,"enemies":"Cultist","floor":14.0,"turns":2.0},{"damage":18.0,"enemies":"Hexaghost","floor":16.0,"turns":7.0},{"damage":0,"enemies":"Spheric Guardian","floor":18,"turns":1},{"damage":0,"enemies":"2 Thieves","floor":19,"turns":2},{"damage":40,"enemies":"3 Cultists","floor":22,"turns":5},{"damage":65,"enemies":"Slavers","floor":24,"turns":6},{"damage":19,"enemies":"Chosen and Byrds","floor":27,"turns":3},{"damage":4,"enemies":"Centurion and Healer","floor":29,"turns":3},{"damage":61,"enemies":"Book of Stabbing","floor":31,"turns":3}],"seed_played":"-3305044440241692920","potions_obtained":[{"floor":7.0,"key":"Energy Potion"},{"floor":11.0,"key":"SneckoOil"}],"is_trial":false,"path_per_floor":["M","?","$","$","?","R","E","R","T","R","E","R","?","M","R","B",null,"M","M","$","T","M","R","E","R","T","M","?","M","T","E"],"character_chosen":"WATCHER","items_purchased":["FearNoEvil","Tiny Chest"],"campfire_rested":3,"item_purchase_floors":[4,20],"current_hp_per_floor":[61,61,61,61,26,26,26,26,26,26,26,46,46,46,46,28,58,58,58,68,68,28,48,17,37,37,18,18,14,14,0],"gold":126,"neow_bonus":"THREE_ENEMY_KILL","is_prod":false,"is_daily":false,"chose_seed":false,"campfire_upgraded":4,"win_rate":0,"timestamp":1626656847,"path_taken":["M","?","?","$","?","R","E","R","T","R","E","R","?","M","R","BOSS","M","M","$","?","M","R","E","R","T","M","?","?","?","E"],"build_version":"2020-12-22","purchased_purges":0,"victory":false,"max_hp_per_floor":[68,68,68,68,68,68,68,68,68,68,68,68,68,68,68,68,68,68,68,68,68,68,68,68,68,68,68,68,68,68,68],"card_choices":[{"not_picked":["FollowUp","Halt"],"picked":"BowlingBash","floor":1.0},{"not_picked":["SpiritShield","ThirdEye"],"picked":"Judgement","floor":7.0},{"not_picked":["ClearTheMind","Alpha"],"picked":"Indignation","floor":11.0},{"not_picked":["ClearTheMind","Prostrate"],"picked":"Wireheading","floor":14.0},{"not_picked":["Vault","Establishment"],"picked":"Scrawl","floor":16.0},{"not_picked":["WheelKick","Study"],"picked":"Collect","floor":18},{"not_picked":["InnerPeace","Consecrate"],"picked":"Tantrum","floor":19},{"not_picked":["Protect","Indignation","ThirdEye"],"picked":"SKIP","floor":22},{"not_picked":["Vengeance","Wish"],"picked":"Evaluate+1","floor":24},{"not_picked":["CutThroughFate","Nirvana+1","Fasting2+1"],"picked":"SKIP","floor":27},{"not_picked":["JustLucky","CutThroughFate"],"picked":"EmptyBody","floor":29}],"player_experience":1495983,"relics_obtained":[{"floor":2.0,"key":"Du-Vu Doll"},{"floor":7.0,"key":"MealTicket"},{"floor":9.0,"key":"Shuriken"},{"floor":11.0,"key":"Turnip"},{"floor":21,"key":"StoneCalendar"},{"floor":24,"key":"Matryoshka"},{"floor":26,"key":"PreservedInsect"},{"floor":26,"key":"The Courier"},{"floor":30,"key":"Toxic Egg 2"}],"event_choices":[{"damage_healed":0.0,"max_hp_gain":0.0,"max_hp_loss":0.0,"gold_gain":0.0,"event_name":"Wheel of Change","player_choice":"Relic","floor":2.0,"gold_loss":0.0,"damage_taken":0.0},{"damage_healed":0.0,"max_hp_gain":0.0,"max_hp_loss":0.0,"gold_gain":0.0,"event_name":"Scrap Ooze","player_choice":"Success","floor":5.0,"gold_loss":0.0,"damage_taken":35.0,"relics_obtained":["Lizard Tail"]},{"damage_healed":0.0,"max_hp_gain":0.0,"max_hp_loss":0.0,"gold_gain":0.0,"event_name":"Match and Keep!","player_choice":"1 cards matched","floor":13.0,"gold_loss":0.0,"damage_taken":0.0,"cards_obtained":["FlurryOfBlows"]},{"damage_healed":0,"gold_gain":0,"player_choice":"Upgraded","damage_taken":0,"max_hp_gain":0,"max_hp_loss":0,"event_name":"Upgrade Shrine","floor":28,"gold_loss":0,"cards_upgraded":["Tantrum"]}],"is_beta":false,"boss_relics":[{"not_picked":["Pandora\u0027s Box","Coffee Dripper"],"picked":"Sozu"}],"items_purged_floors":[],"is_endless":false,"potions_floor_spawned":[7,11,19,27,29],"killed_by":"Book of Stabbing","ascension_level":18}