{"gold_per_floor":[115,390,405,424,435,435,465,465,488,488,549],"floor_reached":11,"playtime":186,"items_purged":[],"score":139,"play_id":"71b8ffc8-8d5a-4d8a-9eb7-eccae75f7f85","local_time":"20210716154411","is_ascension_mode":true,"campfire_choices":[{"data":"Eruption","floor":6,"key":"SMITH"},{"floor":8,"key":"REST"},{"floor":10,"key":"REST"}],"neow_cost":"NONE","seed_source_timestamp":1956641501347100,"circlet_count":0,"master_deck":["AscendersBane","Strike_P","Strike_P","Strike_P","Strike_P","Defend_P","Defend_P","Defend_P","Defend_P","Eruption+1","Vigilance","Consecrate","Regret","CarveReality","Protect","Worship","Swivel"],"relics":["PureWater","NeowsBlessing","Lantern","Centennial Puzzle","Boot"],"potions_floor_usage":[7,11,11],"damage_taken":[{"damage":0,"enemies":"Cultist","floor":1,"turns":1},{"damage":0,"enemies":"Small Slimes","floor":3,"turns":1},{"damage":0,"enemies":"Jaw Worm","floor":4,"turns":1},{"damage":22,"enemies":"Looter","floor":5,"turns":2},{"damage":23,"enemies":"Lagavulin","floor":7,"turns":6},{"damage":56,"enemies":"Lagavulin Event","floor":11,"turns":5}],"seed_played":"-3785495282752080034","potions_obtained":[{"floor":3,"key":"Energy Potion"},{"floor":5,"key":"Regen Potion"},{"floor":7,"key":"Fire Potion"}],"is_trial":false,"path_per_floor":["M","?","M","M","M","R","E","R","T","R","?"],"character_chosen":"WATCHER","items_purchased":[],"campfire_rested":2,"item_purchase_floors":[],"current_hp_per_floor":[61,61,61,61,39,39,16,36,36,56,14],"gold":549,"neow_bonus":"THREE_ENEMY_KILL","is_prod":false,"is_daily":false,"chose_seed":false,"campfire_upgraded":1,"win_rate":0,"timestamp":1626464651,"path_taken":["M","?","M","?","?","R","E","R","T","R","?"],"build_version":"2020-12-22","purchased_purges":0,"victory":false,"max_hp_per_floor":[68,68,68,68,68,68,68,68,68,68,68],"card_choices":[{"not_picked":["FlyingSleeves","CutThroughFate"],"picked":"Consecrate","floor":1},{"not_picked":["Halt","Adaptation"],"picked":"CarveReality","floor":3},{"not_picked":["JustLucky","Halt"],"picked":"Protect","floor":4},{"not_picked":["ClearTheMind","MentalFortress"],"picked":"Worship","floor":5},{"not_picked":["Crescendo","Evaluate"],"picked":"Swivel","floor":7}],"player_experience":1491018,"relics_obtained":[{"floor":7,"key":"Lantern"},{"floor":9,"key":"Centennial Puzzle"},{"floor":11,"key":"Boot"}],"event_choices":[{"damage_healed":0,"gold_gain":275,"player_choice":"Desecrate","damage_taken":0,"max_hp_gain":0,"max_hp_loss":0,"event_name":"Golden Shrine","floor":2,"gold_loss":0,"cards_obtained":["Regret"]},{"damage_healed":0,"gold_gain":0,"player_choice":"Searched \u00272\u0027 times","damage_taken":0,"max_hp_gain":0,"max_hp_loss":0,"event_name":"Dead Adventurer","floor":11,"gold_loss":0}],"is_beta":false,"boss_relics":[],"items_purged_floors":[],"is_endless":false,"potions_floor_spawned":[3,5,7],"killed_by":"Lagavulin Event","ascension_level":18}