{"gold_per_floor":[114,39,39,59,209,242,242,272,272,284,318,328,19,51,51,126,126,137,147,197,197,210,210],"floor_reached":23,"playtime":624,"items_purged":[],"score":445,"play_id":"f1a2e483-1ef2-4cc6-9fdf-d621834d87dc","local_time":"20210716153505","is_ascension_mode":true,"campfire_choices":[{"floor":15,"key":"REST"}],"neow_cost":"NONE","seed_source_timestamp":1955657217699000,"circlet_count":0,"master_deck":["AscendersBane","Strike_P+1","Strike_P+1","Strike_P+1","Defend_P+1","Defend_P+1","Defend_P+1","Eruption+1","Vigilance","FlurryOfBlows","LikeWater","Devotion","SignatureMove","Meditate","Wireheading","Devotion+1","Conclude","ClearTheMind"],"relics":["PureWater","NeowsBlessing","Mummified Hand","Eternal Feather","Mercury Hourglass","Membership Card","Frozen Egg 2","Akabeko","Empty Cage"],"potions_floor_usage":[11,14],"damage_taken":[{"damage":0,"enemies":"Small Slimes","floor":1,"turns":1},{"damage":0,"enemies":"2 Louse","floor":4,"turns":1},{"damage":0,"enemies":"Gremlin Nob","floor":6,"turns":1},{"damage":4,"enemies":"Jaw Worm","floor":10,"turns":4},{"damage":9,"enemies":"3 Sentries","floor":11,"turns":6},{"damage":6,"enemies":"Exordium Thugs","floor":12,"turns":2},{"damage":6,"enemies":"Gremlin Nob","floor":14,"turns":3},{"damage":16,"enemies":"The Guardian","floor":16,"turns":7},{"damage":0,"enemies":"Chosen","floor":18,"turns":3},{"damage":20,"enemies":"3 Byrds","floor":19,"turns":4},{"damage":37,"enemies":"Snecko","floor":22,"turns":5},{"damage":13,"enemies":"Slavers","floor":23,"turns":1}],"seed_played":"620954120200438586","potions_obtained":[{"floor":4,"key":"SkillPotion"},{"floor":6,"key":"StancePotion"},{"floor":22,"key":"BottledMiracle"}],"is_trial":false,"path_per_floor":["M","?","$","M","?","E","?","?","T","M","E","M","$","E","R","B",null,"M","M","?","?","M","E"],"character_chosen":"WATCHER","items_purchased":["Membership Card","Frozen Egg 2"],"campfire_rested":1,"item_purchase_floors":[13,13],"current_hp_per_floor":[61,61,61,61,61,61,41,41,41,37,28,22,22,16,45,29,58,58,38,38,38,1,0],"gold":210,"neow_bonus":"THREE_ENEMY_KILL","is_prod":false,"is_daily":false,"chose_seed":false,"campfire_upgraded":0,"win_rate":0,"timestamp":1626464105,"path_taken":["M","?","$","M","?","E","?","?","T","M","E","?","?","E","R","BOSS","M","M","?","?","M","E"],"build_version":"2020-12-22","purchased_purges":0,"victory":false,"max_hp_per_floor":[68,68,68,68,68,68,68,68,68,68,68,68,68,68,68,68,68,68,68,68,68,68,68],"card_choices":[{"not_picked":["ThirdEye","Crescendo"],"picked":"FlurryOfBlows","floor":1},{"not_picked":["BowlingBash","EmptyMind"],"picked":"LikeWater","floor":4},{"not_picked":["Pray","BowlingBash"],"picked":"Devotion","floor":6},{"not_picked":["DeceiveReality","Halt"],"picked":"SignatureMove","floor":10},{"not_picked":["Weave","CrushJoints"],"picked":"Meditate","floor":11},{"not_picked":["FollowUp","ThirdEye"],"picked":"Wireheading","floor":12},{"not_picked":["FlurryOfBlows","JustLucky","ThirdEye"],"picked":"SKIP","floor":14},{"not_picked":["DevaForm+1","MasterReality+1"],"picked":"Devotion+1","floor":16},{"not_picked":["Worship+1","InnerPeace"],"picked":"Conclude","floor":18},{"not_picked":["CutThroughFate+1","WaveOfTheHand+1"],"picked":"ClearTheMind","floor":19},{"not_picked":["WreathOfFlame","BowlingBash","FollowUp"],"picked":"SKIP","floor":22}],"player_experience":1490080,"relics_obtained":[{"floor":6,"key":"Mummified Hand"},{"floor":9,"key":"Eternal Feather"},{"floor":11,"key":"Mercury Hourglass"},{"floor":14,"key":"Akabeko"}],"event_choices":[{"cards_removed":["Strike_P"],"damage_healed":0,"gold_gain":0,"player_choice":"Card Removal","damage_taken":0,"max_hp_gain":0,"max_hp_loss":0,"event_name":"The Cleric","floor":2,"gold_loss":75},{"damage_healed":0,"gold_gain":150,"player_choice":"AGREE","damage_taken":0,"max_hp_gain":0,"max_hp_loss":0,"event_name":"Liars Game","floor":5,"gold_loss":0,"cards_obtained":["Doubt"]},{"damage_healed":0,"gold_gain":0,"player_choice":"Entered Light","damage_taken":20,"max_hp_gain":0,"max_hp_loss":0,"event_name":"Shining Light","floor":7,"gold_loss":0,"cards_upgraded":["Defend_P","Eruption"]},{"damage_healed":0,"gold_gain":30,"player_choice":"Searched \u00272\u0027 times","damage_taken":0,"max_hp_gain":0,"max_hp_loss":0,"event_name":"Dead Adventurer","floor":8,"gold_loss":0},{"damage_healed":0,"gold_gain":50,"player_choice":"Stole From Cult","damage_taken":0,"max_hp_gain":0,"max_hp_loss":0,"event_name":"Nest","floor":20,"gold_loss":0},{"damage_healed":0,"gold_gain":0,"player_choice":"Simplicity","damage_taken":0,"max_hp_gain":0,"max_hp_loss":0,"event_name":"Back to Basics","floor":21,"gold_loss":0,"cards_upgraded":["Strike_P","Strike_P","Strike_P","Defend_P","Defend_P"]}],"is_beta":false,"boss_relics":[{"not_picked":["Astrolabe","Cursed Key"],"picked":"Empty Cage"}],"items_purged_floors":[],"is_endless":false,"potions_floor_spawned":[4,6,10,22],"killed_by":"Slavers","ascension_level":18}