{"gold_per_floor":[111,111,131,131,150,150,189,208,234,234,273,76,111,131,131,227,227,251,82,82,97,118,118,173,197,197,273,311,311,311,311],"floor_reached":31,"playtime":962,"items_purged":[],"score":652,"play_id":"5b9ecbfb-4767-412b-ab2a-e7dfc87a6b42","local_time":"20210719214744","is_ascension_mode":true,"campfire_choices":[{"data":"Judgement","floor":6,"key":"SMITH"},{"floor":10,"key":"REST"},{"data":"Eruption","floor":15,"key":"SMITH"},{"floor":23,"key":"REST"},{"floor":30,"key":"REST"}],"neow_cost":"NONE","seed_source_timestamp":51004699943400,"circlet_count":0,"master_deck":["AscendersBane","Strike_P","Strike_P","Strike_P","Strike_P","Defend_P","Defend_P","Defend_P","Defend_P+1","Eruption+1","Vigilance","Judgement+1","Consecrate","Prostrate+1","Vault","Sanctity","SignatureMove","Wish","CurseOfTheBell","Wish","BowlingBash+1","Worship","Writhe"],"relics":["PureWater","Golden Idol","Tiny Chest","Strawberry","Potion Belt","Anchor","Incense Burner","Calling Bell","War Paint","Kunai","Thread and Needle","Damaru","Pear","White Beast Statue","Molten Egg 2","Bronze Scales","PreservedInsect"],"potions_floor_usage":[11,16,16,16,24,24,24,24,28,28,28,31],"damage_taken":[{"damage":0,"enemies":"Jaw Worm","floor":1,"turns":2},{"damage":0,"enemies":"2 Louse","floor":3,"turns":3},{"damage":1,"enemies":"Cultist","floor":5,"turns":4},{"damage":21,"enemies":"3 Sentries","floor":7,"turns":6},{"damage":0,"enemies":"2 Fungi Beasts","floor":8,"turns":3},{"damage":0,"enemies":"Lagavulin","floor":11,"turns":4},{"damage":0,"enemies":"3 Sentries","floor":13,"turns":6},{"damage":0,"enemies":"Red Slaver","floor":14,"turns":1},{"damage":13,"enemies":"Hexaghost","floor":16,"turns":7},{"damage":14,"enemies":"Shell Parasite","floor":18,"turns":4},{"damage":0,"enemies":"Chosen","floor":21,"turns":4},{"damage":18,"enemies":"Shelled Parasite and Fungi","floor":22,"turns":2},{"damage":17,"enemies":"Slavers","floor":24,"turns":5},{"damage":29,"enemies":"Snecko","floor":25,"turns":7},{"damage":15,"enemies":"Book of Stabbing","floor":28,"turns":8},{"damage":35,"enemies":"Slavers","floor":31,"turns":3}],"seed_played":"1358467823924375015","potions_obtained":[{"floor":5,"key":"FearPotion"},{"floor":11,"key":"SkillPotion"},{"floor":13,"key":"DistilledChaos"},{"floor":14,"key":"BlessingOfTheForge"},{"floor":18,"key":"ColorlessPotion"},{"floor":22,"key":"EntropicBrew"},{"floor":25,"key":"Weak Potion"},{"floor":28,"key":"GamblersBrew"}],"is_trial":false,"path_per_floor":["M","?","M","?","M","R","E","M","T","R","E","$","E","M","R","B",null,"M","$","?","M","M","R","E","M","T","T","E","?","R","E"],"character_chosen":"WATCHER","items_purchased":["Anchor","Sanctity","Damaru"],"campfire_rested":3,"item_purchase_floors":[12,12,19],"current_hp_per_floor":[61,61,61,61,60,60,39,39,46,68,68,68,68,68,68,55,70,56,56,56,56,38,60,53,24,24,24,9,9,34,0],"gold":311,"neow_bonus":"ONE_RANDOM_RARE_CARD","is_prod":false,"is_daily":false,"chose_seed":false,"campfire_upgraded":2,"win_rate":0,"timestamp":1626745664,"path_taken":["M","?","M","?","?","R","E","?","T","R","E","$","E","M","R","BOSS","M","$","?","M","?","R","E","M","T","?","E","?","R","E"],"build_version":"2020-12-22","purchased_purges":0,"victory":false,"max_hp_per_floor":[68,68,68,68,68,68,68,68,75,75,75,75,75,75,75,75,75,75,75,75,75,75,75,85,85,85,85,85,85,85,85],"card_choices":[{"not_picked":["BowlingBash","ClearTheMind"],"picked":"Consecrate","floor":1},{"not_picked":["Halt","PathToVictory"],"picked":"Prostrate","floor":3},{"not_picked":["Protect","Evaluate","Consecrate"],"picked":"SKIP","floor":5},{"not_picked":["Prostrate","Sanctity"],"picked":"Vault","floor":7},{"not_picked":["CutThroughFate","Halt","Swivel"],"picked":"SKIP","floor":8},{"not_picked":["DevaForm","BattleHymn","CutThroughFate"],"picked":"SKIP","floor":11},{"not_picked":["ThirdEye","InnerPeace"],"picked":"SignatureMove","floor":13},{"not_picked":["Evaluate","Establishment","Wallop"],"picked":"SKIP","floor":14},{"not_picked":["Blasphemy","Omniscience"],"picked":"Wish","floor":16},{"not_picked":["ThirdEye","EmptyBody","FlyingSleeves"],"picked":"SKIP","floor":18},{"not_picked":["JustLucky","EmptyFist"],"picked":"BowlingBash+1","floor":21},{"not_picked":["EmptyBody","Halt","ThirdEye"],"picked":"SKIP","floor":22},{"not_picked":["Judgement","Adaptation","FlurryOfBlows"],"picked":"SKIP","floor":24},{"not_picked":["FollowUp","Wallop","Conclude"],"picked":"SKIP","floor":25},{"not_picked":["Evaluate","Prostrate"],"picked":"Worship","floor":28}],"player_experience":1500869,"relics_obtained":[{"floor":7,"key":"Tiny Chest"},{"floor":9,"key":"Strawberry"},{"floor":11,"key":"Potion Belt"},{"floor":13,"key":"Incense Burner"},{"floor":17,"key":"War Paint"},{"floor":17,"key":"Kunai"},{"floor":17,"key":"Thread and Needle"},{"floor":24,"key":"Pear"},{"floor":26,"key":"White Beast Statue"},{"floor":27,"key":"Molten Egg 2"},{"floor":28,"key":"Bronze Scales"}],"event_choices":[{"damage_healed":0,"gold_gain":0,"player_choice":"Take Wound","damage_taken":0,"relics_obtained":["Golden Idol"],"max_hp_gain":0,"max_hp_loss":0,"event_name":"Golden Idol","floor":2,"gold_loss":0,"cards_obtained":["Injury"]},{"cards_removed":["Injury"],"damage_healed":0,"gold_gain":0,"player_choice":"Forget","damage_taken":0,"max_hp_gain":0,"max_hp_loss":0,"event_name":"Living Wall","floor":4,"gold_loss":0},{"damage_healed":0,"gold_gain":0,"player_choice":"Copied","damage_taken":0,"max_hp_gain":0,"max_hp_loss":0,"event_name":"Duplicator","floor":20,"gold_loss":0,"cards_obtained":["Wish"]},{"damage_healed":0,"gold_gain":0,"player_choice":"Opened","damage_taken":0,"relics_obtained":["PreservedInsect"],"max_hp_gain":0,"max_hp_loss":0,"event_name":"The Mausoleum","floor":29,"gold_loss":0,"cards_obtained":["Writhe"]}],"is_beta":false,"boss_relics":[{"not_picked":["Runic Pyramid","Ectoplasm"],"picked":"Calling Bell"}],"items_purged_floors":[],"is_endless":false,"potions_floor_spawned":[5,11,13,14,18,22,25,28],"killed_by":"Slavers","ascension_level":18}