{"gold_per_floor":[116,266,282,357,282,282,300,310,336,336,347,358,374,387,387,387],"floor_reached":16,"playtime":535,"items_purged":["Doubt"],"score":182,"play_id":"cfdca48f-574f-402e-a8c2-e580d57d9d75","local_time":"20210731000333","is_ascension_mode":true,"campfire_choices":[{"floor":10,"key":"REST"},{"floor":15,"key":"REST"}],"neow_cost":"NONE","seed_source_timestamp":454564736673600,"circlet_count":0,"master_deck":["AscendersBane","Strike_P","Strike_P","Strike_P","Strike_P","Defend_P","Defend_P","Defend_P","Defend_P","Eruption","Vigilance","Devotion+1","WheelKick","Consecrate","Evaluate","ThirdEye","Collect","LessonLearned","Prostrate"],"relics":["PureWater","Oddly Smooth Stone","Akabeko"],"potions_floor_usage":[14],"damage_taken":[{"damage":11,"enemies":"Jaw Worm","floor":1,"turns":6},{"damage":1,"enemies":"Small Slimes","floor":3,"turns":3},{"damage":0,"enemies":"2 Louse","floor":7,"turns":2},{"damage":31,"enemies":"Large Slime","floor":8,"turns":6},{"damage":0,"enemies":"3 Louse","floor":11,"turns":1},{"damage":7,"enemies":"Blue Slaver","floor":12,"turns":4},{"damage":0,"enemies":"2 Fungi Beasts","floor":13,"turns":4},{"damage":13,"enemies":"Looter","floor":14,"turns":4},{"damage":22,"enemies":"The Guardian","floor":16,"turns":4}],"seed_played":"2643711382818682654","potions_obtained":[{"floor":1,"key":"Strength Potion"},{"floor":11,"key":"BottledMiracle"}],"is_trial":false,"path_per_floor":["M","?","M","?","$","?","M","M","T","R","M","M","M","M","R","B"],"character_chosen":"WATCHER","items_purchased":[],"campfire_rested":2,"item_purchase_floors":[],"current_hp_per_floor":[50,50,49,38,38,33,33,2,2,22,22,15,15,2,22,0],"gold":387,"neow_bonus":"ONE_RANDOM_RARE_CARD","is_prod":false,"is_daily":false,"chose_seed":false,"campfire_upgraded":0,"win_rate":0,"timestamp":1627704213,"path_taken":["M","?","M","?","$","?","M","M","T","R","?","M","M","M","R","BOSS"],"build_version":"2020-12-22","purchased_purges":1,"victory":false,"max_hp_per_floor":[68,68,68,68,68,68,68,68,68,68,68,68,68,68,68,68],"card_choices":[{"not_picked":["WindmillStrike","ThirdEye"],"picked":"WheelKick","floor":1},{"not_picked":["FlyingSleeves","CutThroughFate"],"picked":"Consecrate","floor":3},{"not_picked":["Tantrum","Crescendo"],"picked":"Evaluate","floor":7},{"not_picked":["PathToVictory","JustLucky"],"picked":"ThirdEye","floor":8},{"not_picked":["Crescendo","FlyingSleeves","JustLucky"],"picked":"SKIP","floor":11},{"not_picked":["FlyingSleeves","FlurryOfBlows"],"picked":"Collect","floor":12},{"not_picked":["Evaluate","Weave"],"picked":"LessonLearned","floor":13},{"not_picked":["Nirvana","Weave"],"picked":"Prostrate","floor":14}],"player_experience":1548513,"relics_obtained":[{"floor":9,"key":"Akabeko"}],"event_choices":[{"damage_healed":0,"gold_gain":150,"player_choice":"AGREE","damage_taken":0,"max_hp_gain":0,"max_hp_loss":0,"event_name":"Liars Game","floor":2,"gold_loss":0,"cards_obtained":["Doubt"]},{"damage_healed":0,"gold_gain":75,"player_choice":"Gather Gold","damage_taken":11,"max_hp_gain":0,"max_hp_loss":0,"event_name":"World of Goop","floor":4,"gold_loss":0},{"damage_healed":0,"gold_gain":0,"player_choice":"Success","damage_taken":5,"relics_obtained":["Oddly Smooth Stone"],"max_hp_gain":0,"max_hp_loss":0,"event_name":"Scrap Ooze","floor":6,"gold_loss":0}],"is_beta":false,"boss_relics":[],"items_purged_floors":[5],"is_endless":false,"potions_floor_spawned":[1,11,13],"killed_by":"The Guardian","ascension_level":18}