{"gold_per_floor":[410,410,40,99,99,99,179,179,179,232,272,272,422,507,507,603,603,695,737,110,110,170,255,255,310,310,310],"floor_reached":27,"playtime":1172,"items_purged":["Doubt"],"score":532,"play_id":"db483d77-df0b-4458-9c53-3906486ff07d","local_time":"20210726214936","is_ascension_mode":true,"campfire_choices":[{"data":"HandOfGreed","floor":6,"key":"SMITH"},{"floor":8,"key":"REST"},{"floor":15,"key":"REST"},{"floor":24,"key":"REST"}],"neow_cost":"CURSE","seed_source_timestamp":100289764787000,"circlet_count":0,"master_deck":["AscendersBane","Eruption","Vigilance","FearNoEvil","HandOfGreed+1","Perseverance","DeusExMachina","Nirvana+1","EmptyFist","MasterReality+1","SashWhip","Worship","LikeWater+1","Consecrate","ClearTheMind","Pray","Sanctity","DeceiveReality"],"relics":["PureWater","Old Coin","Chemical X","Ancient Tea Set","Anchor","Frozen Egg 2","Happy Flower","Pandora\u0027s Box","Toy Ornithopter","Lantern","OrangePellets","MutagenicStrength","Blood Vial","Shuriken","Ornamental Fan"],"potions_floor_usage":[7,14,16,23,25],"damage_taken":[{"damage":12,"enemies":"Small Slimes","floor":1,"turns":4},{"damage":4,"enemies":"2 Louse","floor":4,"turns":3},{"damage":41,"enemies":"3 Sentries","floor":7,"turns":7},{"damage":1,"enemies":"Lagavulin","floor":10,"turns":7},{"damage":0,"enemies":"Cultist","floor":11,"turns":1},{"damage":17,"enemies":"3 Sentries","floor":14,"turns":8},{"damage":33,"enemies":"The Guardian","floor":16,"turns":13},{"damage":17,"enemies":"3 Byrds","floor":18,"turns":8},{"damage":16,"enemies":"Spheric Guardian","floor":19,"turns":6},{"damage":0,"enemies":"Centurion and Healer","floor":22,"turns":5},{"damage":13,"enemies":"Slavers","floor":23,"turns":5},{"damage":21,"enemies":"Book of Stabbing","floor":25,"turns":5},{"damage":30,"enemies":"Slavers","floor":27,"turns":3}],"seed_played":"5663453724899391514","potions_obtained":[{"floor":1,"key":"Regen Potion"},{"floor":7,"key":"SpeedPotion"},{"floor":11,"key":"Explosive Potion"},{"floor":18,"key":"BottledMiracle"},{"floor":23,"key":"Block Potion"}],"is_trial":false,"path_per_floor":["M","?","$","M","?","R","E","R","T","E","M","?","?","E","R","B",null,"M","M","$","?","M","E","R","E","T","E"],"character_chosen":"WATCHER","items_purchased":["Chemical X","HandOfGreed","Toy Ornithopter","Lantern","OrangePellets","Block Potion"],"campfire_rested":3,"item_purchase_floors":[3,3,20,20,20,20],"current_hp_per_floor":[49,42,42,38,38,38,12,32,32,31,31,31,31,14,34,1,51,34,18,18,18,18,10,30,16,16,0],"gold":310,"neow_bonus":"ONE_RARE_RELIC","is_prod":false,"is_daily":false,"chose_seed":false,"campfire_upgraded":1,"win_rate":0,"timestamp":1627350576,"path_taken":["M","?","$","M","?","R","E","R","T","E","?","?","?","E","R","BOSS","M","M","$","?","M","E","R","E","T","E"],"build_version":"2020-12-22","purchased_purges":1,"victory":false,"max_hp_per_floor":[68,68,68,68,68,68,68,68,68,68,68,68,68,68,68,68,68,68,68,68,68,68,68,68,68,68,68],"card_choices":[{"not_picked":["ThirdEye","Wallop"],"picked":"FearNoEvil","floor":1},{"not_picked":["Study","FlyingSleeves"],"picked":"Perseverance","floor":4},{"not_picked":["Perseverance","Alpha"],"picked":"DeusExMachina","floor":7},{"not_picked":["WaveOfTheHand","CarveReality"],"picked":"Nirvana+1","floor":10},{"not_picked":["FlyingSleeves","FlurryOfBlows","TalkToTheHand"],"picked":"SKIP","floor":11},{"not_picked":["TalkToTheHand","WreathOfFlame"],"picked":"EmptyFist","floor":14},{"not_picked":["Wish","Brilliance"],"picked":"MasterReality+1","floor":16},{"not_picked":["FlurryOfBlows","JustLucky"],"picked":"DeceiveReality","floor":18},{"not_picked":["Consecrate","Pray","Study+1"],"picked":"SKIP","floor":19},{"not_picked":["EmptyBody","FlurryOfBlows","PathToVictory"],"picked":"SKIP","floor":22},{"not_picked":["Judgement","WreathOfFlame","Evaluate"],"picked":"SKIP","floor":23},{"not_picked":["Study+1","CutThroughFate","Evaluate"],"picked":"SKIP","floor":25}],"player_experience":1522364,"relics_obtained":[{"floor":7,"key":"Ancient Tea Set"},{"floor":9,"key":"Anchor"},{"floor":10,"key":"Frozen Egg 2"},{"floor":14,"key":"Happy Flower"},{"floor":23,"key":"Blood Vial"},{"floor":25,"key":"Shuriken"},{"floor":26,"key":"Ornamental Fan"}],"event_choices":[{"cards_removed":["Decay"],"damage_healed":0,"gold_gain":0,"player_choice":"Card Removal","damage_taken":7,"max_hp_gain":0,"max_hp_loss":0,"event_name":"Golden Wing","floor":2,"gold_loss":0},{"cards_removed":["Strike_P"],"damage_healed":0,"gold_gain":0,"player_choice":"Offered Basic","damage_taken":0,"max_hp_gain":0,"max_hp_loss":0,"event_name":"Bonfire Elementals","floor":5,"gold_loss":0},{"damage_healed":0,"gold_gain":0,"player_choice":"Ignored","damage_taken":0,"max_hp_gain":0,"max_hp_loss":0,"event_name":"Shining Light","floor":12,"gold_loss":0},{"damage_healed":0,"gold_gain":150,"player_choice":"AGREE","damage_taken":0,"max_hp_gain":0,"max_hp_loss":0,"event_name":"Liars Game","floor":13,"gold_loss":0,"cards_obtained":["Doubt"]},{"damage_healed":0,"gold_gain":0,"player_choice":"Inject Mutagens","damage_taken":0,"relics_obtained":["MutagenicStrength"],"max_hp_gain":0,"max_hp_loss":0,"event_name":"Drug Dealer","floor":21,"gold_loss":0}],"is_beta":false,"boss_relics":[{"not_picked":["Cursed Key","Runic Dome"],"picked":"Pandora\u0027s Box"}],"items_purged_floors":[20],"is_endless":false,"potions_floor_spawned":[1,7,11,18,22,23],"killed_by":"Slavers","ascension_level":18}