{"gold_per_floor":[111,28,178,226,237,237,262,262,285,317,317,50,50,50,50,50],"floor_reached":16,"playtime":422,"items_purged":["Strike_P"],"score":198,"play_id":"fff671a8-d7af-4a89-93f3-4a8bf4a744c6","local_time":"20210726220631","is_ascension_mode":true,"campfire_choices":[{"data":"Eruption","floor":6,"key":"SMITH"},{"data":"Conclude","floor":8,"key":"SMITH"},{"floor":13,"key":"REST"},{"data":"JustLucky","floor":15,"key":"SMITH"}],"neow_cost":"NONE","seed_source_timestamp":102056155266200,"circlet_count":0,"master_deck":["AscendersBane","Strike_P","Strike_P","Strike_P","Defend_P","Defend_P","Defend_P","Eruption+1","Vigilance","Scrawl","Weave","Conclude+1","Protect","Meditate","Halt","JustLucky+1"],"relics":["PureWater","Smiling Mask","Letter Opener","PreservedInsect","Bag of Marbles","PrismaticShard"],"potions_floor_usage":[],"damage_taken":[{"damage":0,"enemies":"2 Louse","floor":1,"turns":2},{"damage":0,"enemies":"Jaw Worm","floor":5,"turns":3},{"damage":16,"enemies":"Gremlin Nob","floor":7,"turns":3},{"damage":18,"enemies":"Lagavulin","floor":10,"turns":7},{"damage":51,"enemies":"The Guardian","floor":16,"turns":10}],"seed_played":"503122598944178496","potions_obtained":[{"floor":7,"key":"Energy Potion"},{"floor":10,"key":"Ambrosia"}],"is_trial":false,"path_per_floor":["M","$","?","T","M","R","E","R","T","E","?","$","R","?","R","B"],"character_chosen":"WATCHER","items_purchased":["Conclude","PrismaticShard","JustLucky"],"campfire_rested":1,"item_purchase_floors":[2,12,12],"current_hp_per_floor":[61,61,61,61,61,61,45,45,45,27,20,20,40,40,40,0],"gold":50,"neow_bonus":"ONE_RANDOM_RARE_CARD","is_prod":false,"is_daily":false,"chose_seed":false,"campfire_upgraded":3,"win_rate":0,"timestamp":1627351591,"path_taken":["M","$","?","?","?","R","E","R","T","E","?","$","R","?","R","BOSS"],"build_version":"2020-12-22","purchased_purges":1,"victory":false,"max_hp_per_floor":[68,68,68,68,68,68,68,68,68,68,68,68,68,68,68,68],"card_choices":[{"not_picked":["Halt","Collect"],"picked":"Weave","floor":1},{"not_picked":["FlyingSleeves","WindmillStrike"],"picked":"Protect","floor":5},{"not_picked":["Collect","LikeWater"],"picked":"Meditate","floor":7},{"not_picked":["SignatureMove","EmptyFist"],"picked":"Halt","floor":10}],"player_experience":1524027,"relics_obtained":[{"floor":4,"key":"Smiling Mask"},{"floor":7,"key":"Letter Opener"},{"floor":9,"key":"PreservedInsect"},{"floor":10,"key":"Bag of Marbles"}],"event_choices":[{"damage_healed":0,"gold_gain":150,"player_choice":"AGREE","damage_taken":0,"max_hp_gain":0,"max_hp_loss":0,"event_name":"Liars Game","floor":3,"gold_loss":0,"cards_obtained":["Doubt"]},{"cards_removed":["Doubt"],"damage_healed":0,"gold_gain":0,"player_choice":"Card Removal","damage_taken":7,"max_hp_gain":0,"max_hp_loss":0,"event_name":"Golden Wing","floor":11,"gold_loss":0},{"cards_removed":["Defend_P"],"damage_healed":0,"gold_gain":0,"player_choice":"Purged","damage_taken":0,"max_hp_gain":0,"max_hp_loss":0,"event_name":"Purifier","floor":14,"gold_loss":0}],"is_beta":false,"boss_relics":[],"items_purged_floors":[12],"is_endless":false,"potions_floor_spawned":[7,10],"killed_by":"The Guardian","ascension_level":18}