{"gold_per_floor":[111,111,166,166,184,209,284,294,294,306,271,328,7,24,24,98,98,114,389,408,418,177,177,230,230,254,254,282,307,307,140,140,215,265,283,283],"floor_reached":36,"playtime":1291,"items_purged":["Regret"],"score":924,"play_id":"5dd57a16-4b16-4aab-800e-0976bda6a22d","local_time":"20210724203312","is_ascension_mode":true,"campfire_choices":[{"floor":15,"key":"REST"},{"floor":23,"key":"REST"},{"data":"Worship","floor":25,"key":"SMITH"},{"data":"LikeWater","floor":27,"key":"SMITH"},{"floor":32,"key":"REST"}],"neow_cost":"NONE","seed_source_timestamp":478202035387300,"circlet_count":0,"master_deck":["AscendersBane","Strike_P","Strike_P","Strike_P","Strike_P","Defend_P","Defend_P","Defend_P","Defend_P","Eruption+1","Vigilance+1","ReachHeaven","Worship+1","Adaptation+1","FearNoEvil","FlurryOfBlows","Indignation","LikeWater+1","EmptyMind","LessonLearned","MentalFortress","Brilliance","LikeWater+1","Blasphemy","Establishment+1"],"relics":["PureWater","NeowsBlessing","Prayer Wheel","TeardropLocket","Letter Opener","Strawberry","Toolbox","VioletLotus","Juzu Bracelet","Akabeko","Orichalcum","Dream Catcher","Red Mask","ClockworkSouvenir","Tiny House"],"potions_floor_usage":[8,16,20,28,28,33],"damage_taken":[{"damage":0,"enemies":"Jaw Worm","floor":1,"turns":1},{"damage":0,"enemies":"Small Slimes","floor":5,"turns":1},{"damage":0,"enemies":"3 Sentries","floor":6,"turns":1},{"damage":0,"enemies":"Cultist","floor":8,"turns":2},{"damage":12,"enemies":"Looter","floor":10,"turns":3},{"damage":22,"enemies":"Gremlin Nob","floor":12,"turns":4},{"damage":7,"enemies":"2 Fungi Beasts","floor":14,"turns":3},{"damage":18,"enemies":"The Guardian","floor":16,"turns":5},{"damage":0,"enemies":"Chosen","floor":18,"turns":3},{"damage":20,"enemies":"2 Thieves","floor":20,"turns":2},{"damage":15,"enemies":"Sentry and Sphere","floor":21,"turns":6},{"damage":0,"enemies":"Gremlin Leader","floor":24,"turns":7},{"damage":7,"enemies":"Slavers","floor":28,"turns":9},{"damage":0,"enemies":"Masked Bandits","floor":29,"turns":4},{"damage":11,"enemies":"Champ","floor":33,"turns":8},{"damage":21,"enemies":"Orb Walker","floor":35,"turns":4},{"damage":99999,"enemies":"3 Darklings","floor":36,"turns":2}],"seed_played":"4042898980044118123","potions_obtained":[{"floor":1,"key":"BottledMiracle"},{"floor":10,"key":"Explosive Potion"},{"floor":12,"key":"Strength Potion"},{"floor":16,"key":"BlessingOfTheForge"},{"floor":24,"key":"FearPotion"},{"floor":29,"key":"AttackPotion"},{"floor":34,"key":"LiquidBronze"}],"is_trial":false,"path_per_floor":["M","?","?","?","M","E","?","M","T","M","?","?","$","M","R","B",null,"M","?","M","M","$","R","E","R","T","R","E","?","?","$","R","B",null,"M","M"],"character_chosen":"WATCHER","items_purchased":["Strawberry","Toolbox","Juzu Bracelet","ClockworkSouvenir"],"campfire_rested":3,"item_purchase_floors":[13,13,22,31],"current_hp_per_floor":[61,61,61,61,61,61,50,50,50,38,55,33,40,33,55,37,66,66,66,46,31,31,53,53,53,53,53,46,46,46,46,68,57,76,55,0],"gold":283,"neow_bonus":"THREE_ENEMY_KILL","is_prod":false,"is_daily":false,"chose_seed":false,"campfire_upgraded":2,"win_rate":0,"timestamp":1627173192,"path_taken":["M","?","?","?","?","E","?","M","T","M","?","?","$","M","R","BOSS","M","?","?","M","$","R","E","R","T","R","E","?","?","?","R","BOSS","M","M"],"build_version":"2020-12-22","purchased_purges":1,"victory":false,"max_hp_per_floor":[68,68,68,68,68,68,68,68,68,68,68,68,75,75,75,75,75,75,75,75,75,75,75,75,75,75,75,75,75,75,75,75,75,80,80,80],"card_choices":[{"not_picked":["EmptyFist","Prostrate"],"picked":"ReachHeaven","floor":1},{"not_picked":["FlyingSleeves","EmptyFist"],"picked":"Worship","floor":5},{"not_picked":["FollowUp","Nirvana"],"picked":"Adaptation","floor":6},{"not_picked":["ClearTheMind","JustLucky"],"picked":"FearNoEvil","floor":8},{"not_picked":["Adaptation","FlyingSleeves"],"picked":"FlurryOfBlows","floor":8},{"not_picked":["PathToVictory","FearNoEvil"],"picked":"Indignation","floor":10},{"not_picked":["FollowUp","ForeignInfluence"],"picked":"LikeWater","floor":10},{"not_picked":["Crescendo","PathToVictory"],"picked":"EmptyMind","floor":12},{"not_picked":["SignatureMove","ThirdEye"],"picked":"LessonLearned","floor":14},{"not_picked":["WheelKick","MentalFortress","EmptyBody"],"picked":"SKIP","floor":14},{"not_picked":["WheelKick","EmptyBody"],"picked":"MentalFortress","floor":14},{"not_picked":["Vault","Alpha"],"picked":"Brilliance","floor":16},{"not_picked":["CutThroughFate","FollowUp"],"picked":"LikeWater+1","floor":18},{"not_picked":["BowlingBash","ThirdEye","CarveReality"],"picked":"SKIP","floor":18},{"not_picked":["BowlingBash","ThirdEye","CarveReality"],"picked":"SKIP","floor":18},{"not_picked":["WindmillStrike","SashWhip+1","Study+1"],"picked":"SKIP","floor":20},{"not_picked":["SashWhip","FlurryOfBlows","SignatureMove"],"picked":"SKIP","floor":20},{"not_picked":["ForeignInfluence","DevaForm","Evaluate"],"picked":"SKIP","floor":21},{"not_picked":["SandsOfTime","Evaluate","Halt"],"picked":"SKIP","floor":21},{"not_picked":["FearNoEvil","SandsOfTime","Protect"],"picked":"SKIP","floor":24},{"not_picked":["SashWhip","PathToVictory","ThirdEye"],"picked":"SKIP","floor":28},{"not_picked":["PathToVictory","Crescendo"],"picked":"Blasphemy","floor":32},{"not_picked":["DevaForm","SpiritShield"],"picked":"Establishment","floor":33},{"not_picked":["Wireheading","Vengeance","ThirdEye"],"picked":"SKIP","floor":35},{"not_picked":["Weave","ClearTheMind","Adaptation+1"],"picked":"SKIP","floor":35}],"player_experience":1518226,"relics_obtained":[{"floor":6,"key":"Prayer Wheel"},{"floor":9,"key":"TeardropLocket"},{"floor":24,"key":"Akabeko"},{"floor":26,"key":"Orichalcum"},{"floor":28,"key":"Dream Catcher"},{"floor":29,"key":"Red Mask"}],"event_choices":[{"damage_healed":0,"gold_gain":0,"player_choice":"Grow","damage_taken":0,"max_hp_gain":0,"max_hp_loss":0,"event_name":"Living Wall","floor":2,"gold_loss":0,"cards_upgraded":["Eruption"]},{"damage_healed":0,"gold_gain":55,"player_choice":"Gained Gold","damage_taken":0,"max_hp_gain":0,"max_hp_loss":0,"event_name":"Golden Wing","floor":3,"gold_loss":0},{"damage_healed":0,"gold_gain":0,"player_choice":"Upgraded","damage_taken":0,"max_hp_gain":0,"max_hp_loss":0,"event_name":"Upgrade Shrine","floor":4,"gold_loss":0,"cards_upgraded":["Vigilance"]},{"damage_healed":0,"gold_gain":75,"player_choice":"Gather Gold","damage_taken":11,"max_hp_gain":0,"max_hp_loss":0,"event_name":"World of Goop","floor":7,"gold_loss":0},{"damage_healed":17,"gold_gain":0,"player_choice":"Healed","damage_taken":0,"max_hp_gain":0,"max_hp_loss":0,"event_name":"The Cleric","floor":11,"gold_loss":35},{"damage_healed":0,"gold_gain":0,"player_choice":"Searched \u00272\u0027 times","damage_taken":0,"relics_obtained":["Letter Opener"],"max_hp_gain":0,"max_hp_loss":0,"event_name":"Dead Adventurer","floor":12,"gold_loss":0},{"damage_healed":0,"gold_gain":275,"player_choice":"Desecrate","damage_taken":0,"max_hp_gain":0,"max_hp_loss":0,"event_name":"Golden Shrine","floor":19,"gold_loss":0,"cards_obtained":["Regret"]},{"damage_healed":0,"gold_gain":0,"player_choice":"Fought Bandits","damage_taken":0,"max_hp_gain":0,"max_hp_loss":0,"event_name":"Masked Bandits","floor":29,"gold_loss":0},{"damage_healed":0,"gold_gain":0,"player_choice":"Ignored","damage_taken":0,"max_hp_gain":0,"max_hp_loss":0,"event_name":"Beggar","floor":30,"gold_loss":0}],"is_beta":false,"boss_relics":[{"not_picked":["HolyWater","SacredBark"],"picked":"VioletLotus"},{"not_picked":["Runic Pyramid","Black Star"],"picked":"Tiny House"}],"items_purged_floors":[22],"is_endless":false,"potions_floor_spawned":[1,10,12,14,16,18,24,29],"killed_by":"3 Darklings","ascension_level":18}