{"gold_per_floor":[17,32,100,100,124,124,149,159,184,215,490,490,490,501,501,572,572,589,349,349,349,349,349],"floor_reached":23,"playtime":544,"items_purged":["Regret"],"score":471,"play_id":"e5726323-a550-4776-80f3-ad0658b23535","local_time":"20210726221604","is_ascension_mode":true,"campfire_choices":[{"data":"Eruption","floor":6,"key":"SMITH"},{"floor":13,"key":"REST"},{"floor":15,"key":"REST"}],"neow_cost":"NO_GOLD","seed_source_timestamp":102505643988100,"circlet_count":0,"master_deck":["AscendersBane","Strike_P","Strike_P","Strike_P","Strike_P","Defend_P","Defend_P","Defend_P","Defend_P","Eruption+1","Vigilance","Brilliance","EmptyBody","Worship","DevaForm","Halt","SpiritShield+1","Regret","Halt","Devotion","CurseOfTheBell","FearNoEvil+1","Decay","Decay"],"relics":["PureWater","Kunai","Damaru","Centennial Puzzle","Juzu Bracelet","Lantern","Dead Branch","Calling Bell","Bag of Marbles","Sundial","Turnip","Oddly Smooth Stone","Eternal Feather"],"potions_floor_usage":[10,18,23],"damage_taken":[{"damage":2,"enemies":"Cultist","floor":1,"turns":3},{"damage":0,"enemies":"Small Slimes","floor":2,"turns":2},{"damage":20,"enemies":"Gremlin Nob","floor":7,"turns":3},{"damage":12,"enemies":"Jaw Worm","floor":8,"turns":2},{"damage":5,"enemies":"3 Sentries","floor":10,"turns":4},{"damage":8,"enemies":"Looter","floor":14,"turns":3},{"damage":28,"enemies":"Slime Boss","floor":16,"turns":5},{"damage":8,"enemies":"Spheric Guardian","floor":18,"turns":4},{"damage":62,"enemies":"Book of Stabbing","floor":23,"turns":4}],"seed_played":"-3846087750093240000","potions_obtained":[{"floor":2,"key":"CultistPotion"},{"floor":8,"key":"Fire Potion"},{"floor":16,"key":"Fire Potion"},{"floor":18,"key":"LiquidBronze"}],"is_trial":false,"path_per_floor":["M","M","T","?","T","R","E","M","T","E","?","?","R","M","R","B",null,"M","$","?","T","?","E"],"character_chosen":"WATCHER","items_purchased":["Oddly Smooth Stone"],"campfire_rested":2,"item_purchase_floors":[19],"current_hp_per_floor":[59,59,59,59,59,59,39,27,27,22,22,22,42,34,54,26,58,50,50,50,50,50,0],"gold":349,"neow_bonus":"THREE_RARE_CARDS","is_prod":false,"is_daily":false,"chose_seed":false,"campfire_upgraded":1,"win_rate":0,"timestamp":1627352164,"path_taken":["M","M","?","?","?","R","E","M","T","E","?","?","R","M","R","BOSS","M","?","?","?","?","E"],"build_version":"2020-12-22","purchased_purges":1,"victory":false,"max_hp_per_floor":[68,68,68,68,68,68,68,68,68,68,68,68,68,68,68,68,68,68,68,68,68,68,68],"card_choices":[{"not_picked":["Omniscience","MasterReality"],"picked":"Brilliance","floor":0},{"not_picked":["SashWhip","ThirdEye"],"picked":"EmptyBody","floor":1},{"not_picked":["JustLucky","CutThroughFate"],"picked":"Worship","floor":2},{"not_picked":["FlyingSleeves","EmptyFist"],"picked":"DevaForm","floor":7},{"not_picked":["MentalFortress","FlyingSleeves"],"picked":"Halt","floor":8},{"not_picked":["Swivel","WaveOfTheHand"],"picked":"SpiritShield","floor":10},{"not_picked":["CarveReality","PathToVictory"],"picked":"Halt","floor":14},{"not_picked":["ConjureBlade","Alpha"],"picked":"Devotion","floor":16},{"not_picked":["WindmillStrike","Adaptation"],"picked":"FearNoEvil+1","floor":18}],"player_experience":1524449,"relics_obtained":[{"floor":3,"key":"Kunai"},{"floor":5,"key":"Centennial Puzzle"},{"floor":7,"key":"Juzu Bracelet"},{"floor":9,"key":"Lantern"},{"floor":10,"key":"Dead Branch"},{"floor":17,"key":"Bag of Marbles"},{"floor":17,"key":"Sundial"},{"floor":17,"key":"Turnip"},{"floor":21,"key":"Eternal Feather"}],"event_choices":[{"damage_healed":0,"gold_gain":0,"player_choice":"Box","damage_taken":0,"relics_obtained":["Damaru"],"max_hp_gain":0,"max_hp_loss":0,"event_name":"Big Fish","floor":4,"gold_loss":0,"cards_obtained":["Regret"]},{"damage_healed":0,"gold_gain":275,"player_choice":"Desecrate","damage_taken":0,"max_hp_gain":0,"max_hp_loss":0,"event_name":"Golden Shrine","floor":11,"gold_loss":0,"cards_obtained":["Regret"]},{"damage_healed":0,"gold_gain":0,"player_choice":"Upgraded","damage_taken":0,"max_hp_gain":0,"max_hp_loss":0,"event_name":"Upgrade Shrine","floor":12,"gold_loss":0,"cards_upgraded":["SpiritShield"]},{"damage_healed":0,"gold_gain":0,"player_choice":"Cursed","damage_taken":0,"max_hp_gain":0,"max_hp_loss":0,"event_name":"Wheel of Change","floor":20,"gold_loss":0,"cards_obtained":["Decay"]},{"damage_healed":0,"gold_gain":0,"player_choice":"Smashed Altar","damage_taken":0,"max_hp_gain":0,"max_hp_loss":0,"event_name":"Forgotten Altar","floor":22,"gold_loss":0,"cards_obtained":["Decay"]}],"is_beta":false,"boss_relics":[{"not_picked":["Ectoplasm","SlaversCollar"],"picked":"Calling Bell"}],"items_purged_floors":[19],"is_endless":false,"potions_floor_spawned":[2,8,16,18],"killed_by":"Book of Stabbing","ascension_level":18}