{"gold_per_floor":[360,112,124,124,124,124,160,160,160,160,178,207,228,272,272,368,368,388,156,174,200,200,200,200],"floor_reached":24,"playtime":640,"items_purged":[],"score":409,"play_id":"46483aee-8492-4fc7-a699-efb99985dfb8","local_time":"20210724120407","is_ascension_mode":true,"campfire_choices":[{"data":"Eruption","floor":6,"key":"SMITH"},{"floor":8,"key":"REST"},{"floor":10,"key":"REST"},{"data":"Perseverance","floor":15,"key":"SMITH"},{"floor":23,"key":"REST"}],"neow_cost":"TEN_PERCENT_HP_LOSS","seed_source_timestamp":448307505289000,"circlet_count":0,"master_deck":["AscendersBane","Defend_P","Defend_P","Defend_P","Defend_P","Eruption+1","Vigilance","ReachHeaven+1","Perseverance+1","BattleHymn","Prostrate","EmptyBody","Pray","Tantrum","LessonLearned","Sanctity","DeusExMachina","Bite","Bite","Bite","Bite","Bite"],"relics":["PureWater","Tiny Chest","Golden Idol","Whetstone","Odd Mushroom","Bag of Marbles","Empty Cage","Membership Card","Omamori"],"potions_floor_usage":[7,13,14],"damage_taken":[{"damage":11,"enemies":"Small Slimes","floor":1,"turns":4},{"damage":0,"enemies":"Jaw Worm","floor":3,"turns":3},{"damage":25,"enemies":"Lagavulin","floor":7,"turns":3},{"damage":0,"enemies":"2 Louse","floor":11,"turns":2},{"damage":16,"enemies":"The Mushroom Lair","floor":12,"turns":4},{"damage":0,"enemies":"Looter","floor":13,"turns":2},{"damage":8,"enemies":"Gremlin Nob","floor":14,"turns":3},{"damage":22,"enemies":"Hexaghost","floor":16,"turns":8},{"damage":16,"enemies":"2 Thieves","floor":18,"turns":4},{"damage":17,"enemies":"Spheric Guardian","floor":20,"turns":3},{"damage":47,"enemies":"Book of Stabbing","floor":24,"turns":4}],"seed_played":"2031519565000328536","potions_obtained":[{"floor":1,"key":"Fire Potion"},{"floor":3,"key":"Ambrosia"},{"floor":12,"key":"StancePotion"},{"floor":18,"key":"Explosive Potion"}],"is_trial":false,"path_per_floor":["M","$","M","?","?","R","E","R","T","R","M","?","M","E","R","B",null,"M","$","M","T","?","R","E"],"character_chosen":"WATCHER","items_purchased":["Tiny Chest","Perseverance","Membership Card","DeusExMachina"],"campfire_rested":3,"item_purchase_floors":[2,2,19,19],"current_hp_per_floor":[50,50,50,31,31,31,6,24,24,42,44,30,32,26,26,6,48,34,34,19,19,19,37,0],"gold":200,"neow_bonus":"TWO_FIFTY_GOLD","is_prod":false,"is_daily":false,"chose_seed":false,"campfire_upgraded":2,"win_rate":0,"timestamp":1627142647,"path_taken":["M","$","M","?","?","R","E","R","T","R","M","?","M","E","R","BOSS","M","$","M","?","?","R","E"],"build_version":"2020-12-22","purchased_purges":0,"victory":false,"max_hp_per_floor":[62,62,62,62,62,62,62,62,62,62,62,62,62,62,62,62,62,62,62,62,62,62,62,62],"card_choices":[{"not_picked":["SashWhip","Evaluate"],"picked":"ReachHeaven","floor":1},{"not_picked":["FollowUp","MentalFortress"],"picked":"BattleHymn","floor":3},{"not_picked":["PathToVictory","ClearTheMind"],"picked":"Prostrate","floor":7},{"not_picked":["JustLucky","PathToVictory","ClearTheMind"],"picked":"SKIP","floor":11},{"not_picked":["EmptyFist","PathToVictory"],"picked":"EmptyBody","floor":12},{"not_picked":["Consecrate","SandsOfTime"],"picked":"Pray","floor":13},{"not_picked":["FlurryOfBlows","CarveReality"],"picked":"Tantrum","floor":14},{"not_picked":["Wish","Omniscience"],"picked":"LessonLearned","floor":16},{"not_picked":["EmptyBody","EmptyFist+1"],"picked":"Sanctity","floor":18},{"not_picked":["Collect","Conclude","Evaluate"],"picked":"SKIP","floor":20}],"player_experience":1515039,"relics_obtained":[{"floor":7,"key":"Whetstone"},{"floor":9,"key":"Blood Vial"},{"floor":12,"key":"Odd Mushroom"},{"floor":14,"key":"Bag of Marbles"},{"floor":21,"key":"Omamori"}],"event_choices":[{"damage_healed":0,"gold_gain":0,"player_choice":"Entered Light","damage_taken":19,"max_hp_gain":0,"max_hp_loss":0,"event_name":"Shining Light","floor":4,"gold_loss":0,"cards_upgraded":["Strike_P","Strike_P"]},{"damage_healed":0,"gold_gain":0,"player_choice":"Take Wound","damage_taken":0,"relics_obtained":["Golden Idol"],"max_hp_gain":0,"max_hp_loss":0,"event_name":"Golden Idol","floor":5,"gold_loss":0,"cards_obtained":["Injury"]},{"damage_healed":0,"gold_gain":0,"player_choice":"Fought Mushrooms","damage_taken":0,"max_hp_gain":0,"max_hp_loss":0,"event_name":"Mushrooms","floor":12,"gold_loss":0},{"damage_healed":0,"gold_gain":0,"player_choice":"Became a vampire (Vial)","damage_taken":0,"max_hp_gain":0,"max_hp_loss":0,"event_name":"Vampires","floor":22,"relics_lost":["Blood Vial"],"gold_loss":0,"cards_obtained":["Bite","Bite","Bite","Bite","Bite"]}],"is_beta":false,"boss_relics":[{"not_picked":["Calling Bell","Runic Pyramid"],"picked":"Empty Cage"}],"items_purged_floors":[],"is_endless":false,"potions_floor_spawned":[1,3,12,18],"killed_by":"Book of Stabbing","ascension_level":18}