{"gold_per_floor":[112,187,187,206,356,388,388,415,497,512,529,2,34,34,34,112,162,172,172,201,201,174,174,174],"floor_reached":24,"playtime":765,"items_purged":["Doubt"],"score":475,"play_id":"453e671f-f9b3-4dd7-9acb-6b69c394c24c","local_time":"20210728153627","is_ascension_mode":true,"campfire_choices":[{"data":"Eruption","floor":7,"key":"SMITH"},{"data":"Wish","floor":15,"key":"SMITH"},{"floor":23,"key":"REST"}],"neow_cost":"NONE","seed_source_timestamp":251108301484700,"circlet_count":0,"master_deck":["AscendersBane","Defend_P","Defend_P","Defend_P+1","Defend_P","Eruption+1","Vigilance","Protect","CrushJoints","CarveReality","Wish+1","FollowUp","EmptyBody","Parasite","MasterReality","Conclude","Tantrum","Bite","Bite","Bite","Bite","Bite","Writhe","MentalFortress"],"relics":["PureWater","NeowsBlessing","Potion Belt","Lizard Tail","Shuriken","ClockworkSouvenir","HornCleat","Bag of Marbles","Tiny House","Red Mask","Kunai"],"potions_floor_usage":[13,18,18,20,24,24],"damage_taken":[{"damage":0,"enemies":"Small Slimes","floor":1,"turns":2},{"damage":0,"enemies":"2 Louse","floor":4,"turns":2},{"damage":0,"enemies":"Lagavulin","floor":6,"turns":1},{"damage":33,"enemies":"3 Sentries","floor":8,"turns":10},{"damage":0,"enemies":"Jaw Worm","floor":10,"turns":1},{"damage":0,"enemies":"2 Fungi Beasts","floor":11,"turns":2},{"damage":10,"enemies":"Lagavulin","floor":13,"turns":5},{"damage":17,"enemies":"The Guardian","floor":16,"turns":9},{"damage":10,"enemies":"Spheric Guardian","floor":18,"turns":4},{"damage":48,"enemies":"Masked Bandits","floor":20,"turns":4},{"damage":8,"enemies":"2 Thieves","floor":22,"turns":4},{"damage":53,"enemies":"Book of Stabbing","floor":24,"turns":6}],"seed_played":"-5570922451341568665","potions_obtained":[{"floor":8,"key":"CultistPotion"},{"floor":10,"key":"Swift Potion"},{"floor":11,"key":"Weak Potion"},{"floor":16,"key":"Energy Potion"},{"floor":17,"key":"GamblersBrew"},{"floor":22,"key":"Regen Potion"}],"is_trial":false,"path_per_floor":["M","?","?","M","?","E","R","E","T","M","M","$","E","?","R","B",null,"M","?","?","?","M","R","E"],"character_chosen":"WATCHER","items_purchased":["ClockworkSouvenir","HornCleat"],"campfire_rested":1,"item_purchase_floors":[12,12],"current_hp_per_floor":[61,50,43,43,43,43,43,10,10,10,10,10,34,51,51,34,65,55,51,9,9,7,22,0],"gold":174,"neow_bonus":"THREE_ENEMY_KILL","is_prod":false,"is_daily":false,"chose_seed":false,"campfire_upgraded":2,"win_rate":0,"timestamp":1627500987,"path_taken":["M","?","?","M","?","E","R","E","T","?","M","$","E","?","R","BOSS","M","?","?","?","M","R","E"],"build_version":"2020-12-22","purchased_purges":1,"victory":false,"max_hp_per_floor":[68,68,68,68,68,68,68,68,68,68,68,68,68,68,68,68,73,73,51,51,51,51,51,51],"card_choices":[{"not_picked":["EmptyBody","CutThroughFate"],"picked":"Protect","floor":1},{"not_picked":["PathToVictory","EmptyBody"],"picked":"CrushJoints","floor":4},{"not_picked":["Protect","FlyingSleeves"],"picked":"CarveReality","floor":6},{"not_picked":["JustLucky","InnerPeace"],"picked":"Wish","floor":8},{"not_picked":["Protect","Fasting2"],"picked":"FollowUp","floor":10},{"not_picked":["Collect","Consecrate"],"picked":"EmptyBody","floor":11},{"not_picked":["CutThroughFate","FlyingSleeves","WaveOfTheHand"],"picked":"SKIP","floor":13},{"not_picked":["Establishment","ConjureBlade"],"picked":"MasterReality","floor":16},{"not_picked":["EmptyBody","Worship"],"picked":"Conclude","floor":17},{"not_picked":["WaveOfTheHand","WheelKick"],"picked":"Tantrum","floor":18},{"not_picked":["LikeWater","Crescendo+1"],"picked":"MentalFortress","floor":22}],"player_experience":1529562,"relics_obtained":[{"floor":6,"key":"Potion Belt"},{"floor":8,"key":"Lizard Tail"},{"floor":9,"key":"Shuriken"},{"floor":13,"key":"Bag of Marbles"},{"floor":20,"key":"Red Mask"}],"event_choices":[{"damage_healed":0,"gold_gain":75,"player_choice":"Gather Gold","damage_taken":11,"max_hp_gain":0,"max_hp_loss":0,"event_name":"World of Goop","floor":2,"gold_loss":0},{"cards_removed":["Strike_P"],"damage_healed":0,"gold_gain":0,"player_choice":"Card Removal","damage_taken":7,"max_hp_gain":0,"max_hp_loss":0,"event_name":"Golden Wing","floor":3,"gold_loss":0},{"damage_healed":0,"gold_gain":150,"player_choice":"AGREE","damage_taken":0,"max_hp_gain":0,"max_hp_loss":0,"event_name":"Liars Game","floor":5,"gold_loss":0,"cards_obtained":["Doubt"]},{"damage_healed":17,"gold_gain":0,"player_choice":"Healed and dodged fight","damage_taken":0,"max_hp_gain":0,"max_hp_loss":0,"event_name":"Mushrooms","floor":14,"gold_loss":0,"cards_obtained":["Parasite"]},{"damage_healed":0,"gold_gain":0,"player_choice":"Became a vampire","damage_taken":0,"max_hp_gain":0,"max_hp_loss":22,"event_name":"Vampires","floor":19,"gold_loss":0,"cards_obtained":["Bite","Bite","Bite","Bite","Bite"]},{"damage_healed":0,"gold_gain":0,"player_choice":"Fought Bandits","damage_taken":0,"max_hp_gain":0,"max_hp_loss":0,"event_name":"Masked Bandits","floor":20,"gold_loss":0},{"damage_healed":0,"gold_gain":0,"player_choice":"Opened","damage_taken":0,"relics_obtained":["Kunai"],"max_hp_gain":0,"max_hp_loss":0,"event_name":"The Mausoleum","floor":21,"gold_loss":0,"cards_obtained":["Writhe"]}],"is_beta":false,"boss_relics":[{"not_picked":["Philosopher\u0027s Stone","Cursed Key"],"picked":"Tiny House"}],"items_purged_floors":[12],"is_endless":false,"potions_floor_spawned":[8,10,11,16,22],"killed_by":"Book of Stabbing","ascension_level":18}