{"gold_per_floor":[112,112,112,112,133,173,0,0,0,24,47,60,60,103,103,196,196,219,219,144,157,107,151,151,164,164,164,178,221,221,221,221,312,312,358,358,358,372,372,372],"floor_reached":40,"playtime":2740,"items_purged":["Injury"],"score":920,"play_id":"e7d719cc-ccc6-4565-8220-5be749f80c78","local_time":"20210730195342","is_ascension_mode":true,"campfire_choices":[{"data":"Eruption","floor":8.0,"key":"SMITH"},{"data":"Wallop","floor":15.0,"key":"SMITH"},{"data":"WindmillStrike","floor":24.0,"key":"SMITH"},{"data":"Blasphemy","floor":30.0,"key":"SMITH"},{"floor":32.0,"key":"REST"}],"neow_cost":"NONE","seed_source_timestamp":437228827858300,"circlet_count":0,"master_deck":["AscendersBane","Strike_P","Strike_P","Strike_P","Strike_P","Defend_P","Defend_P","Defend_P","Defend_P","Eruption+1","Vigilance","Study","Evaluate","Wallop+1","CrushJoints","ForeignInfluence","Sanctity","Blasphemy+1","Wish+1","Halt","WindmillStrike+1","Collect+1","Indignation","MasterReality","Writhe","FearNoEvil"],"special_seed":0,"relics":["PureWater","NeowsBlessing","Golden Idol","Art of War","Blood Vial","ClockworkSouvenir","Meat on the Bone","Orichalcum","SlaversCollar","Enchiridion","Matryoshka","Gremlin Horn","CaptainsWheel","Boot","Letter Opener","VioletLotus"],"potions_floor_usage":[38],"damage_taken":[{"damage":0.0,"enemies":"Cultist","floor":1.0,"turns":1.0},{"damage":0.0,"enemies":"Small Slimes","floor":5.0,"turns":1.0},{"damage":0.0,"enemies":"Gremlin Nob","floor":6.0,"turns":1.0},{"damage":7.0,"enemies":"2 Louse","floor":10.0,"turns":2.0},{"damage":0.0,"enemies":"Lots of Slimes","floor":11.0,"turns":2.0},{"damage":17.0,"enemies":"Gremlin Gang","floor":12.0,"turns":4.0},{"damage":2.0,"enemies":"Lagavulin","floor":14.0,"turns":5.0},{"damage":30.0,"enemies":"Slime Boss","floor":16.0,"turns":6.0},{"damage":8.0,"enemies":"Chosen","floor":18.0,"turns":5.0},{"damage":8.0,"enemies":"Shell Parasite","floor":21.0,"turns":8.0},{"damage":29.0,"enemies":"Book of Stabbing","floor":23.0,"turns":4.0},{"damage":0.0,"enemies":"3 Cultists","floor":25.0,"turns":3.0},{"damage":0.0,"enemies":"Snecko","floor":28.0,"turns":8.0},{"damage":30.0,"enemies":"Gremlin Leader","floor":29.0,"turns":5.0},{"damage":0.0,"enemies":"Snake Plant","floor":31.0,"turns":1.0},{"damage":19.0,"enemies":"Collector","floor":33.0,"turns":6.0},{"damage":14.0,"enemies":"Orb Walker","floor":35.0,"turns":4.0},{"damage":18,"enemies":"3 Darklings","floor":38,"turns":5},{"damage":57,"enemies":"Reptomancer","floor":40,"turns":2}],"seed_played":"-7361597459657781133","potions_obtained":[{"floor":1.0,"key":"StancePotion"},{"floor":6.0,"key":"Swift Potion"},{"floor":14.0,"key":"ColorlessPotion"},{"floor":21.0,"key":"BottledMiracle"},{"floor":23.0,"key":"Swift Potion"},{"floor":28.0,"key":"SmokeBomb"},{"floor":33.0,"key":"PowerPotion"},{"floor":38,"key":"Dexterity Potion"}],"is_trial":false,"path_per_floor":["M","?","?","?","M","E","$","R","T","M","M","M","$","E","R","B",null,"M","?","$","M","?","E","R","M","T","?","M","E","R","M","R","B",null,"M","?","?","M","?","E"],"character_chosen":"WATCHER","items_purchased":["ClockworkSouvenir"],"campfire_rested":1,"item_purchase_floors":[7],"current_hp_per_floor":[61,61,61,61,61,61,61,61,61,56,58,43,43,43,43,27,58,52,31,31,37,37,22,22,36,36,36,38,22,22,36,56,39,61,49,63,63,47,47,0],"gold":372,"neow_bonus":"THREE_ENEMY_KILL","is_prod":false,"is_daily":false,"chose_seed":false,"campfire_upgraded":4,"win_rate":0,"timestamp":1627689222,"path_taken":["M","?","?","?","?","E","$","R","T","?","M","M","$","E","R","BOSS","M","?","$","M","?","E","R","?","T","?","M","E","R","M","R","BOSS","M","?","?","?","?","E"],"build_version":"2020-12-22","purchased_purges":1,"victory":false,"max_hp_per_floor":[68,68,68,68,68,68,68,68,68,68,68,68,68,68,68,68,68,68,68,68,68,68,68,68,68,68,68,68,68,68,68,68,68,68,68,68,68,68,68,68],"card_choices":[{"not_picked":["Crescendo","JustLucky"],"picked":"Study","floor":1.0},{"not_picked":["Halt","Protect"],"picked":"Evaluate","floor":5.0},{"not_picked":["Study","ClearTheMind"],"picked":"Wallop","floor":6.0},{"not_picked":["ClearTheMind","Protect"],"picked":"CrushJoints","floor":10.0},{"not_picked":["InnerPeace","FlyingSleeves"],"picked":"ForeignInfluence","floor":11.0},{"not_picked":["SignatureMove","EmptyMind"],"picked":"Sanctity","floor":12.0},{"not_picked":["Wallop","TalkToTheHand"],"picked":"Blasphemy","floor":14.0},{"not_picked":["Alpha","Vault"],"picked":"Wish","floor":16.0},{"not_picked":["PathToVictory+1","FollowUp"],"picked":"Halt","floor":18.0},{"not_picked":["Consecrate","Worship"],"picked":"WindmillStrike","floor":21.0},{"not_picked":["PathToVictory","Pray","EmptyFist"],"picked":"SKIP","floor":23.0},{"not_picked":["Weave","Protect","ClearTheMind"],"picked":"SKIP","floor":25.0},{"not_picked":["Weave","Study"],"picked":"Collect+1","floor":28.0},{"not_picked":["Vault","InnerPeace"],"picked":"Indignation","floor":29.0},{"not_picked":["Alpha","Wish"],"picked":"MasterReality","floor":33.0},{"not_picked":["SashWhip+1","Collect","Wallop"],"picked":"SKIP","floor":35.0},{"not_picked":["WaveOfTheHand","Perseverance+1"],"picked":"FearNoEvil","floor":38}],"player_experience":1543815,"relics_obtained":[{"floor":4.0,"key":"Art of War"},{"floor":6.0,"key":"Blood Vial"},{"floor":9.0,"key":"Meat on the Bone"},{"floor":14.0,"key":"Orichalcum"},{"floor":19.0,"key":"Enchiridion"},{"floor":23.0,"key":"Matryoshka"},{"floor":26.0,"key":"Gremlin Horn"},{"floor":26.0,"key":"CaptainsWheel"},{"floor":29.0,"key":"Letter Opener"}],"event_choices":[{"damage_healed":0.0,"max_hp_gain":0.0,"max_hp_loss":0.0,"gold_gain":0.0,"event_name":"The Cleric","player_choice":"Leave","floor":2.0,"gold_loss":0.0,"damage_taken":0.0},{"damage_healed":0.0,"max_hp_gain":0.0,"max_hp_loss":0.0,"gold_gain":0.0,"event_name":"Golden Idol","player_choice":"Take Wound","floor":3.0,"gold_loss":0.0,"damage_taken":0.0,"relics_obtained":["Golden Idol"],"cards_obtained":["Injury"]},{"damage_healed":0.0,"max_hp_gain":0.0,"max_hp_loss":0.0,"gold_gain":0.0,"event_name":"Wheel of Change","player_choice":"Relic","floor":4.0,"gold_loss":0.0,"damage_taken":0.0},{"damage_healed":0.0,"max_hp_gain":0.0,"max_hp_loss":0.0,"gold_gain":0.0,"event_name":"Cursed Tome","player_choice":"Obtained Book","floor":19.0,"gold_loss":0.0,"damage_taken":21.0},{"damage_healed":0.0,"max_hp_gain":0.0,"max_hp_loss":0.0,"gold_gain":0.0,"event_name":"Designer","player_choice":"Upgrade","floor":22.0,"gold_loss":50.0,"damage_taken":0.0,"cards_upgraded":["Wish"]},{"damage_healed":0.0,"max_hp_gain":0.0,"max_hp_loss":0.0,"gold_gain":0.0,"event_name":"The Mausoleum","player_choice":"Opened","floor":27.0,"gold_loss":0.0,"damage_taken":0.0,"relics_obtained":["Boot"],"cards_obtained":["Writhe"]},{"damage_healed":14.0,"max_hp_gain":0.0,"max_hp_loss":0.0,"gold_gain":0.0,"event_name":"Winding Halls","player_choice":"Writhe","floor":36.0,"gold_loss":0.0,"damage_taken":0.0,"cards_obtained":["Writhe"]},{"cards_removed":["Writhe"],"damage_healed":0.0,"max_hp_gain":0.0,"max_hp_loss":0.0,"gold_gain":0.0,"event_name":"Wheel of Change","player_choice":"Card Removal","floor":37.0,"gold_loss":0.0,"damage_taken":0.0},{"damage_healed":0,"gold_gain":0,"player_choice":"Ignored","damage_taken":0,"max_hp_gain":0,"max_hp_loss":0,"event_name":"Tomb of Lord Red Mask","floor":39,"gold_loss":0}],"is_beta":false,"boss_relics":[{"not_picked":["Calling Bell","Coffee Dripper"],"picked":"SlaversCollar"},{"not_picked":["Empty Cage","Tiny House"],"picked":"VioletLotus"}],"items_purged_floors":[20],"is_endless":false,"potions_floor_spawned":[1,6,10,14,21,23,28,33,38],"killed_by":"Reptomancer","ascension_level":18}