{"gold_per_floor":[116,116,126,141,216,216,243,85,135,135,100,100,100,112,112,185,185,200,200,212,224,53,79,79,79,79,112,127,127,127,137,137,216,216,228,228],"floor_reached":36,"playtime":1170,"items_purged":[],"score":855,"play_id":"6e75f686-61a5-461e-ba31-83981ca290dc","local_time":"20210802234848","is_ascension_mode":true,"campfire_choices":[{"floor":6.0,"key":"REST"},{"floor":10.0,"key":"REST"},{"data":"Eruption","floor":13.0,"key":"SMITH"},{"data":"ConjureBlade","floor":15.0,"key":"SMITH"},{"floor":25,"key":"REST"},{"floor":32,"key":"REST"}],"neow_cost":"CURSE","seed_source_timestamp":712183532979900,"circlet_count":0,"master_deck":["AscendersBane","Strike_P","Defend_P","Defend_P","Eruption+1","Vigilance","ConjureBlade+1","Conclude","EmptyBody","Perseverance","WreathOfFlame","Scrawl","Judgement+1","Blasphemy+1","BowlingBash+1","WreathOfFlame","ThirdEye","LikeWater","WheelKick+1","DevaForm"],"special_seed":0,"relics":["PureWater","Orichalcum","Bronze Scales","Bag of Preparation","Astrolabe","Membership Card","Molten Egg 2","Thread and Needle","Torii","Busted Crown"],"potions_floor_usage":[27,31,35,35],"damage_taken":[{"damage":7.0,"enemies":"Jaw Worm","floor":1.0,"turns":4.0},{"damage":6.0,"enemies":"2 Louse","floor":3.0,"turns":2.0},{"damage":8.0,"enemies":"Small Slimes","floor":4.0,"turns":3.0},{"damage":20.0,"enemies":"3 Sentries","floor":7.0,"turns":6.0},{"damage":1.0,"enemies":"Exordium Wildlife","floor":14.0,"turns":3.0},{"damage":0.0,"enemies":"Slime Boss","floor":16.0,"turns":6.0},{"damage":0.0,"enemies":"Spheric Guardian","floor":18.0,"turns":2.0},{"damage":18,"enemies":"Chosen","floor":20,"turns":4},{"damage":0,"enemies":"Sentry and Sphere","floor":21,"turns":2},{"damage":17,"enemies":"Gremlin Leader","floor":23,"turns":9},{"damage":13,"enemies":"Book of Stabbing","floor":27,"turns":3},{"damage":2,"enemies":"Centurion and Healer","floor":28,"turns":4},{"damage":0,"enemies":"Chosen and Byrds","floor":31,"turns":5},{"damage":19,"enemies":"Automaton","floor":33,"turns":6},{"damage":14,"enemies":"3 Darklings","floor":35,"turns":1},{"damage":48,"enemies":"2 Orb Walkers","floor":36,"turns":3}],"seed_played":"6849817852831939764","potions_obtained":[{"floor":1.0,"key":"CultistPotion"},{"floor":7.0,"key":"DuplicationPotion"},{"floor":16.0,"key":"PowerPotion"},{"floor":20,"key":"SteroidPotion"},{"floor":23,"key":"LiquidMemories"},{"floor":28,"key":"LiquidMemories"},{"floor":33,"key":"SteroidPotion"}],"is_trial":false,"path_per_floor":["M","?","M","M","?","R","E","$","T","R","?","$","R","M","R","B",null,"M","?","M","M","$","E","?","R","T","E","M","?","?","M","R","B",null,"M","?"],"character_chosen":"WATCHER","items_purchased":["Bronze Scales","Membership Card"],"campfire_rested":4,"item_purchase_floors":[8,22],"current_hp_per_floor":[54,54,48,40,29,48,28,28,28,47,63,63,63,62,62,62,64,64,64,46,46,46,29,29,48,48,35,33,33,33,33,52,33,57,43,0],"gold":228,"neow_bonus":"THREE_RARE_CARDS","is_prod":false,"is_daily":false,"chose_seed":false,"campfire_upgraded":2,"win_rate":0,"timestamp":1627962528,"path_taken":["M","?","M","M","?","R","E","$","T","R","?","$","R","?","R","BOSS","M","?","M","?","$","E","?","R","T","E","M","?","?","?","R","BOSS","M","?"],"build_version":"2020-12-22","purchased_purges":0,"victory":false,"max_hp_per_floor":[68,65,65,65,65,65,65,65,65,65,65,65,65,65,65,65,65,65,65,65,65,65,65,65,65,65,65,65,65,65,65,65,65,65,65,65],"card_choices":[{"not_picked":["Establishment","Omniscience"],"picked":"ConjureBlade","floor":0.0},{"not_picked":["Prostrate","Consecrate"],"picked":"Conclude","floor":1.0},{"not_picked":["Consecrate","FollowUp","CutThroughFate"],"picked":"SKIP","floor":3.0},{"not_picked":["Prostrate","Brilliance"],"picked":"EmptyBody","floor":4.0},{"not_picked":["FollowUp","Collect"],"picked":"Perseverance","floor":7.0},{"not_picked":["FlyingSleeves","EmptyFist"],"picked":"WreathOfFlame","floor":14.0},{"not_picked":["Alpha","DevaForm"],"picked":"Scrawl","floor":16.0},{"not_picked":["BattleHymn","EmptyBody","Consecrate"],"picked":"SKIP","floor":18.0},{"not_picked":["Protect","EmptyFist"],"picked":"ThirdEye","floor":20},{"not_picked":["PathToVictory","Indignation","CutThroughFate+1"],"picked":"SKIP","floor":21},{"not_picked":["Collect","Halt","FlurryOfBlows+1"],"picked":"SKIP","floor":23},{"not_picked":["Judgement","Halt"],"picked":"LikeWater","floor":27},{"not_picked":["ForeignInfluence","EmptyBody+1","Crescendo"],"picked":"SKIP","floor":28},{"not_picked":["Halt","WaveOfTheHand","Wallop+1"],"picked":"SKIP","floor":31},{"not_picked":["Scrawl","Judgement"],"picked":"DevaForm","floor":33},{"not_picked":["SashWhip+1"],"picked":"SKIP","floor":35}],"player_experience":1552865,"relics_obtained":[{"floor":7.0,"key":"Orichalcum"},{"floor":9.0,"key":"Bag of Preparation"},{"floor":23,"key":"Molten Egg 2"},{"floor":26,"key":"Thread and Needle"},{"floor":27,"key":"Torii"}],"event_choices":[{"cards_removed":["Parasite"],"damage_healed":0.0,"max_hp_gain":0.0,"max_hp_loss":0.0,"gold_gain":0.0,"event_name":"Living Wall","player_choice":"Forget","floor":2.0,"gold_loss":0.0,"damage_taken":0.0},{"damage_healed":0.0,"max_hp_gain":0.0,"max_hp_loss":0.0,"gold_gain":75.0,"event_name":"World of Goop","player_choice":"Gather Gold","floor":5.0,"gold_loss":0.0,"damage_taken":11.0},{"damage_healed":16.0,"max_hp_gain":0.0,"max_hp_loss":0.0,"gold_gain":0.0,"event_name":"The Cleric","player_choice":"Healed","floor":11.0,"gold_loss":35.0,"damage_taken":0.0},{"damage_healed":0.0,"max_hp_gain":0.0,"max_hp_loss":0.0,"gold_gain":0.0,"cards_transformed":["Strike_P"],"event_name":"Transmorgrifier","player_choice":"Transformed","floor":19.0,"gold_loss":0.0,"damage_taken":0.0,"cards_obtained":["WreathOfFlame"]},{"damage_healed":0,"gold_gain":0,"player_choice":"Ignored","damage_taken":0,"max_hp_gain":0,"max_hp_loss":0,"event_name":"Vampires","floor":24,"gold_loss":0},{"damage_healed":0,"gold_gain":0,"player_choice":"Read","damage_taken":0,"max_hp_gain":0,"max_hp_loss":0,"event_name":"The Library","floor":29,"gold_loss":0,"cards_obtained":["WheelKick"]},{"cards_removed":["Defend_P"],"damage_healed":0,"gold_gain":0,"player_choice":"Purged","damage_taken":0,"max_hp_gain":0,"max_hp_loss":0,"event_name":"Purifier","floor":30,"gold_loss":0},{"damage_healed":0,"gold_gain":0,"player_choice":"Fight","damage_taken":0,"max_hp_gain":0,"max_hp_loss":0,"event_name":"Mysterious Sphere","floor":36,"gold_loss":0}],"is_beta":false,"boss_relics":[{"not_picked":["Pandora\u0027s Box","Runic Dome"],"picked":"Astrolabe"},{"not_picked":["HolyWater","Philosopher\u0027s Stone"],"picked":"Busted Crown"}],"items_purged_floors":[],"is_endless":false,"potions_floor_spawned":[1,7,16,20,23,28,33],"killed_by":"2 Orb Walkers","ascension_level":18}