{"gold_per_floor":[158,198,258,308,381,410,481,481,559,185,203,228,228,279,279,382,382,401,437,224,244,73,73,73],"floor_reached":24,"playtime":815,"items_purged":[],"score":410,"play_id":"c2e7defd-6d0f-4053-83ad-c1952c543a2a","local_time":"20210725175819","is_ascension_mode":true,"campfire_choices":[{"floor":13,"key":"REST"},{"data":"HandOfGreed","floor":15,"key":"SMITH"},{"floor":23,"key":"REST"}],"neow_cost":"TEN_PERCENT_HP_LOSS","seed_source_timestamp":0,"circlet_count":0,"master_deck":["AscendersBane","Strike_P","Strike_P","Strike_P","Defend_P","Defend_P","Defend_P","Defend_P","Eruption","Vigilance","HandOfGreed+1","ForeignInfluence+1","LikeWater","WheelKick","Prostrate","WreathOfFlame","Alpha+1","SpiritShield","EmptyBody+1"],"special_seed":0,"relics":["PureWater","CaptainsWheel","Pear","Bottled Lightning","Orichalcum","Eternal Feather","Fusion Hammer","ClockworkSouvenir","War Paint"],"potions_floor_usage":[5,6,14,21,24],"damage_taken":[{"damage":2,"enemies":"2 Louse","floor":1,"turns":4},{"damage":1,"enemies":"Cultist","floor":2,"turns":4},{"damage":2,"enemies":"Small Slimes","floor":3,"turns":4},{"damage":3,"enemies":"3 Louse","floor":5,"turns":4},{"damage":16,"enemies":"Gremlin Nob","floor":6,"turns":3},{"damage":9,"enemies":"Red Slaver","floor":11,"turns":4},{"damage":7,"enemies":"3 Sentries","floor":12,"turns":4},{"damage":10,"enemies":"Gremlin Nob","floor":14,"turns":3},{"damage":34,"enemies":"The Guardian","floor":16,"turns":7},{"damage":21,"enemies":"Shell Parasite","floor":18,"turns":4},{"damage":30,"enemies":"2 Thieves","floor":19,"turns":4},{"damage":0,"enemies":"Snake Plant","floor":21,"turns":4},{"damage":39,"enemies":"Slavers","floor":24,"turns":3}],"seed_played":"-5154868669051701058","potions_obtained":[{"floor":2,"key":"LiquidMemories"},{"floor":5,"key":"Explosive Potion"},{"floor":6,"key":"Swift Potion"},{"floor":19,"key":"AttackPotion"}],"is_trial":false,"path_per_floor":["M","M","M","?","M","E","?","?","T","$","M","E","R","E","R","B",null,"M","M","$","M","$","R","E"],"character_chosen":"WATCHER","items_purchased":["Alpha","Bottled Lightning","ClockworkSouvenir","Block Potion","War Paint"],"campfire_rested":2,"item_purchase_floors":[10,10,20,20,22],"current_hp_per_floor":[59,58,56,50,47,31,31,31,41,41,32,25,46,36,45,11,57,36,6,6,6,6,36,0],"gold":73,"neow_bonus":"RANDOM_COLORLESS_2","is_prod":false,"is_daily":false,"chose_seed":false,"campfire_upgraded":1,"win_rate":0,"timestamp":1627250299,"path_taken":["M","M","M","?","?","E","?","?","T","$","M","E","R","E","R","BOSS","M","M","$","M","?","R","E"],"build_version":"2020-12-22","purchased_purges":0,"victory":false,"max_hp_per_floor":[62,62,62,62,62,62,62,62,72,72,72,72,72,72,72,72,72,72,72,72,72,72,72,72],"card_choices":[{"not_picked":["Secret Weapon","Secret Technique"],"picked":"HandOfGreed","floor":0},{"not_picked":["Wireheading","CutThroughFate"],"picked":"ForeignInfluence","floor":1},{"not_picked":["Halt","FollowUp"],"picked":"LikeWater","floor":2},{"not_picked":["Crescendo","FlurryOfBlows","Protect"],"picked":"SKIP","floor":3},{"not_picked":["Weave","Consecrate"],"picked":"WheelKick","floor":5},{"not_picked":["PathToVictory","Nirvana"],"picked":"Prostrate","floor":6},{"not_picked":["Consecrate","JustLucky","ThirdEye"],"picked":"SKIP","floor":11},{"not_picked":["WindmillStrike","Crescendo","Wish"],"picked":"SKIP","floor":12},{"not_picked":["Fasting2","SignatureMove","ThirdEye"],"picked":"SKIP","floor":14},{"not_picked":["Ragnarok","LessonLearned"],"picked":"SpiritShield","floor":16},{"not_picked":["Consecrate+1","BattleHymn","ClearTheMind"],"picked":"SKIP","floor":18},{"not_picked":["FlyingSleeves","CrushJoints"],"picked":"EmptyBody+1","floor":19},{"not_picked":["JustLucky","EmptyFist","Prostrate"],"picked":"SKIP","floor":21}],"player_experience":1519517,"relics_obtained":[{"floor":6,"key":"CaptainsWheel"},{"floor":9,"key":"Pear"},{"floor":12,"key":"Orichalcum"},{"floor":14,"key":"Eternal Feather"}],"event_choices":[{"damage_healed":0,"gold_gain":50,"player_choice":"Touch","damage_taken":6,"max_hp_gain":0,"max_hp_loss":0,"event_name":"FaceTrader","floor":4,"gold_loss":0},{"damage_healed":0,"gold_gain":71,"player_choice":"Gained Gold","damage_taken":0,"max_hp_gain":0,"max_hp_loss":0,"event_name":"Golden Wing","floor":7,"gold_loss":0},{"damage_healed":0,"gold_gain":0,"cards_transformed":["Strike_P"],"player_choice":"Transformed","damage_taken":0,"max_hp_gain":0,"max_hp_loss":0,"event_name":"Transmorgrifier","floor":8,"gold_loss":0,"cards_obtained":["WreathOfFlame"]}],"is_beta":false,"boss_relics":[{"not_picked":["VioletLotus","Pandora\u0027s Box"],"picked":"Fusion Hammer"}],"items_purged_floors":[],"is_endless":false,"potions_floor_spawned":[2,5,6,19],"killed_by":"Slavers","ascension_level":18}