{"gold_per_floor":[110,110,129,50,125,151,151,176,200,226,58,208,208,133,133,133],"floor_reached":16,"playtime":328,"items_purged":["Doubt"],"score":264,"play_id":"2365864d-79eb-46d7-8914-d83acc554294","local_time":"20210727225627","is_ascension_mode":true,"campfire_choices":[{"data":"Judgement","floor":7.0,"key":"SMITH"},{"floor":13.0,"key":"REST"},{"data":"Alpha","floor":15.0,"key":"SMITH"}],"neow_cost":"NONE","seed_source_timestamp":191495428029100,"circlet_count":0,"master_deck":["AscendersBane","Strike_P","Strike_P","Strike_P","Defend_P","Defend_P","Defend_P","Defend_P","Eruption+1","Vigilance","TalkToTheHand","Evaluate","Judgement+1","FearNoEvil+1","Conclude","Alpha+1"],"special_seed":0,"relics":["PureWater","NeowsBlessing","Vajra","Regal Pillow","Tiny Chest","Strawberry","Whetstone"],"potions_floor_usage":[],"damage_taken":[{"damage":0.0,"enemies":"Small Slimes","floor":1.0,"turns":2.0},{"damage":0.0,"enemies":"Cultist","floor":3.0,"turns":1.0},{"damage":0.0,"enemies":"Gremlin Nob","floor":6.0,"turns":1.0},{"damage":5.0,"enemies":"3 Sentries","floor":8.0,"turns":5.0},{"damage":29.0,"enemies":"Lagavulin","floor":10.0,"turns":8.0},{"damage":60,"enemies":"The Guardian","floor":16,"turns":5}],"seed_played":"7746075633279169614","potions_obtained":[{"floor":1.0,"key":"StancePotion"},{"floor":3.0,"key":"PowerPotion"}],"is_trial":false,"path_per_floor":["M","?","M","$","?","E","R","E","T","E","$","?","R","$","R","B"],"character_chosen":"WATCHER","items_purchased":["Judgement","Whetstone"],"campfire_rested":1,"item_purchase_floors":[4,11],"current_hp_per_floor":[61,61,61,61,50,50,50,45,45,23,23,23,60,60,60,0],"gold":133,"neow_bonus":"THREE_ENEMY_KILL","is_prod":false,"is_daily":false,"chose_seed":false,"campfire_upgraded":2,"win_rate":0,"timestamp":1627440987,"path_taken":["M","?","?","$","?","E","R","E","T","E","$","?","R","?","R","BOSS"],"build_version":"2020-12-22","purchased_purges":1,"victory":false,"max_hp_per_floor":[68,68,68,68,68,68,68,68,68,75,75,75,75,75,75,75],"card_choices":[{"not_picked":["Vengeance","Fasting2"],"picked":"TalkToTheHand","floor":1.0},{"not_picked":["Halt","Prostrate"],"picked":"Evaluate","floor":3.0},{"not_picked":["Wallop","Protect"],"picked":"FearNoEvil","floor":6.0},{"not_picked":["WreathOfFlame","Adaptation"],"picked":"Conclude","floor":8.0},{"not_picked":["Halt","Study"],"picked":"Alpha","floor":10.0}],"player_experience":1526481,"relics_obtained":[{"floor":6.0,"key":"Vajra"},{"floor":8.0,"key":"Regal Pillow"},{"floor":9.0,"key":"Tiny Chest"},{"floor":10.0,"key":"Strawberry"}],"event_choices":[{"cards_removed":["Strike_P"],"damage_healed":0.0,"max_hp_gain":0.0,"max_hp_loss":0.0,"gold_gain":0.0,"event_name":"Bonfire Elementals","player_choice":"Offered Basic","floor":2.0,"gold_loss":0.0,"damage_taken":0.0},{"damage_healed":0.0,"max_hp_gain":0.0,"max_hp_loss":0.0,"gold_gain":75.0,"event_name":"World of Goop","player_choice":"Gather Gold","floor":5.0,"gold_loss":0.0,"damage_taken":11.0},{"damage_healed":0.0,"max_hp_gain":0.0,"max_hp_loss":0.0,"gold_gain":150.0,"event_name":"Liars Game","player_choice":"AGREE","floor":12.0,"gold_loss":0.0,"damage_taken":0.0,"cards_obtained":["Doubt"]}],"is_beta":false,"boss_relics":[],"items_purged_floors":[14],"is_endless":false,"potions_floor_spawned":[1,3],"killed_by":"The Guardian","ascension_level":18}