{"gold_per_floor":[369,386,28,28,103,103,133,58,58,72,72,87,113,124,124,195,195,208,208,220,220,220,255,255,89,112,112,112],"floor_reached":28,"playtime":607,"items_purged":["Regret"],"score":464,"play_id":"a948e9dd-c20a-4491-a9eb-61b231f8ee96","local_time":"20210723164805","is_ascension_mode":true,"campfire_choices":[{"data":"Conclude","floor":6,"key":"SMITH"},{"floor":15,"key":"REST"},{"data":"Vault","floor":24,"key":"SMITH"},{"data":"Devotion","floor":27,"key":"SMITH"}],"neow_cost":"TEN_PERCENT_HP_LOSS","seed_source_timestamp":378978858259500,"circlet_count":0,"master_deck":["AscendersBane","Strike_P+1","Strike_P+1","Strike_P+1","Defend_P+1","Defend_P+1","Defend_P+1","Eruption","Vigilance+1","Conclude+1","Indignation","Brilliance","Devotion+1","Evaluate","Halt+1","Brilliance","ThirdEye+1","Vengeance","WheelKick","Vault+1","Devotion"],"relics":["HolyWater","Gremlin Horn","StrikeDummy","Anchor","TeardropLocket","Bottled Tornado","Pantograph","DollysMirror","War Paint"],"potions_floor_usage":[7,13,16,16,23],"damage_taken":[{"damage":0,"enemies":"Cultist","floor":1,"turns":3},{"damage":0,"enemies":"2 Louse","floor":2,"turns":1},{"damage":13,"enemies":"Gremlin Nob","floor":7,"turns":3},{"damage":0,"enemies":"Small Slimes","floor":10,"turns":1},{"damage":0,"enemies":"3 Louse","floor":12,"turns":2},{"damage":15,"enemies":"3 Sentries","floor":13,"turns":4},{"damage":1,"enemies":"Looter","floor":14,"turns":3},{"damage":3,"enemies":"Slime Boss","floor":16,"turns":4},{"damage":15,"enemies":"2 Thieves","floor":18,"turns":3},{"damage":0,"enemies":"Spheric Guardian","floor":20,"turns":3},{"damage":21,"enemies":"Slavers","floor":23,"turns":3},{"damage":38,"enemies":"Book of Stabbing","floor":28,"turns":4}],"seed_played":"5420220991321484232","potions_obtained":[{"floor":2,"key":"ColorlessPotion"},{"floor":10,"key":"DistilledChaos"},{"floor":12,"key":"Strength Potion"},{"floor":14,"key":"FearPotion"},{"floor":20,"key":"Regen Potion"}],"is_trial":false,"path_per_floor":["M","M","$","?","?","R","E","$","T","M","?","M","E","M","R","B",null,"M","?","M","?","?","E","R","$","T","R","E"],"character_chosen":"WATCHER","items_purchased":["Brilliance","Gremlin Horn","DollysMirror"],"campfire_rested":1,"item_purchase_floors":[3,3,25],"current_hp_per_floor":[61,61,61,61,50,50,37,37,37,37,37,37,22,21,39,36,56,41,41,41,41,41,29,29,29,29,29,0],"gold":112,"neow_bonus":"TWO_FIFTY_GOLD","is_prod":false,"is_daily":false,"chose_seed":false,"campfire_upgraded":3,"win_rate":0,"timestamp":1627073285,"path_taken":["M","M","?","?","?","R","E","$","T","M","?","?","E","M","R","BOSS","M","?","M","?","?","E","R","$","T","R","E"],"build_version":"2020-12-22","purchased_purges":1,"victory":false,"max_hp_per_floor":[62,62,62,62,62,62,62,62,62,62,62,62,62,62,62,62,62,62,62,62,62,62,62,62,62,62,62,62],"card_choices":[{"not_picked":["BowlingBash","JustLucky"],"picked":"Conclude","floor":1},{"not_picked":["TalkToTheHand","JustLucky"],"picked":"Indignation","floor":2},{"not_picked":["Weave","Halt"],"picked":"Devotion","floor":7},{"not_picked":["WindmillStrike","Tantrum","PathToVictory"],"picked":"SKIP","floor":10},{"not_picked":["Meditate","BowlingBash"],"picked":"Evaluate","floor":12},{"not_picked":["Fasting2","Nirvana","JustLucky"],"picked":"SKIP","floor":13},{"not_picked":["SignatureMove","Consecrate"],"picked":"Halt","floor":14},{"not_picked":["Vault","DeusExMachina"],"picked":"Brilliance","floor":16},{"not_picked":["ClearTheMind","BowlingBash"],"picked":"ThirdEye+1","floor":18},{"not_picked":["Halt","SashWhip","Crescendo"],"picked":"SKIP","floor":20},{"not_picked":["Collect","BattleHymn"],"picked":"Vault","floor":23}],"player_experience":1512959,"relics_obtained":[{"floor":7,"key":"Anchor"},{"floor":9,"key":"TeardropLocket"},{"floor":13,"key":"Bottled Tornado"},{"floor":23,"key":"Pantograph"},{"floor":26,"key":"War Paint"}],"event_choices":[{"damage_healed":0,"gold_gain":0,"player_choice":"Box","damage_taken":0,"relics_obtained":["StrikeDummy"],"max_hp_gain":0,"max_hp_loss":0,"event_name":"Big Fish","floor":4,"gold_loss":0,"cards_obtained":["Regret"]},{"damage_healed":0,"gold_gain":75,"player_choice":"Gather Gold","damage_taken":11,"max_hp_gain":0,"max_hp_loss":0,"event_name":"World of Goop","floor":5,"gold_loss":0},{"damage_healed":0,"gold_gain":0,"player_choice":"0 cards matched","damage_taken":0,"max_hp_gain":0,"max_hp_loss":0,"event_name":"Match and Keep!","floor":11,"gold_loss":0,"cards_obtained":[]},{"damage_healed":0,"gold_gain":0,"cards_transformed":["Strike_P","Defend_P"],"player_choice":"Became Test Subject","damage_taken":0,"max_hp_gain":0,"max_hp_loss":0,"event_name":"Drug Dealer","floor":19,"gold_loss":0,"cards_obtained":["Vengeance","WheelKick"]},{"damage_healed":0,"gold_gain":0,"player_choice":"Simplicity","damage_taken":0,"max_hp_gain":0,"max_hp_loss":0,"event_name":"Back to Basics","floor":21,"gold_loss":0,"cards_upgraded":["Strike_P","Strike_P","Strike_P","Defend_P","Defend_P","Defend_P"]},{"damage_healed":0,"gold_gain":0,"player_choice":"0 cards matched","damage_taken":0,"max_hp_gain":0,"max_hp_loss":0,"event_name":"Match and Keep!","floor":22,"gold_loss":0,"cards_obtained":[]}],"is_beta":false,"boss_relics":[{"not_picked":["Runic Dome","Snecko Eye"],"picked":"HolyWater"}],"items_purged_floors":[8],"is_endless":false,"potions_floor_spawned":[2,10,12,14,20],"killed_by":"Book of Stabbing","ascension_level":18}