{"gold_per_floor":[109,109,384,26,44,44,44,71,71,100,20,20,33,33,33,128,128,151,151,426,79,103,103,142,142,142,180,180,194,237,41,41,131,131,156,156,36,36,36,36,80,80,80,80],"floor_reached":44,"playtime":1455,"items_purged":["Regret","Regret","Regret","Writhe"],"score":1164,"play_id":"641bd449-c616-4eb3-a386-bf8ea408a653","local_time":"20210801001129","is_ascension_mode":true,"campfire_choices":[{"data":"Eruption","floor":6,"key":"SMITH"},{"data":"SignatureMove","floor":12,"key":"SMITH"},{"data":"CrushJoints","floor":15,"key":"SMITH"},{"data":"Vault","floor":23,"key":"SMITH"},{"floor":25,"key":"REST"},{"data":"Vigilance","floor":32,"key":"SMITH"},{"floor":40,"key":"REST"},{"floor":42,"key":"REST"}],"neow_cost":"NONE","seed_source_timestamp":540519519916399,"circlet_count":0,"master_deck":["AscendersBane","Strike_P","Strike_P","Strike_P","Defend_P","Defend_P","Defend_P","Defend_P","Eruption+1","Vigilance+1","CrushJoints+1","EmptyBody","SignatureMove+1","Protect+1","DevaForm+1","Vault+1","Study+1","Indignation+1","LikeWater+1","LikeWater+1","Establishment+1","EmptyFist","Fasting2+1"],"relics":["PureWater","NeowsBlessing","Darkstone Periapt","TeardropLocket","The Courier","Frozen Egg 2","Gremlin Horn","Golden Idol","Empty Cage","Oddly Smooth Stone","Strawberry","White Beast Statue","Damaru","MealTicket","Tiny Chest","Lee\u0027s Waffle","Fusion Hammer","Bottled Flame","HornCleat"],"potions_floor_usage":[10,18,24,24,28,29,29,30,33,35,38,44,44],"damage_taken":[{"damage":0,"enemies":"2 Louse","floor":1,"turns":2},{"damage":0,"enemies":"Small Slimes","floor":5,"turns":1},{"damage":0,"enemies":"Gremlin Nob","floor":8,"turns":1},{"damage":1,"enemies":"3 Sentries","floor":10,"turns":5},{"damage":0,"enemies":"Cultist","floor":13,"turns":2},{"damage":52,"enemies":"Hexaghost","floor":16,"turns":7},{"damage":22,"enemies":"2 Thieves","floor":18,"turns":4},{"damage":16,"enemies":"3 Byrds","floor":22,"turns":6},{"damage":35,"enemies":"Gremlin Leader","floor":24,"turns":6},{"damage":16,"enemies":"Slavers","floor":27,"turns":7},{"damage":0,"enemies":"3 Cultists","floor":28,"turns":1},{"damage":11,"enemies":"Chosen and Byrds","floor":29,"turns":4},{"damage":34,"enemies":"Gremlin Leader","floor":30,"turns":8},{"damage":21,"enemies":"Champ","floor":33,"turns":12},{"damage":6,"enemies":"Orb Walker","floor":35,"turns":6},{"damage":7,"enemies":"3 Shapes","floor":38,"turns":3},{"damage":108,"enemies":"Nemesis","floor":41,"turns":14},{"damage":50,"enemies":"Reptomancer","floor":44,"turns":4}],"seed_played":"-7453318300215759283","potions_obtained":[{"floor":8,"key":"AttackPotion"},{"floor":13,"key":"Energy Potion"},{"floor":16,"key":"Regen Potion"},{"floor":18,"key":"Fire Potion"},{"floor":24,"key":"SmokeBomb"},{"floor":27,"key":"EntropicBrew"},{"floor":29,"key":"LiquidMemories"},{"floor":30,"key":"EssenceOfSteel"},{"floor":33,"key":"Block Potion"},{"floor":35,"key":"EssenceOfSteel"},{"floor":41,"key":"SneckoOil"}],"is_trial":false,"path_per_floor":["M","?","?","$","M","R","?","E","T","E","$","R","M","?","R","B",null,"M","?","?","$","M","R","E","R","T","E","M","M","E","$","R","B",null,"M","?","$","M","?","R","E","R","T","E"],"character_chosen":"WATCHER","items_purchased":["TeardropLocket","Oddly Smooth Stone","Strawberry","Lee\u0027s Waffle","LikeWater+1"],"campfire_rested":3,"item_purchase_floors":[4,21,21,31,31],"current_hp_per_floor":[61,67,73,73,73,73,61,61,61,60,60,60,60,66,66,14,68,46,63,69,76,60,60,40,69,69,53,53,42,8,106,106,85,101,95,112,112,105,105,112,4,37,37,0],"gold":80,"neow_bonus":"THREE_ENEMY_KILL","is_prod":false,"is_daily":false,"chose_seed":false,"campfire_upgraded":5,"win_rate":0,"timestamp":1627791089,"path_taken":["M","?","?","$","?","R","?","E","T","E","$","R","?","?","R","BOSS","M","?","?","$","?","R","E","R","T","E","M","M","E","?","R","BOSS","M","?","$","M","?","R","E","R","T","E"],"build_version":"2020-12-22","purchased_purges":4,"victory":false,"max_hp_per_floor":[68,74,80,80,80,80,80,80,80,80,80,80,80,86,86,86,86,86,86,92,99,99,99,99,99,99,99,99,99,99,106,106,106,106,106,112,112,112,112,112,112,112,112,112],"card_choices":[{"not_picked":["Halt","SashWhip"],"picked":"CrushJoints","floor":1},{"not_picked":["ClearTheMind","SashWhip"],"picked":"EmptyBody","floor":5},{"not_picked":["FlyingSleeves","Study"],"picked":"SignatureMove","floor":8},{"not_picked":["SashWhip","EmptyBody"],"picked":"Protect","floor":10},{"not_picked":["PathToVictory","CutThroughFate"],"picked":"DevaForm+1","floor":13},{"not_picked":["SpiritShield","Scrawl"],"picked":"Vault","floor":16},{"not_picked":["FlyingSleeves","Protect","Sanctity"],"picked":"SKIP","floor":18},{"not_picked":["Pray","ClearTheMind"],"picked":"Study+1","floor":22},{"not_picked":["InnerPeace+1","ForeignInfluence"],"picked":"Indignation+1","floor":24},{"not_picked":["WaveOfTheHand","WreathOfFlame","Evaluate"],"picked":"SKIP","floor":27},{"not_picked":["PathToVictory","Wireheading+1","Halt"],"picked":"SKIP","floor":29},{"not_picked":["Crescendo","Protect+1"],"picked":"LikeWater+1","floor":30},{"not_picked":["Alpha","Blasphemy"],"picked":"Establishment+1","floor":33},{"not_picked":["Evaluate","SignatureMove"],"picked":"EmptyFist","floor":35},{"not_picked":["ThirdEye","Vengeance+1"],"picked":"Fasting2+1","floor":41}],"player_experience":1551410,"relics_obtained":[{"floor":8,"key":"The Courier"},{"floor":9,"key":"Frozen Egg 2"},{"floor":10,"key":"Gremlin Horn"},{"floor":24,"key":"White Beast Statue"},{"floor":26,"key":"Damaru"},{"floor":27,"key":"MealTicket"},{"floor":30,"key":"Tiny Chest"},{"floor":41,"key":"Bottled Flame"},{"floor":43,"key":"HornCleat"}],"event_choices":[{"damage_healed":0,"gold_gain":0,"player_choice":"Box","damage_taken":0,"relics_obtained":["Darkstone Periapt"],"max_hp_gain":0,"max_hp_loss":0,"event_name":"Big Fish","floor":2,"gold_loss":0,"cards_obtained":["Regret"]},{"damage_healed":0,"gold_gain":275,"player_choice":"Desecrate","damage_taken":0,"max_hp_gain":0,"max_hp_loss":0,"event_name":"Golden Shrine","floor":3,"gold_loss":0,"cards_obtained":["Regret"]},{"damage_healed":0,"gold_gain":0,"player_choice":"Damaged","damage_taken":12,"max_hp_gain":0,"max_hp_loss":0,"event_name":"Wheel of Change","floor":7,"gold_loss":0},{"damage_healed":0,"gold_gain":0,"player_choice":"Take Wound","damage_taken":0,"relics_obtained":["Golden Idol"],"max_hp_gain":0,"max_hp_loss":0,"event_name":"Golden Idol","floor":14,"gold_loss":0,"cards_obtained":["Injury"]},{"damage_healed":17,"gold_gain":0,"player_choice":"Heal","damage_taken":0,"max_hp_gain":0,"max_hp_loss":0,"event_name":"The Library","floor":19,"gold_loss":0},{"damage_healed":0,"gold_gain":275,"player_choice":"Desecrate","damage_taken":0,"max_hp_gain":0,"max_hp_loss":0,"event_name":"Golden Shrine","floor":20,"gold_loss":0,"cards_obtained":["Regret"]},{"damage_healed":21,"gold_gain":0,"player_choice":"Writhe","damage_taken":0,"max_hp_gain":0,"max_hp_loss":0,"event_name":"Winding Halls","floor":36,"gold_loss":0,"cards_obtained":["Writhe"]},{"damage_healed":0,"gold_gain":0,"player_choice":"Forge","damage_taken":0,"max_hp_gain":0,"max_hp_loss":0,"event_name":"Accursed Blacksmith","floor":39,"gold_loss":0,"cards_upgraded":["Protect"]}],"is_beta":false,"boss_relics":[{"not_picked":["Velvet Choker","Philosopher\u0027s Stone"],"picked":"Empty Cage"},{"not_picked":["Pandora\u0027s Box","HolyWater"],"picked":"Fusion Hammer"}],"items_purged_floors":[4,11,21,37],"is_endless":false,"potions_floor_spawned":[8,13,16,18,24,27,28,29,30,33,35,38,41],"killed_by":"Reptomancer","ascension_level":18}