{"gold_per_floor":[116,116,266,266,281,313,313,347,347,380,406,421,79,93,93,165,165,185,185,14,30,46,75,86,86,112,112,112,112],"floor_reached":29,"playtime":969,"items_purged":[],"score":496,"play_id":"e352916d-22ed-4414-a201-1f19aae098ac","local_time":"20210729190903","is_ascension_mode":true,"campfire_choices":[{"floor":7,"key":"REST"},{"data":"ConjureBlade","floor":15,"key":"SMITH"},{"floor":25,"key":"REST"},{"data":"Devotion","floor":27,"key":"SMITH"}],"neow_cost":"NONE","seed_source_timestamp":350059860167600,"circlet_count":0,"master_deck":["AscendersBane","Strike_P","Strike_P","Strike_P","Defend_P+1","Defend_P","Defend_P","Defend_P","Eruption","Vigilance","ConjureBlade+1","Halt","SignatureMove+1","Prostrate","ForeignInfluence","Pray+1","Devotion+1","EmptyBody","Brilliance","Wish"],"relics":["PureWater","Meat on the Bone","Omamori","Bottled Flame","Turnip","Odd Mushroom","Chemical X","War Paint","SlaversCollar","Lee\u0027s Waffle","Vajra","CeramicFish","Eternal Feather"],"potions_floor_usage":[8,12,16,22,29],"damage_taken":[{"damage":8,"enemies":"Small Slimes","floor":1,"turns":3},{"damage":0,"enemies":"2 Louse","floor":5,"turns":4},{"damage":19,"enemies":"Lagavulin","floor":6,"turns":6},{"damage":20,"enemies":"3 Sentries","floor":8,"turns":7},{"damage":26,"enemies":"Lagavulin","floor":10,"turns":4},{"damage":7,"enemies":"The Mushroom Lair","floor":11,"turns":4},{"damage":4,"enemies":"Jaw Worm","floor":12,"turns":3},{"damage":0,"enemies":"2 Fungi Beasts","floor":14,"turns":2},{"damage":22,"enemies":"Hexaghost","floor":16,"turns":7},{"damage":12,"enemies":"Spheric Guardian","floor":18,"turns":5},{"damage":7,"enemies":"Chosen","floor":21,"turns":5},{"damage":20,"enemies":"Centurion and Healer","floor":22,"turns":6},{"damage":30,"enemies":"Slavers","floor":23,"turns":3},{"damage":22,"enemies":"Chosen and Byrds","floor":24,"turns":7},{"damage":48,"enemies":"3 Cultists","floor":29,"turns":4}],"seed_played":"-1511246901499611571","potions_obtained":[{"floor":6,"key":"Dexterity Potion"},{"floor":8,"key":"SneckoOil"},{"floor":11,"key":"FearPotion"},{"floor":12,"key":"ColorlessPotion"},{"floor":16,"key":"SpeedPotion"},{"floor":18,"key":"PowerPotion"},{"floor":21,"key":"BottledMiracle"}],"is_trial":false,"path_per_floor":["M","?","?","?","M","E","R","E","T","E","?","M","$","M","R","B",null,"M","?","$","M","M","E","M","R","T","R","?","M"],"character_chosen":"WATCHER","items_purchased":["Chemical X","War Paint","Lee\u0027s Waffle"],"campfire_rested":2,"item_purchase_floors":[13,13,20],"current_hp_per_floor":[53,46,46,46,46,27,47,39,39,25,30,38,38,38,38,28,58,46,46,75,68,48,30,20,42,42,42,42,0],"gold":112,"neow_bonus":"ONE_RANDOM_RARE_CARD","is_prod":false,"is_daily":false,"chose_seed":false,"campfire_upgraded":2,"win_rate":0,"timestamp":1627600143,"path_taken":["M","?","?","?","?","E","R","E","T","E","?","M","$","M","R","BOSS","M","?","$","M","?","E","M","R","T","R","?","M"],"build_version":"2020-12-22","purchased_purges":0,"victory":false,"max_hp_per_floor":[68,68,68,68,68,68,68,68,68,68,68,68,68,68,68,68,68,68,68,75,75,75,75,75,75,75,75,75,75],"card_choices":[{"not_picked":["SashWhip","BattleHymn"],"picked":"Halt","floor":1},{"not_picked":["SashWhip","Halt"],"picked":"SignatureMove","floor":5},{"not_picked":["WindmillStrike","EmptyFist"],"picked":"Prostrate","floor":6},{"not_picked":["Conclude","FollowUp"],"picked":"ForeignInfluence","floor":8},{"not_picked":["LikeWater","Swivel"],"picked":"Pray","floor":10},{"not_picked":["CrushJoints","Crescendo"],"picked":"Devotion","floor":11},{"not_picked":["EmptyFist","MentalFortress"],"picked":"EmptyBody","floor":12},{"not_picked":["Conclude","SashWhip","FollowUp"],"picked":"SKIP","floor":14},{"not_picked":["Judgement","Devotion"],"picked":"Brilliance","floor":16},{"not_picked":["Protect","Halt","FollowUp+1"],"picked":"SKIP","floor":18},{"not_picked":["Evaluate","Halt","FlyingSleeves"],"picked":"SKIP","floor":21},{"not_picked":["Wallop+1","TalkToTheHand","Vengeance"],"picked":"SKIP","floor":22},{"not_picked":["PathToVictory","Sanctity"],"picked":"Wish","floor":23},{"not_picked":["Perseverance","Weave","FollowUp+1"],"picked":"SKIP","floor":24}],"player_experience":1533933,"relics_obtained":[{"floor":6,"key":"Meat on the Bone"},{"floor":8,"key":"Omamori"},{"floor":9,"key":"Bottled Flame"},{"floor":10,"key":"Turnip"},{"floor":11,"key":"Odd Mushroom"},{"floor":23,"key":"Vajra"},{"floor":26,"key":"CeramicFish"}],"event_choices":[{"cards_removed":["Strike_P"],"damage_healed":0,"gold_gain":0,"player_choice":"Card Removal","damage_taken":7,"max_hp_gain":0,"max_hp_loss":0,"event_name":"Golden Wing","floor":2,"gold_loss":0},{"damage_healed":0,"gold_gain":150,"player_choice":"AGREE","damage_taken":0,"max_hp_gain":0,"max_hp_loss":0,"event_name":"Liars Game","floor":3,"gold_loss":0,"cards_obtained":["Doubt"]},{"cards_removed":["Doubt"],"damage_healed":0,"gold_gain":0,"player_choice":"Forget","damage_taken":0,"max_hp_gain":0,"max_hp_loss":0,"event_name":"Living Wall","floor":4,"gold_loss":0},{"damage_healed":0,"gold_gain":0,"player_choice":"Fought Mushrooms","damage_taken":0,"max_hp_gain":0,"max_hp_loss":0,"event_name":"Mushrooms","floor":11,"gold_loss":0},{"damage_healed":0,"gold_gain":0,"player_choice":"Upgraded","damage_taken":0,"max_hp_gain":0,"max_hp_loss":0,"event_name":"Upgrade Shrine","floor":19,"gold_loss":0,"cards_upgraded":["SignatureMove"]},{"damage_healed":0,"gold_gain":0,"player_choice":"Stole Relic","damage_taken":0,"relics_obtained":["Eternal Feather"],"max_hp_gain":0,"max_hp_loss":0,"event_name":"Addict","floor":28,"gold_loss":0,"cards_obtained":["Shame"]}],"is_beta":false,"boss_relics":[{"not_picked":["Ectoplasm","Snecko Eye"],"picked":"SlaversCollar"}],"items_purged_floors":[],"is_endless":false,"potions_floor_spawned":[6,8,11,12,16,18,21],"killed_by":"3 Cultists","ascension_level":18}