{"gold_per_floor":[118,268,268,22,22,53,53,79,79,79,130,155,172,198,198,198],"floor_reached":16,"playtime":305,"items_purged":["Regret"],"score":312,"play_id":"d1ef7f77-b033-4581-a97b-123ee2386402","local_time":"20210723161824","is_ascension_mode":true,"campfire_choices":[{"data":"Eruption","floor":7,"key":"SMITH"},{"data":"LikeWater","floor":10,"key":"SMITH"},{"data":"Tantrum","floor":15,"key":"SMITH"}],"neow_cost":"NONE","seed_source_timestamp":377500465795600,"circlet_count":0,"master_deck":["AscendersBane","Strike_P","Strike_P","Strike_P","Strike_P","Defend_P","Defend_P","Defend_P","Defend_P","Eruption+1","Vigilance","LikeWater+1","Doubt","Meditate","Tantrum+1","EmptyBody","DeceiveReality","Crescendo","WaveOfTheHand"],"relics":["PureWater","NeowsBlessing","Tiny Chest","Mummified Hand","Meat on the Bone","Nunchaku","Ornamental Fan","Regal Pillow","Akabeko","Happy Flower"],"potions_floor_usage":[14,14],"damage_taken":[{"damage":0,"enemies":"2 Louse","floor":1,"turns":1},{"damage":0,"enemies":"Lagavulin","floor":6,"turns":1},{"damage":0,"enemies":"3 Sentries","floor":12,"turns":2},{"damage":3,"enemies":"Small Slimes","floor":13,"turns":4},{"damage":47,"enemies":"Gremlin Nob","floor":14,"turns":4},{"damage":19,"enemies":"Hexaghost","floor":16,"turns":9}],"seed_played":"-70782982180749197","potions_obtained":[{"floor":6,"key":"DuplicationPotion"},{"floor":12,"key":"AttackPotion"}],"is_trial":false,"path_per_floor":["M","?","?","$","?","E","R","T","T","R","T","E","M","E","R","B"],"character_chosen":"WATCHER","items_purchased":["Meditate","Tantrum"],"campfire_rested":0,"item_purchase_floors":[4,4],"current_hp_per_floor":[61,61,61,61,56,56,56,56,56,56,56,56,53,18,18,0],"gold":198,"neow_bonus":"THREE_ENEMY_KILL","is_prod":false,"is_daily":false,"chose_seed":false,"campfire_upgraded":3,"win_rate":0,"timestamp":1627071504,"path_taken":["M","?","?","?","?","E","R","?","T","R","?","E","M","E","R","BOSS"],"build_version":"2020-12-22","purchased_purges":1,"victory":false,"max_hp_per_floor":[68,68,68,68,68,68,68,68,68,68,68,68,68,68,68,68],"card_choices":[{"not_picked":["Halt","Protect"],"picked":"LikeWater","floor":1},{"not_picked":["ThirdEye","Protect"],"picked":"EmptyBody","floor":6},{"not_picked":["Protect","Prostrate"],"picked":"DeceiveReality","floor":12},{"not_picked":["Wallop","EmptyBody"],"picked":"Crescendo","floor":13},{"not_picked":["CrushJoints","JustLucky"],"picked":"WaveOfTheHand","floor":14}],"player_experience":1511513,"relics_obtained":[{"floor":6,"key":"Meat on the Bone"},{"floor":8,"key":"Nunchaku"},{"floor":9,"key":"Ornamental Fan"},{"floor":11,"key":"Regal Pillow"},{"floor":12,"key":"Akabeko"},{"floor":14,"key":"Happy Flower"}],"event_choices":[{"damage_healed":0,"gold_gain":150,"player_choice":"AGREE","damage_taken":0,"max_hp_gain":0,"max_hp_loss":0,"event_name":"Liars Game","floor":2,"gold_loss":0,"cards_obtained":["Doubt"]},{"damage_healed":0,"gold_gain":0,"player_choice":"Box","damage_taken":0,"relics_obtained":["Tiny Chest"],"max_hp_gain":0,"max_hp_loss":0,"event_name":"Big Fish","floor":3,"gold_loss":0,"cards_obtained":["Regret"]},{"damage_healed":0,"gold_gain":0,"player_choice":"Success","damage_taken":5,"relics_obtained":["Mummified Hand"],"max_hp_gain":0,"max_hp_loss":0,"event_name":"Scrap Ooze","floor":5,"gold_loss":0}],"is_beta":false,"boss_relics":[],"items_purged_floors":[4],"is_endless":false,"potions_floor_spawned":[6,12,13],"killed_by":"Hexaghost","ascension_level":18}