{"gold_per_floor":[109,21,21,38,63,63,24,62,62,62,62,100,110,82,82,168,168,181,231,231,243,202,202],"floor_reached":23,"playtime":549,"items_purged":[],"score":418,"play_id":"7736c8b7-668c-4f5f-a7a5-8ce3ac088792","local_time":"20210724121734","is_ascension_mode":true,"campfire_choices":[{"data":"Conclude","floor":6,"key":"SMITH"},{"floor":15,"key":"DIG"}],"neow_cost":"NONE","seed_source_timestamp":449206667177900,"circlet_count":0,"master_deck":["AscendersBane","Strike_P","Strike_P","Strike_P","Defend_P","Defend_P","Defend_P","Defend_P","Eruption+1","Vigilance","SashWhip","Conclude+1","Indignation","TalkToTheHand","EmptyMind","EmptyBody","WreathOfFlame","Devotion","Halt"],"relics":["PureWater","NeowsBlessing","MealTicket","CeramicFish","Shovel","Incense Burner","Unceasing Top","Fusion Hammer","GremlinMask"],"potions_floor_usage":[18,23],"damage_taken":[{"damage":0,"enemies":"Small Slimes","floor":1,"turns":1},{"damage":0,"enemies":"Cultist","floor":4,"turns":1},{"damage":0,"enemies":"Gremlin Nob","floor":8,"turns":1},{"damage":12,"enemies":"Lagavulin","floor":12,"turns":4},{"damage":0,"enemies":"Jaw Worm","floor":13,"turns":2},{"damage":21,"enemies":"The Guardian","floor":16,"turns":9},{"damage":30,"enemies":"Shell Parasite","floor":18,"turns":4},{"damage":18,"enemies":"2 Thieves","floor":21,"turns":4},{"damage":66,"enemies":"Slavers","floor":23,"turns":4}],"seed_played":"805563597984573762","potions_obtained":[{"floor":1,"key":"Dexterity Potion"},{"floor":4,"key":"GamblersBrew"},{"floor":13,"key":"Fire Potion"},{"floor":18,"key":"FairyPotion"}],"is_trial":false,"path_per_floor":["M","$","?","M","T","R","$","E","T","?","?","E","M","$","R","B",null,"M","?","?","M","$","E"],"character_chosen":"WATCHER","items_purchased":["Conclude","TalkToTheHand","WreathOfFlame","Halt"],"campfire_rested":0,"item_purchase_floors":[2,7,14,22],"current_hp_per_floor":[61,61,61,61,61,61,68,68,68,61,61,49,49,64,64,43,62,32,32,32,14,29,0],"gold":202,"neow_bonus":"THREE_ENEMY_KILL","is_prod":false,"is_daily":false,"chose_seed":false,"campfire_upgraded":1,"win_rate":0,"timestamp":1627143454,"path_taken":["M","$","?","?","?","R","$","E","T","?","?","E","M","?","R","BOSS","M","?","?","M","$","E"],"build_version":"2020-12-22","purchased_purges":0,"victory":false,"max_hp_per_floor":[68,68,68,68,68,68,68,68,68,68,68,68,68,68,68,68,68,68,68,68,68,68,68],"card_choices":[{"not_picked":["EmptyBody","ClearTheMind"],"picked":"SashWhip","floor":1},{"not_picked":["Halt","Perseverance"],"picked":"Indignation","floor":4},{"not_picked":["Crescendo","ClearTheMind"],"picked":"EmptyMind","floor":8},{"not_picked":["FlyingSleeves","Consecrate"],"picked":"EmptyBody","floor":12},{"not_picked":["ThirdEye","BowlingBash","Nirvana"],"picked":"SKIP","floor":13},{"not_picked":["Brilliance","ConjureBlade"],"picked":"Devotion","floor":16},{"not_picked":["CutThroughFate+1","SashWhip","JustLucky"],"picked":"SKIP","floor":18},{"not_picked":["CarveReality","ReachHeaven","EmptyBody"],"picked":"SKIP","floor":21}],"player_experience":1515911,"relics_obtained":[{"floor":5,"key":"MealTicket"},{"floor":8,"key":"CeramicFish"},{"floor":9,"key":"Shovel"},{"floor":12,"key":"Incense Burner"},{"floor":15,"key":"Unceasing Top"}],"event_choices":[{"damage_healed":0,"gold_gain":0,"player_choice":"Upgraded","damage_taken":0,"max_hp_gain":0,"max_hp_loss":0,"event_name":"Upgrade Shrine","floor":3,"gold_loss":0,"cards_upgraded":["Eruption"]},{"cards_removed":["Strike_P"],"damage_healed":0,"gold_gain":0,"player_choice":"Card Removal","damage_taken":7,"max_hp_gain":0,"max_hp_loss":0,"event_name":"Golden Wing","floor":10,"gold_loss":0},{"damage_healed":0,"gold_gain":0,"player_choice":"Leave","damage_taken":0,"max_hp_gain":0,"max_hp_loss":0,"event_name":"The Cleric","floor":11,"gold_loss":0},{"damage_healed":0,"gold_gain":50,"player_choice":"Stole From Cult","damage_taken":0,"max_hp_gain":0,"max_hp_loss":0,"event_name":"Nest","floor":19,"gold_loss":0},{"damage_healed":0,"gold_gain":0,"player_choice":"Trade","damage_taken":0,"relics_obtained":["GremlinMask"],"max_hp_gain":0,"max_hp_loss":0,"event_name":"FaceTrader","floor":20,"gold_loss":0}],"is_beta":false,"boss_relics":[{"not_picked":["Runic Dome","Runic Pyramid"],"picked":"Fusion Hammer"}],"items_purged_floors":[],"is_endless":false,"potions_floor_spawned":[1,4,13,18,21],"killed_by":"Slavers","ascension_level":18}