{"gold_per_floor":[119,119,44,319,332,332,332,332,332,350,384,384,410,437,437,437],"floor_reached":16,"playtime":367,"items_purged":["Pain"],"score":201,"play_id":"04dc0020-b271-4bc8-9665-f871721fbaf3","local_time":"20210727230245","is_ascension_mode":true,"campfire_choices":[{"data":"SignatureMove","floor":6,"key":"SMITH"},{"floor":8,"key":"REST"},{"floor":12,"key":"REST"},{"data":"Eruption","floor":15,"key":"SMITH"}],"neow_cost":"CURSE","seed_source_timestamp":191885339174200,"circlet_count":0,"master_deck":["AscendersBane","Strike_P","Strike_P","Strike_P+1","Strike_P+1","Defend_P","Defend_P","Defend_P","Defend_P","Eruption+1","Vigilance","WreathOfFlame","Regret","SignatureMove+1","FearNoEvil","MasterReality","LikeWater"],"relics":["PureWater","Vajra","Gremlin Horn","Orichalcum","Potion Belt"],"potions_floor_usage":[11,13],"damage_taken":[{"damage":13,"enemies":"2 Louse","floor":1,"turns":7},{"damage":0,"enemies":"Cultist","floor":5,"turns":2},{"damage":10,"enemies":"Jaw Worm","floor":10,"turns":2},{"damage":32,"enemies":"Lagavulin","floor":11,"turns":7},{"damage":3,"enemies":"3 Sentries","floor":13,"turns":3},{"damage":36,"enemies":"Hexaghost","floor":16,"turns":10}],"seed_played":"-115732603968137211","potions_obtained":[{"floor":1,"key":"EssenceOfSteel"},{"floor":10,"key":"PowerPotion"}],"is_trial":false,"path_per_floor":["M","?","$","?","M","R","?","R","T","M","E","R","E","T","R","B"],"character_chosen":"WATCHER","items_purchased":[],"campfire_rested":2,"item_purchase_floors":[],"current_hp_per_floor":[60,36,36,36,36,36,31,55,55,45,13,37,34,34,34,0],"gold":437,"neow_bonus":"TWENTY_PERCENT_HP_BONUS","is_prod":false,"is_daily":false,"chose_seed":false,"campfire_upgraded":2,"win_rate":0,"timestamp":1627441365,"path_taken":["M","?","$","?","?","R","?","R","T","M","E","R","E","?","R","BOSS"],"build_version":"2020-12-22","purchased_purges":1,"victory":false,"max_hp_per_floor":[80,80,80,80,80,80,80,80,80,80,80,80,80,80,80,80],"card_choices":[{"not_picked":["Crescendo","Consecrate"],"picked":"WreathOfFlame","floor":1},{"not_picked":["Fasting2","Protect"],"picked":"SignatureMove","floor":5},{"not_picked":["ThirdEye","BattleHymn"],"picked":"FearNoEvil","floor":10},{"not_picked":["Prostrate","Crescendo"],"picked":"MasterReality","floor":11},{"not_picked":["ThirdEye","Evaluate"],"picked":"LikeWater","floor":13}],"player_experience":1526809,"relics_obtained":[{"floor":9,"key":"Gremlin Horn"},{"floor":11,"key":"Orichalcum"},{"floor":13,"key":"Potion Belt"}],"event_choices":[{"damage_healed":0,"gold_gain":0,"player_choice":"Entered Light","damage_taken":24,"max_hp_gain":0,"max_hp_loss":0,"event_name":"Shining Light","floor":2,"gold_loss":0,"cards_upgraded":["Strike_P","Strike_P"]},{"damage_healed":0,"gold_gain":275,"player_choice":"Desecrate","damage_taken":0,"max_hp_gain":0,"max_hp_loss":0,"event_name":"Golden Shrine","floor":4,"gold_loss":0,"cards_obtained":["Regret"]},{"damage_healed":0,"gold_gain":0,"player_choice":"Success","damage_taken":5,"relics_obtained":["Vajra"],"max_hp_gain":0,"max_hp_loss":0,"event_name":"Scrap Ooze","floor":7,"gold_loss":0}],"is_beta":false,"boss_relics":[],"items_purged_floors":[3],"is_endless":false,"potions_floor_spawned":[1,10],"killed_by":"Hexaghost","ascension_level":18}