{"gold_per_floor":[359,359,375,49,61,90,90,120,183,195,238,264,276,354,366,378],"floor_reached":16,"playtime":456,"items_purged":["Regret"],"score":224,"play_id":"50d09753-5f72-41bb-99d3-5683038caa1d","local_time":"20210724200718","is_ascension_mode":true,"campfire_choices":[{"floor":7,"key":"REST"},{"floor":10,"key":"REST"},{"floor":15,"key":"REST"}],"neow_cost":"PERCENT_DAMAGE","seed_source_timestamp":477484307428900,"circlet_count":0,"master_deck":["AscendersBane","Strike_P","Strike_P","Strike_P","Strike_P","Defend_P","Defend_P","Defend_P+1","Defend_P","Eruption","Vigilance+1","WaveOfTheHand","FlyingSleeves","FearNoEvil","TalkToTheHand","Crescendo","LessonLearned","Adaptation","Indignation"],"relics":["PureWater","Pantograph","Omamori","Akabeko","MawBank","Smiling Mask","PreservedInsect"],"potions_floor_usage":[3,6,12],"damage_taken":[{"damage":5,"enemies":"Small Slimes","floor":1,"turns":6},{"damage":7,"enemies":"2 Louse","floor":3,"turns":3},{"damage":0,"enemies":"Cultist","floor":5,"turns":4},{"damage":32,"enemies":"Gremlin Nob","floor":6,"turns":5},{"damage":14,"enemies":"Lagavulin","floor":8,"turns":7},{"damage":16,"enemies":"Gremlin Nob","floor":11,"turns":3},{"damage":5,"enemies":"Gremlin Gang","floor":12,"turns":3},{"damage":69,"enemies":"Slime Boss","floor":16,"turns":8}],"seed_played":"-6013264976654958424","potions_obtained":[{"floor":3,"key":"Fruit Juice"},{"floor":5,"key":"Weak Potion"},{"floor":6,"key":"Explosive Potion"}],"is_trial":false,"path_per_floor":["M","?","M","$","M","E","R","E","T","R","E","M","?","?","R","B"],"character_chosen":"WATCHER","items_purchased":["Omamori","FearNoEvil"],"campfire_rested":3,"item_purchase_floors":[4,4],"current_hp_per_floor":[38,38,36,36,36,4,25,11,11,32,16,11,11,11,32,0],"gold":378,"neow_bonus":"TWO_FIFTY_GOLD","is_prod":false,"is_daily":false,"chose_seed":false,"campfire_upgraded":0,"win_rate":0,"timestamp":1627171638,"path_taken":["M","?","M","$","M","E","R","E","T","R","E","M","?","?","R","BOSS"],"build_version":"2020-12-22","purchased_purges":1,"victory":false,"max_hp_per_floor":[68,68,73,73,73,73,73,73,73,73,73,73,73,73,73,73],"card_choices":[{"not_picked":["CutThroughFate","FollowUp"],"picked":"WaveOfTheHand","floor":1},{"not_picked":["Protect","Indignation"],"picked":"FlyingSleeves","floor":3},{"not_picked":["JustLucky","FollowUp"],"picked":"TalkToTheHand","floor":5},{"not_picked":["Scrawl","JustLucky"],"picked":"Crescendo","floor":6},{"not_picked":["PathToVictory","Weave"],"picked":"LessonLearned","floor":8},{"not_picked":["JustLucky","Crescendo"],"picked":"Adaptation","floor":11},{"not_picked":["Protect","FlurryOfBlows"],"picked":"Indignation","floor":12}],"player_experience":1517543,"relics_obtained":[{"floor":6,"key":"Akabeko"},{"floor":8,"key":"MawBank"},{"floor":9,"key":"Smiling Mask"},{"floor":11,"key":"PreservedInsect"}],"event_choices":[{"damage_healed":0,"gold_gain":0,"player_choice":"Box","damage_taken":0,"relics_obtained":["Pantograph"],"max_hp_gain":0,"max_hp_loss":0,"event_name":"Big Fish","floor":2,"gold_loss":0,"cards_obtained":["Regret"]},{"damage_healed":0,"gold_gain":0,"player_choice":"Searched \u00270\u0027 times","damage_taken":0,"max_hp_gain":0,"max_hp_loss":0,"event_name":"Dead Adventurer","floor":13,"gold_loss":0},{"damage_healed":0,"gold_gain":66,"player_choice":"Gained Gold","damage_taken":0,"max_hp_gain":0,"max_hp_loss":0,"event_name":"Golden Wing","floor":14,"gold_loss":0}],"is_beta":false,"boss_relics":[],"items_purged_floors":[4],"is_endless":false,"potions_floor_spawned":[3,5,6],"killed_by":"Slime Boss","ascension_level":18}