{"gold_per_floor":[18,29,29,104,118,118,149,170,224,374,354],"floor_reached":11,"playtime":849,"items_purged":[],"score":139,"play_id":"3dd6f5d4-d644-4a35-9c35-b06216c6930c","local_time":"20210731233406","is_ascension_mode":true,"campfire_choices":[{"data":"CarveReality","floor":6,"key":"SMITH"}],"neow_cost":"NO_GOLD","seed_source_timestamp":538882627559800,"circlet_count":0,"master_deck":["AscendersBane","Strike_P","Strike_P","Strike_P","Strike_P","Defend_P","Defend_P","Defend_P","Defend_P","Eruption","Vigilance","Wireheading","ThirdEye","Injury","CarveReality+1","Collect","EmptyBody","Doubt"],"relics":["PureWater","Bird Faced Urn","Golden Idol","Question Card","Lantern"],"potions_floor_usage":[8,11],"damage_taken":[{"damage":0,"enemies":"Jaw Worm","floor":1,"turns":3},{"damage":15,"enemies":"2 Louse","floor":2,"turns":3},{"damage":4,"enemies":"Small Slimes","floor":5,"turns":4},{"damage":29,"enemies":"3 Sentries","floor":7,"turns":9},{"damage":2,"enemies":"Exordium Wildlife","floor":8,"turns":3},{"damage":10,"enemies":"Exordium Thugs","floor":11,"turns":1}],"seed_played":"1682785819373834514","potions_obtained":[{"floor":5,"key":"Fire Potion"},{"floor":8,"key":"Dexterity Potion"}],"is_trial":false,"path_per_floor":["M","M","?","?","M","R","E","M","T","?","M"],"character_chosen":"WATCHER","items_purchased":[],"campfire_rested":0,"item_purchase_floors":[],"current_hp_per_floor":[61,48,48,37,35,35,8,8,8,8,0],"gold":354,"neow_bonus":"ONE_RARE_RELIC","is_prod":false,"is_daily":false,"chose_seed":false,"campfire_upgraded":1,"win_rate":0,"timestamp":1627788846,"path_taken":["M","M","?","?","M","R","E","?","T","?","M"],"build_version":"2020-12-22","purchased_purges":0,"victory":false,"max_hp_per_floor":[68,68,68,68,68,68,68,68,68,68,68],"card_choices":[{"not_picked":["FollowUp","Consecrate"],"picked":"Wireheading","floor":1},{"not_picked":["Consecrate","FlyingSleeves"],"picked":"ThirdEye","floor":2},{"not_picked":["Fasting2","SashWhip"],"picked":"CarveReality","floor":5},{"not_picked":["SpiritShield","ThirdEye"],"picked":"Collect","floor":7},{"not_picked":["EmptyFist","Consecrate","FlurryOfBlows"],"picked":"EmptyBody","floor":8}],"player_experience":1549835,"relics_obtained":[{"floor":7,"key":"Question Card"},{"floor":9,"key":"Lantern"}],"event_choices":[{"damage_healed":0,"gold_gain":0,"player_choice":"Take Wound","damage_taken":0,"relics_obtained":["Golden Idol"],"max_hp_gain":0,"max_hp_loss":0,"event_name":"Golden Idol","floor":3,"gold_loss":0,"cards_obtained":["Injury"]},{"damage_healed":0,"gold_gain":75,"player_choice":"Gather Gold","damage_taken":11,"max_hp_gain":0,"max_hp_loss":0,"event_name":"World of Goop","floor":4,"gold_loss":0},{"damage_healed":0,"gold_gain":150,"player_choice":"AGREE","damage_taken":0,"max_hp_gain":0,"max_hp_loss":0,"event_name":"Liars Game","floor":10,"gold_loss":0,"cards_obtained":["Doubt"]}],"is_beta":false,"boss_relics":[],"items_purged_floors":[],"is_endless":false,"potions_floor_spawned":[5,8],"killed_by":"Exordium Thugs","ascension_level":18}