{"gold_per_floor":[117,117,117,130,2,2,23,58,58,58,71,92,92,136,136,136],"floor_reached":16,"playtime":491,"items_purged":["Injury"],"score":209,"play_id":"763bfc80-046f-49d3-981d-49a1f74e6cd0","local_time":"20210726215829","is_ascension_mode":true,"campfire_choices":[{"data":"Eruption","floor":6,"key":"SMITH"},{"floor":13,"key":"REST"},{"data":"Nirvana","floor":15,"key":"SMITH"}],"neow_cost":"NONE","seed_source_timestamp":101504511241100,"circlet_count":0,"master_deck":["AscendersBane","Strike_P","Strike_P","Defend_P","Defend_P","Defend_P","Defend_P","Eruption+1","Vigilance","CrushJoints","Nirvana+1","Consecrate","FlyingSleeves","Vault","DevaForm","EmptyBody","ThirdEye"],"relics":["PureWater","Art of War","Golden Idol","CaptainsWheel","Singing Bowl","Question Card"],"potions_floor_usage":[1,3,14,16],"damage_taken":[{"damage":0,"enemies":"Cultist","floor":1,"turns":3},{"damage":9,"enemies":"Jaw Worm","floor":4,"turns":4},{"damage":1,"enemies":"Small Slimes","floor":7,"turns":3},{"damage":16,"enemies":"Gremlin Nob","floor":8,"turns":3},{"damage":1,"enemies":"Gremlin Gang","floor":11,"turns":5},{"damage":1,"enemies":"Red Slaver","floor":12,"turns":2},{"damage":8,"enemies":"3 Sentries","floor":14,"turns":10},{"damage":50,"enemies":"Hexaghost","floor":16,"turns":10}],"seed_played":"5693909711606764782","potions_obtained":[{"floor":1,"key":"EntropicBrew"},{"floor":4,"key":"Fire Potion"}],"is_trial":false,"path_per_floor":["M","?","?","M","$","R","M","E","T","?","M","M","R","E","R","B"],"character_chosen":"WATCHER","items_purchased":["Consecrate"],"campfire_rested":1,"item_purchase_floors":[5],"current_hp_per_floor":[61,54,59,50,50,50,49,33,33,33,34,33,55,47,47,0],"gold":136,"neow_bonus":"RANDOM_COMMON_RELIC","is_prod":false,"is_daily":false,"chose_seed":false,"campfire_upgraded":2,"win_rate":0,"timestamp":1627351109,"path_taken":["M","?","?","M","$","R","M","E","T","?","?","?","R","E","R","BOSS"],"build_version":"2020-12-22","purchased_purges":1,"victory":false,"max_hp_per_floor":[68,68,73,73,73,73,73,73,73,73,75,75,75,75,75,75],"card_choices":[{"not_picked":["Indignation","Nirvana"],"picked":"CrushJoints","floor":1},{"not_picked":["ThirdEye","Halt"],"picked":"Nirvana","floor":4},{"not_picked":["Prostrate","FollowUp"],"picked":"FlyingSleeves","floor":7},{"not_picked":["JustLucky","EmptyFist"],"picked":"Vault","floor":8},{"not_picked":["MentalFortress","Consecrate","InnerPeace"],"picked":"Singing Bowl","floor":11},{"not_picked":["Fasting2","WindmillStrike"],"picked":"EmptyBody","floor":12},{"not_picked":["WreathOfFlame","Study"],"picked":"ThirdEye","floor":14}],"player_experience":1523536,"relics_obtained":[{"floor":8,"key":"CaptainsWheel"},{"floor":9,"key":"Singing Bowl"},{"floor":14,"key":"Question Card"}],"event_choices":[{"cards_removed":["Strike_P"],"damage_healed":0,"gold_gain":0,"player_choice":"Card Removal","damage_taken":7,"max_hp_gain":0,"max_hp_loss":0,"event_name":"Golden Wing","floor":2,"gold_loss":0},{"damage_healed":0,"gold_gain":0,"player_choice":"Take Wound","damage_taken":0,"relics_obtained":["Golden Idol"],"max_hp_gain":0,"max_hp_loss":0,"event_name":"Golden Idol","floor":3,"gold_loss":0,"cards_obtained":["Injury"]},{"damage_healed":0,"gold_gain":0,"cards_transformed":["Strike_P"],"player_choice":"Transformed","damage_taken":0,"max_hp_gain":0,"max_hp_loss":0,"event_name":"Transmorgrifier","floor":10,"gold_loss":0,"cards_obtained":["DevaForm"]}],"is_beta":false,"boss_relics":[],"items_purged_floors":[5],"is_endless":false,"potions_floor_spawned":[1,4,11],"killed_by":"Hexaghost","ascension_level":18}