{"gold_per_floor":[362,362,342,356,32,32,52,52,52,81,81,81,99,115,115,115],"floor_reached":16,"playtime":389,"items_purged":["Parasite"],"score":190,"play_id":"1d7864a2-079c-43e7-ab1b-8cb311f568d4","local_time":"20210725213127","is_ascension_mode":true,"campfire_choices":[{"floor":6,"key":"REST"},{"floor":8,"key":"REST"},{"floor":12,"key":"REST"},{"data":"Apotheosis","floor":15,"key":"SMITH"}],"neow_cost":"CURSE","seed_source_timestamp":13584769492900,"circlet_count":0,"master_deck":["AscendersBane","Strike_P","Strike_P+1","Strike_P","Strike_P","Defend_P","Defend_P","Defend_P","Defend_P+1","Eruption","Vigilance","Tantrum","SashWhip","Apotheosis+1","DeceiveReality","Collect","Establishment","Adaptation","LikeWater"],"relics":["PureWater","TeardropLocket","Dream Catcher","Akabeko"],"potions_floor_usage":[16],"damage_taken":[{"damage":7,"enemies":"Cultist","floor":1,"turns":3},{"damage":0,"enemies":"Small Slimes","floor":4,"turns":2},{"damage":0,"enemies":"Jaw Worm","floor":7,"turns":2},{"damage":12,"enemies":"Gremlin Nob","floor":10,"turns":3},{"damage":20,"enemies":"Large Slime","floor":13,"turns":3},{"damage":0,"enemies":"2 Fungi Beasts","floor":14,"turns":2},{"damage":17,"enemies":"Hexaghost","floor":16,"turns":7}],"seed_played":"-198948727594272519","potions_obtained":[{"floor":3,"key":"ColorlessPotion"},{"floor":10,"key":"LiquidMemories"}],"is_trial":false,"path_per_floor":["M","?","?","M","$","R","M","R","T","E","?","R","M","M","R","B"],"character_chosen":"WATCHER","items_purchased":["Apotheosis","DeceiveReality"],"campfire_rested":3,"item_purchase_floors":[5,5],"current_hp_per_floor":[54,34,34,34,34,53,53,65,65,53,18,37,17,17,17,0],"gold":115,"neow_bonus":"TWO_FIFTY_GOLD","is_prod":false,"is_daily":false,"chose_seed":false,"campfire_upgraded":1,"win_rate":0,"timestamp":1627263087,"path_taken":["M","?","?","M","$","R","?","R","T","E","?","R","M","M","R","BOSS"],"build_version":"2020-12-22","purchased_purges":1,"victory":false,"max_hp_per_floor":[68,68,68,68,65,65,65,65,65,65,65,65,65,65,65,65],"card_choices":[{"not_picked":["FollowUp","EmptyBody"],"picked":"Tantrum","floor":1},{"not_picked":["Collect","Prostrate"],"picked":"SashWhip","floor":4},{"not_picked":["WaveOfTheHand","FollowUp"],"picked":"Collect","floor":7},{"not_picked":["DeceiveReality","CarveReality"],"picked":"Establishment","floor":10},{"not_picked":["ThirdEye","Crescendo"],"picked":"Adaptation","floor":12},{"not_picked":["ClearTheMind","ThirdEye","JustLucky"],"picked":"SKIP","floor":13},{"not_picked":["EmptyFist","CrushJoints"],"picked":"LikeWater","floor":14}],"player_experience":1521975,"relics_obtained":[{"floor":9,"key":"TeardropLocket"},{"floor":10,"key":"Dream Catcher"}],"event_choices":[{"damage_healed":0,"gold_gain":0,"player_choice":"Entered Light","damage_taken":20,"max_hp_gain":0,"max_hp_loss":0,"event_name":"Shining Light","floor":2,"gold_loss":0,"cards_upgraded":["Defend_P","Strike_P"]},{"damage_healed":0,"gold_gain":0,"player_choice":"Bought 1 Potion","damage_taken":0,"max_hp_gain":0,"max_hp_loss":0,"event_name":"The Woman in Blue","floor":3,"gold_loss":0},{"damage_healed":0,"gold_gain":0,"player_choice":"Success","damage_taken":35,"relics_obtained":["Akabeko"],"max_hp_gain":0,"max_hp_loss":0,"event_name":"Scrap Ooze","floor":11,"gold_loss":0}],"is_beta":false,"boss_relics":[],"items_purged_floors":[5],"is_endless":false,"potions_floor_spawned":[10,13,14],"killed_by":"Hexaghost","ascension_level":18}