{"gold_per_floor":[109,128,278,298,298,298,312,312,312,370,404,404,415,445,445,523,523,543,85,85,103,121,156,156,172,196,223,223,198,215,246,246,323,323,334,609,627,643,305,333,333,367,367,367,160,177,177,209,209,209],"floor_reached":50,"playtime":2229,"items_purged":["Regret","Pain"],"score":1401,"play_id":"2b55fb1d-721e-4bc4-b526-e3db14869956","local_time":"20210727234106","is_ascension_mode":true,"campfire_choices":[{"data":"Eruption","floor":6.0,"key":"SMITH"},{"floor":8.0,"key":"REST"},{"floor":12.0,"key":"REST"},{"data":"Ragnarok","floor":15.0,"key":"SMITH"},{"floor":24.0,"key":"REST"},{"floor":32.0,"key":"REST"},{"floor":41,"key":"REST"},{"data":"Ragnarok","floor":49,"key":"SMITH"}],"neow_cost":"NONE","seed_source_timestamp":192303814848900,"circlet_count":0,"master_deck":["AscendersBane","Eruption+1","Vigilance+1","Ragnarok+1","Nirvana","FollowUp","FlurryOfBlows","Ragnarok+1","Establishment","FearNoEvil","Tantrum","ThirdEye+1","Halt","Nirvana","CutThroughFate","Halt+1","Perseverance+1","ThirdEye+1","Blasphemy+1","CurseOfTheBell","EmptyBody+1","InnerPeace+1","Swivel+1","Wireheading","FlurryOfBlows+1","FlurryOfBlows+1","FlurryOfBlows+1","Scrawl+1","Sanctity+1"],"special_seed":0,"relics":["Pandora\u0027s Box","TeardropLocket","Toxic Egg 2","Smiling Mask","Yang","Calling Bell","Nunchaku","Shuriken","Mango","Kunai","Molten Egg 2","War Paint","Calipers","Eternal Feather","VioletLotus","Pear","Akabeko","Vajra","Bottled Flame","WarpedTongs","Lee\u0027s Waffle","Frozen Egg 2"],"potions_floor_usage":[38],"damage_taken":[{"damage":0.0,"enemies":"Jaw Worm","floor":1.0,"turns":1.0},{"damage":0.0,"enemies":"Small Slimes","floor":2.0,"turns":2.0},{"damage":7.0,"enemies":"2 Louse","floor":4.0,"turns":2.0},{"damage":12.0,"enemies":"Lots of Slimes","floor":7.0,"turns":3.0},{"damage":7.0,"enemies":"3 Sentries","floor":10.0,"turns":3.0},{"damage":12.0,"enemies":"Lagavulin","floor":11.0,"turns":5.0},{"damage":8.0,"enemies":"Gremlin Gang","floor":13.0,"turns":4.0},{"damage":0.0,"enemies":"3 Sentries","floor":14.0,"turns":3.0},{"damage":6.0,"enemies":"The Guardian","floor":16.0,"turns":11.0},{"damage":0.0,"enemies":"Shell Parasite","floor":18.0,"turns":1.0},{"damage":0.0,"enemies":"Chosen","floor":21.0,"turns":2.0},{"damage":0.0,"enemies":"Sentry and Sphere","floor":22.0,"turns":3.0},{"damage":31.0,"enemies":"Gremlin Leader","floor":23.0,"turns":5.0},{"damage":0.0,"enemies":"Snake Plant","floor":25.0,"turns":3.0},{"damage":20.0,"enemies":"Slavers","floor":27.0,"turns":3.0},{"damage":0.0,"enemies":"Centurion and Healer","floor":30.0,"turns":2.0},{"damage":10.0,"enemies":"Gremlin Leader","floor":31.0,"turns":3.0},{"damage":23,"enemies":"Champ","floor":33,"turns":6},{"damage":2,"enemies":"Orb Walker","floor":35,"turns":3},{"damage":33,"enemies":"3 Darklings","floor":37,"turns":3},{"damage":31,"enemies":"4 Shapes","floor":38,"turns":10},{"damage":0,"enemies":"Nemesis","floor":40,"turns":3},{"damage":0,"enemies":"Giant Head","floor":42,"turns":4},{"damage":24,"enemies":"Maw","floor":46,"turns":3},{"damage":10,"enemies":"Nemesis","floor":48,"turns":3},{"damage":100072,"enemies":"Time Eater","floor":50,"turns":5}],"seed_played":"2555345003051115327","potions_obtained":[{"floor":4.0,"key":"BlessingOfTheForge"},{"floor":7.0,"key":"SteroidPotion"},{"floor":13.0,"key":"Explosive Potion"},{"floor":14.0,"key":"Explosive Potion"},{"floor":22.0,"key":"Strength Potion"},{"floor":27.0,"key":"Swift Potion"},{"floor":30.0,"key":"Weak Potion"},{"floor":37,"key":"Fire Potion"},{"floor":40,"key":"SpeedPotion"},{"floor":46,"key":"Fire Potion"}],"is_trial":false,"path_per_floor":["M","M","?","M","?","R","M","R","T","?","E","R","M","E","R","B",null,"M","$","?","M","M","E","R","M","T","E","?","$","M","E","R","B",null,"M","?","M","M","$","E","R","E","T","?","$","M","$","E","R","B"],"character_chosen":"WATCHER","items_purchased":["Kunai","InnerPeace+1","Swivel+1","FlurryOfBlows+1","Pear","Lee\u0027s Waffle"],"campfire_rested":5,"item_purchase_floors":[19,19,19,29,39,45],"current_hp_per_floor":[61,61,61,54,47,47,35,55,55,48,36,56,48,48,48,42,76,76,76,70,70,70,39,63,63,63,43,43,43,43,33,72,49,74,72,72,39,8,18,18,60,60,60,60,99,75,75,65,80,0],"gold":209,"neow_bonus":"BOSS_RELIC","is_prod":false,"is_daily":false,"chose_seed":false,"campfire_upgraded":3,"win_rate":0,"timestamp":1627443666,"path_taken":["M","M","?","M","?","R","M","R","T","?","E","R","M","E","R","BOSS","M","$","?","?","?","E","R","?","T","E","?","?","M","E","R","BOSS","M","?","M","?","$","E","R","E","T","?","$","?","?","E","R","BOSS"],"build_version":"2020-12-22","purchased_purges":2,"victory":false,"max_hp_per_floor":[68,68,68,68,68,68,68,68,68,68,68,68,68,68,68,68,82,82,82,82,82,82,82,82,82,82,82,82,82,82,82,82,82,82,82,82,82,82,92,92,92,92,92,92,99,99,99,99,99,99],"card_choices":[{"not_picked":["InnerPeace","FlyingSleeves"],"picked":"ThirdEye","floor":1.0},{"not_picked":["Fasting2","BowlingBash"],"picked":"Halt","floor":2.0},{"not_picked":["BowlingBash","JustLucky"],"picked":"Nirvana","floor":4.0},{"not_picked":["FlurryOfBlows","Evaluate"],"picked":"CutThroughFate","floor":7.0},{"not_picked":["WaveOfTheHand+1","Prostrate+1"],"picked":"Halt+1","floor":10.0},{"not_picked":["EmptyBody+1","Pray+1"],"picked":"Perseverance+1","floor":11.0},{"not_picked":["Vault+1","SashWhip"],"picked":"ThirdEye+1","floor":13.0},{"not_picked":["FlurryOfBlows","ClearTheMind+1","PathToVictory+1"],"picked":"SKIP","floor":14.0},{"not_picked":["Wish+1","DeusExMachina+1"],"picked":"Blasphemy+1","floor":16.0},{"not_picked":["LikeWater","EmptyFist"],"picked":"EmptyBody+1","floor":18.0},{"not_picked":["FollowUp","DeceiveReality+1","Collect+1"],"picked":"SKIP","floor":21.0},{"not_picked":["ThirdEye+1","CarveReality"],"picked":"Wireheading","floor":22.0},{"not_picked":["BattleHymn","Vengeance+1","CutThroughFate+1"],"picked":"SKIP","floor":23.0},{"not_picked":["ForeignInfluence+1","ConjureBlade+1"],"picked":"FlurryOfBlows+1","floor":25.0},{"not_picked":["Study","Crescendo+1","Nirvana"],"picked":"SKIP","floor":27.0},{"not_picked":["WheelKick+1","Protect+1"],"picked":"FlurryOfBlows+1","floor":30.0},{"not_picked":["FlurryOfBlows+1","Adaptation","BattleHymn+1"],"picked":"SKIP","floor":31.0},{"not_picked":["Devotion","ConjureBlade+1"],"picked":"Scrawl+1","floor":33},{"not_picked":["Vengeance+1","Crescendo+1","Prostrate+1"],"picked":"SKIP","floor":35},{"not_picked":["Consecrate+1","Fasting2","Prostrate+1"],"picked":"SKIP","floor":37},{"not_picked":["EmptyBody+1","BowlingBash+1"],"picked":"Sanctity+1","floor":38},{"not_picked":["Judgement+1","Evaluate+1","SashWhip+1"],"picked":"SKIP","floor":40},{"not_picked":["EmptyFist+1","Perseverance+1","FollowUp+1"],"picked":"SKIP","floor":42},{"not_picked":["SignatureMove+1","EmptyBody+1","ThirdEye+1"],"picked":"SKIP","floor":46},{"not_picked":["Consecrate+1","BattleHymn+1","Protect+1"],"picked":"SKIP","floor":48}],"player_experience":1527176,"relics_obtained":[{"floor":9.0,"key":"TeardropLocket"},{"floor":11.0,"key":"Smiling Mask"},{"floor":14.0,"key":"Yang"},{"floor":17.0,"key":"Nunchaku"},{"floor":17.0,"key":"Shuriken"},{"floor":17.0,"key":"Mango"},{"floor":23.0,"key":"Molten Egg 2"},{"floor":26.0,"key":"War Paint"},{"floor":27.0,"key":"Calipers"},{"floor":31.0,"key":"Eternal Feather"},{"floor":40,"key":"Akabeko"},{"floor":42,"key":"Vajra"},{"floor":43,"key":"Bottled Flame"},{"floor":48,"key":"Frozen Egg 2"}],"event_choices":[{"damage_healed":0.0,"max_hp_gain":0.0,"max_hp_loss":0.0,"gold_gain":150.0,"event_name":"Liars Game","player_choice":"AGREE","floor":3.0,"gold_loss":0.0,"damage_taken":0.0,"cards_obtained":["Doubt"]},{"cards_removed":["Doubt"],"damage_healed":0.0,"max_hp_gain":0.0,"max_hp_loss":0.0,"gold_gain":0.0,"event_name":"Golden Wing","player_choice":"Card Removal","floor":5.0,"gold_loss":0.0,"damage_taken":7.0},{"damage_healed":0.0,"max_hp_gain":0.0,"max_hp_loss":0.0,"gold_gain":0.0,"event_name":"Dead Adventurer","player_choice":"Searched \u00272\u0027 times","floor":10.0,"gold_loss":0.0,"damage_taken":0.0,"relics_obtained":["Toxic Egg 2"]},{"damage_healed":0.0,"max_hp_gain":0.0,"max_hp_loss":0.0,"gold_gain":0.0,"event_name":"Knowing Skull","player_choice":"","floor":20.0,"potions_obtained":[],"gold_loss":0.0,"damage_taken":6.0,"cards_obtained":[]},{"damage_healed":0.0,"max_hp_gain":0.0,"max_hp_loss":0.0,"gold_gain":0.0,"event_name":"Cursed Tome","player_choice":"Ignored","floor":28.0,"gold_loss":0.0,"damage_taken":0.0},{"damage_healed":0,"gold_gain":275,"player_choice":"Desecrate","damage_taken":0,"max_hp_gain":0,"max_hp_loss":0,"event_name":"Golden Shrine","floor":36,"gold_loss":0,"cards_obtained":["Regret"]},{"damage_healed":0,"gold_gain":0,"player_choice":"Rummage","damage_taken":0,"relics_obtained":["WarpedTongs"],"max_hp_gain":0,"max_hp_loss":0,"event_name":"Accursed Blacksmith","floor":44,"gold_loss":0,"cards_obtained":["Pain"]}],"is_beta":false,"boss_relics":[{"not_picked":["Runic Pyramid","Coffee Dripper"],"picked":"Calling Bell"},{"not_picked":["Velvet Choker","Philosopher\u0027s Stone"],"picked":"VioletLotus"}],"items_purged_floors":[39,45],"is_endless":false,"potions_floor_spawned":[4,7,13,14,21,22,27,30,37,40,46],"killed_by":"Time Eater","ascension_level":18}