{"gold_per_floor":[16,291,301,312,312,346,5,5,80,80],"floor_reached":10,"playtime":289,"items_purged":[],"score":124,"play_id":"7e8f04a9-2ef0-4a81-8f16-096847dd357b","local_time":"20210726222107","is_ascension_mode":true,"campfire_choices":[{"floor":8,"key":"REST"}],"neow_cost":"NO_GOLD","seed_source_timestamp":103065088391900,"circlet_count":0,"master_deck":["AscendersBane","Strike_P","Strike_P","Strike_P","Strike_P","Defend_P","Defend_P","Defend_P","Defend_P","Eruption","Vigilance","Brilliance","Pray","LikeWater","Perseverance","Vengeance"],"relics":["PureWater","Spirit Poop","Art of War","Toy Ornithopter","Blood Vial","Ornamental Fan"],"potions_floor_usage":[6,10],"damage_taken":[{"damage":0,"enemies":"Jaw Worm","floor":1,"turns":2},{"damage":9,"enemies":"Cultist","floor":3,"turns":3},{"damage":4,"enemies":"2 Louse","floor":4,"turns":3},{"damage":18,"enemies":"3 Sentries","floor":6,"turns":13},{"damage":104,"enemies":"Gremlin Nob","floor":10,"turns":4}],"seed_played":"7869741031159747231","potions_obtained":[{"floor":4,"key":"StancePotion"},{"floor":6,"key":"Swift Potion"}],"is_trial":false,"path_per_floor":["M","?","M","M","?","E","$","R","T","E"],"character_chosen":"WATCHER","items_purchased":["Toy Ornithopter","Blood Vial"],"campfire_rested":1,"item_purchase_floors":[7,7],"current_hp_per_floor":[61,61,52,48,48,30,30,50,50,0],"gold":80,"neow_bonus":"THREE_RARE_CARDS","is_prod":false,"is_daily":false,"chose_seed":false,"campfire_upgraded":0,"win_rate":0,"timestamp":1627352467,"path_taken":["M","?","?","M","?","E","$","R","T","E"],"build_version":"2020-12-22","purchased_purges":0,"victory":false,"max_hp_per_floor":[68,68,68,68,68,68,68,68,68,68],"card_choices":[{"not_picked":["Judgement","DeusExMachina"],"picked":"Brilliance","floor":0},{"not_picked":["FollowUp","Crescendo"],"picked":"Pray","floor":1},{"not_picked":["Tantrum","ThirdEye"],"picked":"LikeWater","floor":3},{"not_picked":["FollowUp","PathToVictory"],"picked":"Perseverance","floor":4},{"not_picked":["Indignation","Perseverance"],"picked":"Vengeance","floor":6}],"player_experience":1524993,"relics_obtained":[{"floor":6,"key":"Art of War"},{"floor":9,"key":"Ornamental Fan"}],"event_choices":[{"damage_healed":0,"gold_gain":275,"player_choice":"Desecrate","damage_taken":0,"max_hp_gain":0,"max_hp_loss":0,"event_name":"Golden Shrine","floor":2,"gold_loss":0,"cards_obtained":["Regret"]},{"cards_removed":["Regret"],"damage_healed":0,"gold_gain":0,"player_choice":"Offered Curse","damage_taken":0,"relics_obtained":["Spirit Poop"],"max_hp_gain":0,"max_hp_loss":0,"event_name":"Bonfire Elementals","floor":5,"gold_loss":0}],"is_beta":false,"boss_relics":[],"items_purged_floors":[],"is_endless":false,"potions_floor_spawned":[4,6],"killed_by":"Gremlin Nob","ascension_level":18}