{"gold_per_floor":[115,115,32,32,46,46,71,88,88,103,132,149,110,145,145,219,219,232,251,264,106,118,118,168,168,248,248],"floor_reached":27,"playtime":820,"items_purged":[],"score":576,"play_id":"4557002e-9c86-4dbb-a150-f6a21fe4f7fe","local_time":"20210724123750","is_ascension_mode":true,"campfire_choices":[{"data":"Blasphemy","floor":6.0,"key":"SMITH"},{"floor":15.0,"key":"REST"},{"floor":23,"key":"REST"}],"neow_cost":"NONE","seed_source_timestamp":450075880018200,"circlet_count":0,"master_deck":["AscendersBane","Strike_P","Strike_P","Strike_P","Defend_P","Defend_P","Defend_P","Eruption","Vigilance","FlurryOfBlows","Blasphemy+1","WheelKick","DeceiveReality","MasterReality","Meditate","InnerPeace","CrushJoints+1","Perseverance","LikeWater","LikeWater","DeusExMachina","LikeWater","Swivel","SignatureMove+1"],"special_seed":0,"relics":["PureWater","NeowsBlessing","Pantograph","Molten Egg 2","Darkstone Periapt","TeardropLocket","Black Star","HandDrill","Shuriken"],"potions_floor_usage":[20,20,25],"damage_taken":[{"damage":0.0,"enemies":"Cultist","floor":1.0,"turns":1.0},{"damage":0.0,"enemies":"2 Louse","floor":5.0,"turns":1.0},{"damage":0.0,"enemies":"Gremlin Nob","floor":7.0,"turns":1.0},{"damage":0.0,"enemies":"Small Slimes","floor":8.0,"turns":2.0},{"damage":0.0,"enemies":"Looter","floor":10.0,"turns":2.0},{"damage":28.0,"enemies":"3 Sentries","floor":11.0,"turns":6.0},{"damage":6.0,"enemies":"Exordium Wildlife","floor":12.0,"turns":3.0},{"damage":0.0,"enemies":"Lagavulin","floor":14.0,"turns":2.0},{"damage":10.0,"enemies":"Slime Boss","floor":16.0,"turns":11.0},{"damage":20.0,"enemies":"Shell Parasite","floor":18.0,"turns":4.0},{"damage":0.0,"enemies":"Spheric Guardian","floor":19.0,"turns":1.0},{"damage":17,"enemies":"Centurion and Healer","floor":20,"turns":4},{"damage":9,"enemies":"Snecko","floor":22,"turns":4},{"damage":8,"enemies":"Slavers","floor":25,"turns":2},{"damage":34,"enemies":"Book of Stabbing","floor":27,"turns":5}],"seed_played":"-8276598702934684960","potions_obtained":[{"floor":7.0,"key":"PowerPotion"},{"floor":8.0,"key":"Energy Potion"},{"floor":12.0,"key":"FearPotion"},{"floor":14.0,"key":"GamblersBrew"},{"floor":19.0,"key":"SteroidPotion"},{"floor":22,"key":"SmokeBomb"}],"is_trial":false,"path_per_floor":["M","?","$","?","M","R","E","M","T","M","E","M","$","E","R","B",null,"M","M","M","$","M","R","?","E","T","E"],"character_chosen":"WATCHER","items_purchased":["WheelKick","LikeWater","HandDrill"],"campfire_rested":2,"item_purchase_floors":[3,13,21],"current_hp_per_floor":[61,61,61,61,61,61,61,61,61,61,33,27,27,27,47,58,66,46,46,29,29,20,40,40,32,32,0],"gold":248,"neow_bonus":"THREE_ENEMY_KILL","is_prod":false,"is_daily":false,"chose_seed":false,"campfire_upgraded":1,"win_rate":0,"timestamp":1627144670,"path_taken":["M","?","$","?","M","R","E","M","T","M","E","M","$","E","R","BOSS","M","?","?","$","M","R","?","E","T","E"],"build_version":"2020-12-22","purchased_purges":0,"victory":false,"max_hp_per_floor":[68,68,68,68,68,68,68,68,68,68,68,68,68,68,68,68,68,68,68,68,68,68,68,68,68,68,68],"card_choices":[{"not_picked":["Crescendo","Meditate"],"picked":"FlurryOfBlows","floor":1.0},{"not_picked":["TalkToTheHand","BowlingBash"],"picked":"DeceiveReality","floor":5.0},{"not_picked":["ThirdEye","FlyingSleeves"],"picked":"MasterReality","floor":7.0},{"not_picked":["Worship","SashWhip"],"picked":"Meditate","floor":8.0},{"not_picked":["JustLucky+1","Prostrate"],"picked":"InnerPeace","floor":10.0},{"not_picked":["MasterReality","Protect"],"picked":"CrushJoints+1","floor":11.0},{"not_picked":["CrushJoints+1","ThirdEye"],"picked":"Perseverance","floor":12.0},{"not_picked":["Meditate","FlurryOfBlows+1"],"picked":"LikeWater","floor":14.0},{"not_picked":["Alpha","Vault"],"picked":"DeusExMachina","floor":16.0},{"not_picked":["TalkToTheHand+1","EmptyBody","PathToVictory"],"picked":"SKIP","floor":18.0},{"not_picked":["Consecrate+1","PathToVictory+1"],"picked":"LikeWater","floor":19.0},{"not_picked":["Perseverance","ClearTheMind"],"picked":"Swivel","floor":20},{"not_picked":["InnerPeace+1","Study"],"picked":"SignatureMove+1","floor":22}],"player_experience":1516723,"relics_obtained":[{"floor":7.0,"key":"Pantograph"},{"floor":9.0,"key":"Molten Egg 2"},{"floor":11.0,"key":"Darkstone Periapt"},{"floor":14.0,"key":"TeardropLocket"},{"floor":26,"key":"Shuriken"}],"event_choices":[{"damage_healed":0.0,"max_hp_gain":0.0,"max_hp_loss":0.0,"gold_gain":0.0,"cards_transformed":["Strike_P"],"event_name":"Living Wall","player_choice":"Change","floor":2.0,"gold_loss":0.0,"damage_taken":0.0,"cards_obtained":["Blasphemy"]},{"cards_removed":["Defend_P"],"damage_healed":0.0,"max_hp_gain":0.0,"max_hp_loss":0.0,"gold_gain":0.0,"event_name":"Bonfire Elementals","player_choice":"Offered Basic","floor":4.0,"gold_loss":0.0,"damage_taken":0.0},{"damage_healed":0,"gold_gain":50,"player_choice":"Stole From Cult","damage_taken":0,"max_hp_gain":0,"max_hp_loss":0,"event_name":"Nest","floor":24,"gold_loss":0}],"is_beta":false,"boss_relics":[{"not_picked":["Pandora\u0027s Box","VioletLotus"],"picked":"Black Star"}],"items_purged_floors":[],"is_endless":false,"potions_floor_spawned":[7,8,10,12,14,19,22],"killed_by":"Book of Stabbing","ascension_level":18}