{"gold_per_floor":[116,116,133,147,147,179,195,23,77,77,114,143,143,160,160,243,270,284,284,318,318,149,149,176,176,176,192,225,240,240,251,251,332,332,347,363,40,58,67,67,94,94,117,117,158,173,198,213,213,213],"floor_reached":51,"playtime":2230,"items_purged":[],"score":1642,"play_id":"a2b5232d-d4b7-41df-9859-3bd11d4ba79f","local_time":"20210803012140","is_ascension_mode":true,"campfire_choices":[{"floor":10,"key":"REST"},{"data":"Collect","floor":13,"key":"SMITH"},{"data":"SandsOfTime","floor":15,"key":"SMITH"},{"floor":23,"key":"REST"},{"data":"WaveOfTheHand","floor":25,"key":"SMITH"},{"data":"Vigilance","floor":32,"key":"SMITH"},{"data":"Tantrum","floor":40,"key":"SMITH"},{"floor":42,"key":"REST"},{"floor":49,"key":"REST"}],"neow_cost":"NONE","seed_source_timestamp":716734329115400,"circlet_count":0,"master_deck":["AscendersBane","Strike_P","Strike_P","Defend_P","Defend_P","Defend_P","Eruption","Vigilance+1","Tantrum+1","InnerPeace","Vault","SandsOfTime+1","Vengeance","Collect+1","Omniscience","Fasting2+1","Weave+1","FearNoEvil+1","WaveOfTheHand+1","DeusExMachina","Enlightenment","Scrawl"],"relics":["Snecko Eye","Letter Opener","Omamori","Vajra","CeramicFish","Oddly Smooth Stone","Astrolabe","Red Mask","Nilry\u0027s Codex","Toy Ornithopter","Yang","Torii","Blood Vial","Cursed Key","Anchor","Toolbox","Bag of Marbles","Nunchaku","Kunai","Ornamental Fan"],"potions_floor_usage":[11,24,24,41,50],"damage_taken":[{"damage":0,"enemies":"Jaw Worm","floor":1,"turns":3},{"damage":12,"enemies":"2 Louse","floor":3,"turns":4},{"damage":0,"enemies":"Cultist","floor":4,"turns":2},{"damage":11,"enemies":"Gremlin Nob","floor":6,"turns":4},{"damage":3,"enemies":"Blue Slaver","floor":7,"turns":3},{"damage":0,"enemies":"Lagavulin","floor":11,"turns":3},{"damage":1,"enemies":"3 Louse","floor":12,"turns":4},{"damage":0,"enemies":"Looter","floor":14,"turns":3},{"damage":15,"enemies":"Hexaghost","floor":16,"turns":4},{"damage":0,"enemies":"Shell Parasite","floor":18,"turns":2},{"damage":6,"enemies":"Masked Bandits","floor":20,"turns":3},{"damage":37,"enemies":"Book of Stabbing","floor":24,"turns":4},{"damage":1,"enemies":"Spheric Guardian","floor":27,"turns":3},{"damage":0,"enemies":"Gremlin Leader","floor":28,"turns":4},{"damage":0,"enemies":"Snecko","floor":29,"turns":3},{"damage":0,"enemies":"Centurion and Healer","floor":31,"turns":4},{"damage":1,"enemies":"Collector","floor":33,"turns":8},{"damage":6,"enemies":"Orb Walker","floor":35,"turns":3},{"damage":7,"enemies":"3 Shapes","floor":36,"turns":3},{"damage":0,"enemies":"Maw","floor":38,"turns":5},{"damage":26,"enemies":"Reptomancer","floor":41,"turns":6},{"damage":26,"enemies":"Nemesis","floor":45,"turns":5},{"damage":0,"enemies":"Spire Growth","floor":46,"turns":1},{"damage":11,"enemies":"Reptomancer","floor":47,"turns":5},{"damage":0,"enemies":"Jaw Worm Horde","floor":48,"turns":2},{"damage":11,"enemies":"Donu and Deca","floor":50,"turns":6}],"seed_played":"-6717773407921019945","potions_obtained":[{"floor":4,"key":"SpeedPotion"},{"floor":7,"key":"PowerPotion"},{"floor":12,"key":"Fire Potion"},{"floor":14,"key":"Regen Potion"},{"floor":24,"key":"EssenceOfSteel"},{"floor":28,"key":"StancePotion"},{"floor":29,"key":"Block Potion"},{"floor":45,"key":"Ambrosia"},{"floor":48,"key":"DuplicationPotion"}],"is_trial":false,"path_per_floor":["M","?","M","M","?","E","M","$","T","R","E","M","R","M","R","B",null,"M","?","?","?","$","R","E","R","T","M","E","M","?","M","R","B",null,"M","M","$","M","?","R","E","R","T","?","E","M","E","M","R","B",null],"character_chosen":"WATCHER","items_purchased":["Vajra","Toy Ornithopter","Anchor","Toolbox"],"campfire_rested":4,"item_purchase_floors":[8,22,37,37],"current_hp_per_floor":[61,61,49,49,49,38,35,35,35,55,55,54,54,54,54,39,61,61,61,55,34,34,54,39,39,39,38,38,40,40,42,42,43,62,58,53,53,55,55,55,36,56,56,56,32,34,25,27,46,42],"gold":213,"neow_bonus":"BOSS_RELIC","is_prod":false,"is_daily":false,"chose_seed":false,"campfire_upgraded":5,"win_rate":0,"timestamp":1627968100,"path_taken":["M","?","M","M","?","E","?","$","T","R","E","M","R","M","R","BOSS","M","?","?","?","?","R","E","R","T","M","E","M","?","?","R","BOSS","M","M","$","M","?","R","E","R","T","?","E","M","E","M","R","BOSS"],"build_version":"2020-12-22","purchased_purges":0,"victory":true,"max_hp_per_floor":[68,68,68,68,68,68,68,68,68,68,68,68,68,68,68,68,68,68,68,68,68,68,68,68,68,68,68,68,68,68,68,68,68,68,68,68,68,68,68,68,68,68,68,65,65,65,65,65,65,65],"card_choices":[{"not_picked":["Halt","Prostrate"],"picked":"Tantrum","floor":1},{"not_picked":["BowlingBash","FlurryOfBlows"],"picked":"InnerPeace","floor":3},{"not_picked":["WindmillStrike","ThirdEye"],"picked":"Vault","floor":4},{"not_picked":["Meditate","Consecrate"],"picked":"SandsOfTime","floor":6},{"not_picked":["CrushJoints","CutThroughFate","Weave"],"picked":"SKIP","floor":7},{"not_picked":["PathToVictory","BowlingBash"],"picked":"Vengeance","floor":11},{"not_picked":["Evaluate","Protect"],"picked":"Collect","floor":12},{"not_picked":["Prostrate","Conclude","BattleHymn"],"picked":"SKIP","floor":14},{"not_picked":["SpiritShield","MasterReality"],"picked":"Omniscience","floor":16},{"not_picked":["FlurryOfBlows","Tantrum","TalkToTheHand"],"picked":"SKIP","floor":18},{"not_picked":["ClearTheMind","CrushJoints"],"picked":"WaveOfTheHand","floor":20},{"not_picked":["FollowUp","ThirdEye","FlurryOfBlows"],"picked":"SKIP","floor":24},{"not_picked":["Indignation","Perseverance+1","FlyingSleeves"],"picked":"SKIP","floor":27},{"not_picked":["Halt","WaveOfTheHand","Consecrate"],"picked":"SKIP","floor":28},{"not_picked":["Crescendo","FlyingSleeves","Nirvana"],"picked":"SKIP","floor":29},{"not_picked":["FlyingSleeves","ThirdEye","Adaptation"],"picked":"SKIP","floor":31},{"not_picked":["ConjureBlade","Alpha"],"picked":"DeusExMachina","floor":33},{"not_picked":["Consecrate","TalkToTheHand","ThirdEye"],"picked":"SKIP","floor":35},{"not_picked":["CutThroughFate","SashWhip+1","Indignation"],"picked":"SKIP","floor":36},{"not_picked":["SashWhip","Weave","Protect"],"picked":"SKIP","floor":38},{"not_picked":["Dramatic Entrance","Flash of Steel"],"picked":"Enlightenment","floor":39},{"not_picked":["EmptyMind","SashWhip","Adaptation"],"picked":"SKIP","floor":41},{"not_picked":["Consecrate","CutThroughFate"],"picked":"Scrawl","floor":45},{"not_picked":["FlyingSleeves","FlurryOfBlows","FollowUp"],"picked":"SKIP","floor":46},{"not_picked":["Vengeance","Prostrate","JustLucky"],"picked":"SKIP","floor":47},{"not_picked":["Brilliance","Prostrate","Wireheading"],"picked":"SKIP","floor":48}],"player_experience":1554035,"relics_obtained":[{"floor":6,"key":"Omamori"},{"floor":9,"key":"CeramicFish"},{"floor":11,"key":"Oddly Smooth Stone"},{"floor":20,"key":"Red Mask"},{"floor":21,"key":"Nilry\u0027s Codex"},{"floor":24,"key":"Yang"},{"floor":26,"key":"Torii"},{"floor":28,"key":"Blood Vial"},{"floor":41,"key":"Bag of Marbles"},{"floor":43,"key":"Nunchaku"},{"floor":45,"key":"Kunai"},{"floor":47,"key":"Ornamental Fan"}],"event_choices":[{"damage_healed":0,"gold_gain":0,"player_choice":"Box","damage_taken":0,"relics_obtained":["Letter Opener"],"max_hp_gain":0,"max_hp_loss":0,"event_name":"Big Fish","floor":2,"gold_loss":0,"cards_obtained":["Regret"]},{"cards_removed":["Regret"],"damage_healed":0,"gold_gain":0,"player_choice":"Removed Curses","damage_taken":0,"max_hp_gain":0,"max_hp_loss":0,"event_name":"Fountain of Cleansing","floor":5,"gold_loss":0},{"damage_healed":0,"gold_gain":0,"player_choice":"Ignored","damage_taken":0,"max_hp_gain":0,"max_hp_loss":0,"event_name":"Vampires","floor":19,"gold_loss":0},{"damage_healed":0,"gold_gain":0,"player_choice":"Fought Bandits","damage_taken":0,"max_hp_gain":0,"max_hp_loss":0,"event_name":"Masked Bandits","floor":20,"gold_loss":0},{"damage_healed":0,"gold_gain":0,"player_choice":"Obtained Book","damage_taken":21,"max_hp_gain":0,"max_hp_loss":0,"event_name":"Cursed Tome","floor":21,"gold_loss":0},{"damage_healed":0,"gold_gain":0,"player_choice":"Smashed Altar","damage_taken":0,"max_hp_gain":0,"max_hp_loss":0,"event_name":"Forgotten Altar","floor":30,"gold_loss":0,"cards_obtained":["Decay"]},{"damage_healed":0,"gold_gain":0,"player_choice":"Memory 1","damage_taken":0,"max_hp_gain":0,"max_hp_loss":0,"event_name":"SensoryStone","floor":39,"gold_loss":0},{"damage_healed":0,"gold_gain":0,"player_choice":"Max HP","damage_taken":0,"max_hp_gain":0,"max_hp_loss":3,"event_name":"Winding Halls","floor":44,"gold_loss":0}],"is_beta":false,"boss_relics":[{"not_picked":["Fusion Hammer","Runic Dome"],"picked":"Astrolabe"},{"not_picked":["Black Star","Velvet Choker"],"picked":"Cursed Key"}],"items_purged_floors":[],"is_endless":false,"potions_floor_spawned":[4,7,12,14,24,28,29,38,45,48],"ascension_level":18}