{"gold_per_floor":[115,127,277,277,277,310,310,323,377,389,428,68,95,95],"floor_reached":14,"playtime":659,"items_purged":[],"score":255,"play_id":"3e5cf08c-a8b1-471f-96b1-d2371b3eb86a","local_time":"20210814123839","is_ascension_mode":true,"campfire_choices":[{"data":"Pray","floor":7,"key":"SMITH"},{"floor":10,"key":"REST"}],"neow_cost":"NONE","seed_source_timestamp":137030203455200,"circlet_count":0,"master_deck":["AscendersBane","Strike_P","Strike_P+1","Strike_P","Defend_P","Defend_P+1","Defend_P","Defend_P+1","Eruption+1","Vigilance","SashWhip","SandsOfTime","Doubt","WheelKick","Pray+1","Adaptation","Protect"],"relics":["PureWater","NeowsBlessing","Happy Flower","MawBank","Tiny Chest","Vajra","War Paint","Question Card"],"potions_floor_usage":[13,14],"damage_taken":[{"damage":0,"enemies":"Jaw Worm","floor":1,"turns":1},{"damage":0,"enemies":"Small Slimes","floor":2,"turns":1},{"damage":0,"enemies":"Lagavulin","floor":6,"turns":2},{"damage":6,"enemies":"Cultist","floor":8,"turns":4},{"damage":20,"enemies":"3 Sentries","floor":11,"turns":3},{"damage":30,"enemies":"Gremlin Nob","floor":13,"turns":4},{"damage":7,"enemies":"Red Slaver","floor":14,"turns":3}],"seed_played":"207966459771454563","potions_obtained":[{"floor":8,"key":"FearPotion"},{"floor":11,"key":"Swift Potion"}],"is_trial":false,"path_per_floor":["M","M","?","?","?","E","R","M","T","R","E","$","E","M"],"character_chosen":"WATCHER","items_purchased":["Vajra","Protect","War Paint"],"campfire_rested":1,"item_purchase_floors":[12,12,12],"current_hp_per_floor":[61,61,61,41,41,41,41,35,35,55,35,35,5,0],"gold":95,"neow_bonus":"THREE_ENEMY_KILL","is_prod":false,"is_daily":false,"chose_seed":false,"campfire_upgraded":1,"win_rate":0,"timestamp":1628937519,"path_taken":["M","M","?","?","?","E","R","?","T","R","E","$","E","M"],"build_version":"2020-12-22","purchased_purges":0,"victory":false,"max_hp_per_floor":[68,68,68,68,68,68,68,68,68,68,68,68,68,68],"card_choices":[{"not_picked":["ClearTheMind","Prostrate"],"picked":"SashWhip","floor":1},{"not_picked":["Nirvana","Fasting2"],"picked":"SandsOfTime","floor":2},{"not_picked":["FearNoEvil","FlurryOfBlows"],"picked":"Pray","floor":6},{"not_picked":["WaveOfTheHand","FollowUp","SashWhip"],"picked":"SKIP","floor":8},{"not_picked":["WaveOfTheHand","CutThroughFate"],"picked":"Adaptation","floor":11},{"not_picked":["EmptyFist","ForeignInfluence","JustLucky"],"picked":"SKIP","floor":13}],"player_experience":1560790,"relics_obtained":[{"floor":6,"key":"Happy Flower"},{"floor":9,"key":"MawBank"},{"floor":11,"key":"Tiny Chest"},{"floor":13,"key":"Question Card"}],"event_choices":[{"damage_healed":0,"gold_gain":150,"player_choice":"AGREE","damage_taken":0,"max_hp_gain":0,"max_hp_loss":0,"event_name":"Liars Game","floor":3,"gold_loss":0,"cards_obtained":["Doubt"]},{"damage_healed":0,"gold_gain":0,"player_choice":"Entered Light","damage_taken":20,"max_hp_gain":0,"max_hp_loss":0,"event_name":"Shining Light","floor":4,"gold_loss":0,"cards_upgraded":["Strike_P","Eruption"]},{"damage_healed":0,"gold_gain":0,"cards_transformed":["Strike_P"],"player_choice":"Transformed","damage_taken":0,"max_hp_gain":0,"max_hp_loss":0,"event_name":"Transmorgrifier","floor":5,"gold_loss":0,"cards_obtained":["WheelKick"]}],"is_beta":false,"boss_relics":[],"items_purged_floors":[],"is_endless":false,"potions_floor_spawned":[8,11],"killed_by":"Red Slaver","ascension_level":19}