{"gold_per_floor":[138,29,59,59,22,70,102,155,178,205,205,241,85,115,115,217,217,236,236,78,78,114,114,64,99,146,203,228],"floor_reached":28,"playtime":942,"items_purged":["Defend_P","Defend_P"],"score":534,"play_id":"5e18db93-f3f6-495e-8942-f9e71dca5bbb","local_time":"20210813130129","is_ascension_mode":true,"campfire_choices":[{"data":"HandOfGreed","floor":15,"key":"SMITH"},{"floor":23,"key":"REST"}],"neow_cost":"TEN_PERCENT_HP_LOSS","seed_source_timestamp":51716839056400,"circlet_count":0,"master_deck":["AscendersBane","Strike_P","Strike_P","Strike_P","Defend_P","Defend_P","Eruption","Vigilance","HandOfGreed+1","Collect","Halt","MentalFortress","Consecrate","Scrawl","ConjureBlade","ReachHeaven","Devotion","Perseverance","Wallop"],"relics":["PureWater","Bag of Marbles","Meat on the Bone","Yang","Smiling Mask","Art of War","Black Star","Bronze Scales","Nilry\u0027s Codex","PreservedInsect","Ornamental Fan","MealTicket","Prayer Wheel","Incense Burner"],"potions_floor_usage":[2,8,10,22,22,27],"damage_taken":[{"damage":0,"enemies":"Cultist","floor":1,"turns":4},{"damage":7,"enemies":"Jaw Worm","floor":3,"turns":2},{"damage":56,"enemies":"Gremlin Nob","floor":6,"turns":6},{"damage":0,"enemies":"2 Louse","floor":7,"turns":1},{"damage":11,"enemies":"3 Sentries","floor":8,"turns":5},{"damage":4,"enemies":"Gremlin Nob","floor":10,"turns":3},{"damage":16,"enemies":"Exordium Thugs","floor":12,"turns":3},{"damage":0,"enemies":"Looter","floor":14,"turns":3},{"damage":24,"enemies":"Slime Boss","floor":16,"turns":5},{"damage":29,"enemies":"Spheric Guardian","floor":18,"turns":4},{"damage":15,"enemies":"2 Thieves","floor":22,"turns":3},{"damage":29,"enemies":"Gremlin Leader","floor":25,"turns":6},{"damage":15,"enemies":"Slavers","floor":27,"turns":4},{"damage":24,"enemies":"3 Cultists","floor":28,"turns":2}],"seed_played":"-3447724390425254284","potions_obtained":[{"floor":1,"key":"Block Potion"},{"floor":6,"key":"Fire Potion"},{"floor":16,"key":"Weak Potion"},{"floor":25,"key":"Swift Potion"}],"is_trial":false,"path_per_floor":["M","$","M","T","$","E","M","E","T","E","?","M","$","M","R","B",null,"M","?","$","?","M","R","$","E","T","E","M"],"character_chosen":"WATCHER","items_purchased":["Fruit Juice","MentalFortress","Ambrosia","Bronze Scales"],"campfire_rested":1,"item_purchase_floors":[2,5,13,20],"current_hp_per_floor":[61,66,59,59,59,3,15,16,16,24,24,20,20,32,32,20,55,38,38,38,17,14,34,34,17,17,14,0],"gold":228,"neow_bonus":"RANDOM_COLORLESS_2","is_prod":false,"is_daily":false,"chose_seed":false,"campfire_upgraded":1,"win_rate":0,"timestamp":1628852489,"path_taken":["M","?","M","?","?","E","M","E","T","E","?","M","$","M","R","BOSS","M","?","$","?","M","R","$","E","T","E","M"],"build_version":"2020-12-22","purchased_purges":2,"victory":false,"max_hp_per_floor":[62,67,67,67,67,67,67,67,67,67,67,67,67,67,67,67,67,67,67,67,67,67,67,67,67,67,67,67],"card_choices":[{"not_picked":["Panache","Transmutation"],"picked":"HandOfGreed","floor":0},{"not_picked":["CrushJoints","ClearTheMind"],"picked":"Collect","floor":1},{"not_picked":["SashWhip","Prostrate"],"picked":"Halt","floor":3},{"not_picked":["CutThroughFate","Pray"],"picked":"Consecrate","floor":6},{"not_picked":["ForeignInfluence","Consecrate"],"picked":"Scrawl","floor":7},{"not_picked":["ThirdEye","PathToVictory","JustLucky"],"picked":"SKIP","floor":8},{"not_picked":["Wish","Consecrate"],"picked":"ConjureBlade","floor":10},{"not_picked":["CrushJoints","CutThroughFate","JustLucky"],"picked":"SKIP","floor":12},{"not_picked":["JustLucky","CrushJoints"],"picked":"ReachHeaven","floor":14},{"not_picked":["Brilliance","LessonLearned"],"picked":"Devotion","floor":16},{"not_picked":["FlurryOfBlows+1","Consecrate","EmptyBody"],"picked":"SKIP","floor":18},{"not_picked":["Consecrate","JustLucky","CrushJoints"],"picked":"SKIP","floor":22},{"not_picked":["SignatureMove","FlurryOfBlows"],"picked":"Wallop","floor":25},{"not_picked":["Vengeance","WaveOfTheHand","TalkToTheHand"],"picked":"SKIP","floor":27}],"player_experience":1556762,"relics_obtained":[{"floor":4,"key":"Bag of Marbles"},{"floor":6,"key":"Meat on the Bone"},{"floor":8,"key":"Yang"},{"floor":9,"key":"Smiling Mask"},{"floor":10,"key":"Art of War"},{"floor":21,"key":"Nilry\u0027s Codex"},{"floor":25,"key":"PreservedInsect"},{"floor":25,"key":"Ornamental Fan"},{"floor":26,"key":"MealTicket"},{"floor":27,"key":"Prayer Wheel"},{"floor":27,"key":"Incense Burner"}],"event_choices":[{"cards_removed":["Strike_P"],"damage_healed":0,"gold_gain":0,"player_choice":"Card Removal","damage_taken":0,"max_hp_gain":0,"max_hp_loss":0,"event_name":"Wheel of Change","floor":11,"gold_loss":0},{"damage_healed":0,"gold_gain":0,"player_choice":"Read","damage_taken":0,"max_hp_gain":0,"max_hp_loss":0,"event_name":"The Library","floor":19,"gold_loss":0,"cards_obtained":["Perseverance"]},{"damage_healed":0,"gold_gain":0,"player_choice":"Obtained Book","damage_taken":21,"max_hp_gain":0,"max_hp_loss":0,"event_name":"Cursed Tome","floor":21,"gold_loss":0}],"is_beta":false,"boss_relics":[{"not_picked":["Busted Crown","SacredBark"],"picked":"Black Star"}],"items_purged_floors":[13,24],"is_endless":false,"potions_floor_spawned":[1,6,7,16,25],"killed_by":"3 Cultists","ascension_level":19}