{"gold_per_floor":[109,109,109,9,9,9,42,42,65,90,128,153,153,153,153,249,249,270,270,270],"floor_reached":20,"playtime":590,"items_purged":[],"score":396,"play_id":"de0435f2-4267-43b6-a428-042c1063a581","local_time":"20210814182453","is_ascension_mode":true,"campfire_choices":[{"data":"Eruption","floor":6,"key":"SMITH"},{"data":"Vigilance","floor":8,"key":"SMITH"},{"floor":15,"key":"REST"}],"neow_cost":"NONE","seed_source_timestamp":157873694346800,"circlet_count":0,"master_deck":["AscendersBane","Strike_P","Strike_P","Defend_P","Defend_P","Defend_P","Defend_P","Eruption+1","Vigilance+1","InnerPeace","Swift Strike","EmptyFist","TalkToTheHand","CrushJoints","Evaluate","Scrawl","Protect","RitualDagger"],"relics":["PureWater","NeowsBlessing","Golden Idol","Matryoshka","Question Card","Oddly Smooth Stone","White Beast Statue","Empty Cage"],"potions_floor_usage":[11,16,16],"damage_taken":[{"damage":0,"enemies":"Small Slimes","floor":1,"turns":1},{"damage":0,"enemies":"3 Sentries","floor":7,"turns":2},{"damage":0,"enemies":"Jaw Worm","floor":10,"turns":2},{"damage":37,"enemies":"Gremlin Nob","floor":11,"turns":4},{"damage":7,"enemies":"2 Louse","floor":12,"turns":3},{"damage":21,"enemies":"Slime Boss","floor":16,"turns":11},{"damage":14,"enemies":"2 Thieves","floor":18,"turns":5},{"damage":39,"enemies":"Masked Bandits","floor":20,"turns":3}],"seed_played":"8357657514507399584","potions_obtained":[{"floor":1,"key":"ColorlessPotion"},{"floor":5,"key":"AttackPotion"},{"floor":12,"key":"PowerPotion"},{"floor":16,"key":"BottledMiracle"},{"floor":18,"key":"Ancient Potion"}],"is_trial":false,"path_per_floor":["M","?","?","$","?","R","E","R","T","M","E","M","$","$","R","B",null,"M","?","?"],"character_chosen":"WATCHER","items_purchased":["Swift Strike"],"campfire_rested":1,"item_purchase_floors":[4],"current_hp_per_floor":[61,54,54,54,54,54,54,54,54,54,17,10,10,10,30,9,53,39,33,0],"gold":270,"neow_bonus":"THREE_ENEMY_KILL","is_prod":false,"is_daily":false,"chose_seed":false,"campfire_upgraded":2,"win_rate":0,"timestamp":1628958293,"path_taken":["M","?","?","$","?","R","E","R","T","M","E","?","?","$","R","BOSS","M","?","?"],"build_version":"2020-12-22","purchased_purges":0,"victory":false,"max_hp_per_floor":[68,68,68,68,68,68,68,68,68,68,68,68,68,68,68,68,68,68,68,68],"card_choices":[{"not_picked":["Crescendo","FlyingSleeves"],"picked":"InnerPeace","floor":1},{"not_picked":["CrushJoints","FollowUp"],"picked":"EmptyFist","floor":7},{"not_picked":["Indignation","FollowUp","Crescendo"],"picked":"TalkToTheHand","floor":10},{"not_picked":["CarveReality","Indignation","ThirdEye"],"picked":"CrushJoints","floor":11},{"not_picked":["Fasting2","PathToVictory","FlyingSleeves"],"picked":"Evaluate","floor":12},{"not_picked":["Establishment","Alpha","Judgement"],"picked":"Scrawl","floor":16},{"not_picked":["SandsOfTime","CrushJoints","ClearTheMind"],"picked":"Protect","floor":18}],"player_experience":1563092,"relics_obtained":[{"floor":7,"key":"Matryoshka"},{"floor":9,"key":"Question Card"},{"floor":9,"key":"Oddly Smooth Stone"},{"floor":11,"key":"White Beast Statue"}],"event_choices":[{"cards_removed":["Strike_P"],"damage_healed":0,"gold_gain":0,"player_choice":"Card Removal","damage_taken":7,"max_hp_gain":0,"max_hp_loss":0,"event_name":"Golden Wing","floor":2,"gold_loss":0},{"damage_healed":0,"gold_gain":0,"player_choice":"Take Wound","damage_taken":0,"relics_obtained":["Golden Idol"],"max_hp_gain":0,"max_hp_loss":0,"event_name":"Golden Idol","floor":3,"gold_loss":0,"cards_obtained":["Injury"]},{"damage_healed":0,"gold_gain":0,"player_choice":"Got Potions","damage_taken":0,"max_hp_gain":0,"max_hp_loss":0,"event_name":"Lab","floor":5,"gold_loss":0},{"damage_healed":0,"gold_gain":0,"player_choice":"Joined the Cult","damage_taken":6,"max_hp_gain":0,"max_hp_loss":0,"event_name":"Nest","floor":19,"gold_loss":0,"cards_obtained":["RitualDagger"]},{"damage_healed":0,"gold_gain":0,"player_choice":"Fought Bandits","damage_taken":0,"max_hp_gain":0,"max_hp_loss":0,"event_name":"Masked Bandits","floor":20,"gold_loss":0}],"is_beta":false,"boss_relics":[{"not_picked":["Coffee Dripper","Fusion Hammer"],"picked":"Empty Cage"}],"items_purged_floors":[],"is_endless":false,"potions_floor_spawned":[1,7,12,16,18],"killed_by":"Masked Bandits","ascension_level":19}