{"gold_per_floor":[117,267,267,283,20,48,48,83,83,162,162,193,193,210,210,287,287,306,306,356,93,8,8,8],"floor_reached":24,"playtime":870,"items_purged":["Decay"],"score":454,"play_id":"a1eda606-c002-4118-b8ad-9d0a4caf0e46","local_time":"20210813233010","is_ascension_mode":true,"campfire_choices":[{"data":"Conclude","floor":7,"key":"SMITH"},{"data":"Eruption","floor":11,"key":"SMITH"},{"floor":15,"key":"REST"},{"floor":23,"key":"REST"}],"neow_cost":"NONE","seed_source_timestamp":89509934048200,"circlet_count":0,"master_deck":["AscendersBane","Strike_P","Strike_P","Strike_P","Strike_P","Defend_P","Defend_P","Defend_P","Defend_P","Eruption+1","Vigilance","ThirdEye","EmptyBody","Consecrate","Conclude+1","Flash of Steel","Sanctity","InnerPeace","LikeWater","ConjureBlade"],"relics":["PureWater","Membership Card","Yang","Mango","Letter Opener","White Beast Statue","Anchor","Philosopher\u0027s Stone","Frozen Egg 2","Toolbox","Bag of Preparation"],"potions_floor_usage":[8,12,16,18,24,24],"damage_taken":[{"damage":9,"enemies":"2 Louse","floor":1,"turns":4},{"damage":8,"enemies":"Small Slimes","floor":4,"turns":6},{"damage":15,"enemies":"3 Sentries","floor":6,"turns":4},{"damage":0,"enemies":"Gremlin Nob","floor":8,"turns":2},{"damage":40,"enemies":"Lagavulin","floor":12,"turns":3},{"damage":0,"enemies":"Jaw Worm","floor":14,"turns":2},{"damage":9,"enemies":"Slime Boss","floor":16,"turns":7},{"damage":56,"enemies":"Chosen","floor":18,"turns":9},{"damage":40,"enemies":"Slavers","floor":24,"turns":3}],"seed_played":"-9152557773388360817","potions_obtained":[{"floor":4,"key":"FearPotion"},{"floor":6,"key":"SteroidPotion"},{"floor":12,"key":"Explosive Potion"},{"floor":14,"key":"BottledMiracle"},{"floor":16,"key":"SkillPotion"},{"floor":18,"key":"Energy Potion"}],"is_trial":false,"path_per_floor":["M","?","?","M","$","E","R","E","T","T","R","E","?","M","R","B",null,"M","?","?","$","?","R","E"],"character_chosen":"WATCHER","items_purchased":["Membership Card","Conclude","Flash of Steel","Frozen Egg 2","Toolbox"],"campfire_rested":2,"item_purchase_floors":[5,5,5,21,21],"current_hp_per_floor":[52,52,52,44,44,29,29,43,43,43,43,3,3,3,27,18,66,10,10,10,10,10,34,0],"gold":8,"neow_bonus":"THREE_CARDS","is_prod":false,"is_daily":false,"chose_seed":false,"campfire_upgraded":2,"win_rate":0,"timestamp":1628890210,"path_taken":["M","?","?","M","$","E","R","E","T","?","R","E","?","M","R","BOSS","M","?","?","$","?","R","E"],"build_version":"2020-12-22","purchased_purges":1,"victory":false,"max_hp_per_floor":[68,68,68,68,68,68,68,82,82,82,82,82,82,82,82,82,82,82,82,82,82,82,82,82],"card_choices":[{"not_picked":["JustLucky","Consecrate"],"picked":"ThirdEye","floor":0},{"not_picked":["ClearTheMind","Meditate"],"picked":"EmptyBody","floor":1},{"not_picked":["SashWhip","Evaluate"],"picked":"Consecrate","floor":4},{"not_picked":["Evaluate","PathToVictory"],"picked":"Sanctity","floor":6},{"not_picked":["Evaluate","DevaForm"],"picked":"InnerPeace","floor":8},{"not_picked":["CarveReality","FollowUp","CrushJoints"],"picked":"SKIP","floor":12},{"not_picked":["FollowUp","CutThroughFate"],"picked":"LikeWater","floor":14},{"not_picked":["Scrawl","Devotion"],"picked":"ConjureBlade","floor":16},{"not_picked":["FlyingSleeves","JustLucky","Conclude"],"picked":"SKIP","floor":18}],"player_experience":1559569,"relics_obtained":[{"floor":6,"key":"Yang"},{"floor":8,"key":"Mango"},{"floor":9,"key":"Letter Opener"},{"floor":10,"key":"White Beast Statue"},{"floor":12,"key":"Anchor"}],"event_choices":[{"damage_healed":0,"gold_gain":150,"player_choice":"AGREE","damage_taken":0,"max_hp_gain":0,"max_hp_loss":0,"event_name":"Liars Game","floor":2,"gold_loss":0,"cards_obtained":["Doubt"]},{"cards_removed":["Doubt"],"damage_healed":0,"gold_gain":0,"player_choice":"Forget","damage_taken":0,"max_hp_gain":0,"max_hp_loss":0,"event_name":"Living Wall","floor":3,"gold_loss":0},{"damage_healed":0,"gold_gain":0,"player_choice":"Fled","damage_taken":0,"max_hp_gain":0,"max_hp_loss":0,"event_name":"Scrap Ooze","floor":13,"gold_loss":0},{"damage_healed":0,"gold_gain":0,"player_choice":"Smashed Altar","damage_taken":0,"max_hp_gain":0,"max_hp_loss":0,"event_name":"Forgotten Altar","floor":19,"gold_loss":0,"cards_obtained":["Decay"]},{"damage_healed":0,"gold_gain":50,"player_choice":"Stole From Cult","damage_taken":0,"max_hp_gain":0,"max_hp_loss":0,"event_name":"Nest","floor":20,"gold_loss":0},{"damage_healed":0,"gold_gain":0,"player_choice":"Obtained Relic","damage_taken":0,"relics_obtained":["Bag of Preparation"],"max_hp_gain":0,"max_hp_loss":0,"event_name":"Addict","floor":22,"gold_loss":85}],"is_beta":false,"boss_relics":[{"not_picked":["Ectoplasm","Empty Cage"],"picked":"Philosopher\u0027s Stone"}],"items_purged_floors":[21],"is_endless":false,"potions_floor_spawned":[4,6,12,14,16,18],"killed_by":"Slavers","ascension_level":19}