{"gold_per_floor":[118,118,129,105,124,124,124,138,138,138],"floor_reached":10,"playtime":351,"items_purged":[],"score":113,"play_id":"184634a4-abea-43ea-8d6c-2f1b294271a5","local_time":"20210814122706","is_ascension_mode":true,"campfire_choices":[{"data":"Eruption","floor":6,"key":"SMITH"}],"neow_cost":"NONE","seed_source_timestamp":136644442437400,"circlet_count":0,"master_deck":["AscendersBane","Strike_P","Strike_P","Strike_P","Strike_P","Defend_P","Defend_P","Defend_P","Defend_P","Eruption+1","Vigilance","LikeWater+1","LikeWater","SashWhip","InnerPeace","BowlingBash"],"relics":["VioletLotus","Eternal Feather"],"potions_floor_usage":[5,10],"damage_taken":[{"damage":1,"enemies":"2 Louse","floor":1,"turns":4},{"damage":12,"enemies":"Cultist","floor":3,"turns":4},{"damage":0,"enemies":"Small Slimes","floor":5,"turns":2},{"damage":23,"enemies":"Exordium Thugs","floor":8,"turns":6},{"damage":51,"enemies":"Gremlin Nob","floor":10,"turns":4}],"seed_played":"-211631079942481217","potions_obtained":[{"floor":2,"key":"EssenceOfSteel"},{"floor":2,"key":"Swift Potion"},{"floor":3,"key":"Strength Potion"},{"floor":8,"key":"AttackPotion"}],"is_trial":false,"path_per_floor":["M","?","M","$","M","R","?","M","T","E"],"character_chosen":"WATCHER","items_purchased":["SashWhip"],"campfire_rested":0,"item_purchase_floors":[4],"current_hp_per_floor":[60,60,48,48,48,48,48,25,25,0],"gold":138,"neow_bonus":"BOSS_RELIC","is_prod":false,"is_daily":false,"chose_seed":false,"campfire_upgraded":1,"win_rate":0,"timestamp":1628936826,"path_taken":["M","?","?","$","M","R","?","M","T","E"],"build_version":"2020-12-22","purchased_purges":0,"victory":false,"max_hp_per_floor":[68,68,68,68,68,68,68,68,68,68],"card_choices":[{"not_picked":["CutThroughFate","BowlingBash"],"picked":"LikeWater","floor":1},{"not_picked":["Vengeance","Consecrate"],"picked":"LikeWater","floor":3},{"not_picked":["WaveOfTheHand","ClearTheMind"],"picked":"InnerPeace","floor":5},{"not_picked":["SashWhip","Consecrate"],"picked":"BowlingBash","floor":8}],"player_experience":1560439,"relics_obtained":[{"floor":9,"key":"Eternal Feather"}],"event_choices":[{"damage_healed":0,"gold_gain":0,"player_choice":"Got Potions","damage_taken":0,"max_hp_gain":0,"max_hp_loss":0,"event_name":"Lab","floor":2,"gold_loss":0},{"damage_healed":0,"gold_gain":0,"player_choice":"Grow","damage_taken":0,"max_hp_gain":0,"max_hp_loss":0,"event_name":"Living Wall","floor":7,"gold_loss":0,"cards_upgraded":["LikeWater"]}],"is_beta":false,"boss_relics":[],"items_purged_floors":[],"is_endless":false,"potions_floor_spawned":[3,8],"killed_by":"Gremlin Nob","ascension_level":19}