{"gold_per_floor":[109,184,184,18,37,72,83,83,158,0,0,32,32,52,52,128,128,145,163,78,78],"floor_reached":21,"playtime":741,"items_purged":[],"score":365,"play_id":"0c05d2a1-ed06-4755-9872-b0bd7b735773","local_time":"20210821213934","is_ascension_mode":true,"campfire_choices":[{"floor":8,"key":"REST"},{"data":"Protect","floor":15,"key":"SMITH"}],"neow_cost":"NONE","seed_source_timestamp":9097976899200,"circlet_count":0,"master_deck":["AscendersBane","Strike_P+1","Strike_P+1","Strike_P+1","Defend_P","Defend_P","Defend_P","Defend_P","Eruption+1","Vigilance+1","CrushJoints","LessonLearned+1","Collect+1","MentalFortress","Protect+1","Sanctity","EmptyFist+1","Blasphemy"],"relics":["PureWater","NeowsBlessing","Potion Belt","Gremlin Horn","Lantern","StoneCalendar","Black Star","Strawberry"],"potions_floor_usage":[12,12,16,21],"damage_taken":[{"damage":0,"enemies":"2 Louse","floor":1,"turns":1},{"damage":0,"enemies":"Jaw Worm","floor":5,"turns":1},{"damage":6,"enemies":"Gremlin Nob","floor":6,"turns":3},{"damage":12,"enemies":"Small Slimes","floor":7,"turns":5},{"damage":18,"enemies":"Lagavulin","floor":12,"turns":6},{"damage":5,"enemies":"3 Louse","floor":14,"turns":3},{"damage":35,"enemies":"The Guardian","floor":16,"turns":12},{"damage":21,"enemies":"Spheric Guardian","floor":18,"turns":6},{"damage":33,"enemies":"3 Byrds","floor":19,"turns":7},{"damage":15,"enemies":"Shelled Parasite and Fungi","floor":21,"turns":3}],"seed_played":"-7669868747405134642","potions_obtained":[{"floor":5,"key":"SpeedPotion"},{"floor":7,"key":"SkillPotion"},{"floor":12,"key":"Fruit Juice"},{"floor":14,"key":"GamblersBrew"},{"floor":18,"key":"Explosive Potion"},{"floor":19,"key":"Weak Potion"}],"is_trial":false,"path_per_floor":["M","?","?","$","M","E","M","R","T","$","?","E","?","M","R","B",null,"M","M","?","M"],"character_chosen":"WATCHER","items_purchased":["LessonLearned","Lantern"],"campfire_rested":1,"item_purchase_floors":[4,10],"current_hp_per_floor":[61,50,50,50,50,44,32,52,52,52,57,44,44,39,39,4,60,39,6,13,0],"gold":78,"neow_bonus":"THREE_ENEMY_KILL","is_prod":false,"is_daily":false,"chose_seed":false,"campfire_upgraded":1,"win_rate":0,"timestamp":1629574774,"path_taken":["M","?","?","$","M","E","M","R","T","?","?","E","?","M","R","BOSS","M","M","?","M"],"build_version":"2020-12-22","purchased_purges":0,"victory":false,"max_hp_per_floor":[68,68,68,68,68,68,68,68,68,68,73,78,78,78,78,78,78,78,78,85,85],"card_choices":[{"not_picked":["FlurryOfBlows","Protect"],"picked":"CrushJoints","floor":1},{"not_picked":["ClearTheMind","EmptyMind"],"picked":"Collect","floor":5},{"not_picked":["Study","PathToVictory"],"picked":"MentalFortress","floor":6},{"not_picked":["PathToVictory","Evaluate"],"picked":"Protect","floor":7},{"not_picked":["ReachHeaven","CrushJoints"],"picked":"Sanctity","floor":12},{"not_picked":["Halt","EmptyBody"],"picked":"EmptyFist","floor":14},{"not_picked":["SpiritShield","Alpha"],"picked":"Blasphemy","floor":16},{"not_picked":["Fasting2","Prostrate","WaveOfTheHand"],"picked":"SKIP","floor":18},{"not_picked":["Protect","Halt","Evaluate"],"picked":"SKIP","floor":19}],"player_experience":1579698,"relics_obtained":[{"floor":6,"key":"Potion Belt"},{"floor":9,"key":"Gremlin Horn"},{"floor":12,"key":"StoneCalendar"}],"event_choices":[{"damage_healed":0,"gold_gain":75,"player_choice":"Gather Gold","damage_taken":11,"max_hp_gain":0,"max_hp_loss":0,"event_name":"World of Goop","floor":2,"gold_loss":0},{"damage_healed":0,"gold_gain":0,"player_choice":"Grow","damage_taken":0,"max_hp_gain":0,"max_hp_loss":0,"event_name":"Living Wall","floor":3,"gold_loss":0,"cards_upgraded":["Eruption"]},{"damage_healed":0,"gold_gain":0,"player_choice":"Donut","damage_taken":0,"max_hp_gain":5,"max_hp_loss":0,"event_name":"Big Fish","floor":11,"gold_loss":0},{"cards_removed":["Strike_P"],"damage_healed":0,"gold_gain":0,"player_choice":"Offered Basic","damage_taken":0,"max_hp_gain":0,"max_hp_loss":0,"event_name":"Bonfire Elementals","floor":13,"gold_loss":0},{"damage_healed":0,"gold_gain":0,"player_choice":"Obtained Relic","damage_taken":0,"relics_obtained":["Strawberry"],"max_hp_gain":0,"max_hp_loss":0,"event_name":"Addict","floor":20,"gold_loss":85}],"is_beta":false,"boss_relics":[{"not_picked":["Busted Crown","SacredBark"],"picked":"Black Star"}],"items_purged_floors":[],"is_endless":false,"potions_floor_spawned":[5,7,12,14,18,19],"killed_by":"Shelled Parasite and Fungi","ascension_level":19}