{"gold_per_floor":[111,111,111,131,56,56,91,3,3,20,20,20,0,28,28,105,105,116,166,166,2,16,16,50,50,50,76,76,106,118,133,133,210,210,229,94,94,1093,32,32],"floor_reached":40,"playtime":1945,"items_purged":["Normality"],"score":895,"play_id":"d0dd8bf1-2eae-4030-b210-b3e1da4e6af9","local_time":"20210822114108","is_ascension_mode":true,"campfire_choices":[{"data":"Vigilance","floor":6,"key":"SMITH"},{"floor":11,"key":"REST"},{"floor":15,"key":"REST"},{"data":"LessonLearned","floor":23,"key":"SMITH"},{"data":"Devotion","floor":25,"key":"SMITH"},{"floor":28,"key":"REST"},{"floor":32,"key":"REST"}],"neow_cost":"CURSE","seed_source_timestamp":0,"circlet_count":0,"master_deck":["AscendersBane","Strike_P","Strike_P+1","Strike_P+1","Strike_P+1","Defend_P","Defend_P","Defend_P+1","Defend_P","Eruption+1","Vigilance+1","ClearTheMind","Sanctity+1","SignatureMove+1","LessonLearned+1","Study+1","Collect+1","Devotion+1","Writhe","Prostrate+1","Evaluate+1","Devotion+1","Normality"],"special_seed":0,"relics":["HolyWater","Dead Branch","Oddly Smooth Stone","Bronze Scales","PreservedInsect","Damaru","SlaversCollar","Meat on the Bone","Sling","Question Card","Blood Vial","Vajra","The Courier","DollysMirror","TeardropLocket","Nunchaku","Pantograph","Mercury Hourglass","TungstenRod"],"potions_floor_usage":[10,14,27,29,29,33],"damage_taken":[{"damage":0,"enemies":"Small Slimes","floor":1,"turns":2},{"damage":0,"enemies":"Cultist","floor":4,"turns":3},{"damage":14,"enemies":"Lagavulin","floor":7,"turns":6},{"damage":0,"enemies":"Jaw Worm","floor":10,"turns":1},{"damage":43,"enemies":"Gremlin Nob","floor":14,"turns":4},{"damage":14,"enemies":"Slime Boss","floor":16,"turns":5},{"damage":17,"enemies":"Shell Parasite","floor":18,"turns":5},{"damage":10,"enemies":"2 Thieves","floor":22,"turns":3},{"damage":15,"enemies":"Book of Stabbing","floor":24,"turns":4},{"damage":24,"enemies":"Gremlin Leader","floor":27,"turns":5},{"damage":15,"enemies":"Slavers","floor":29,"turns":2},{"damage":44,"enemies":"Shelled Parasite and Fungi","floor":30,"turns":4},{"damage":6,"enemies":"Snecko","floor":31,"turns":7},{"damage":40,"enemies":"Automaton","floor":33,"turns":7},{"damage":2,"enemies":"3 Shapes","floor":35,"turns":6},{"damage":87,"enemies":"Giant Head","floor":40,"turns":6}],"seed_played":"-4057678395886734919","potions_obtained":[{"floor":1,"key":"StancePotion"},{"floor":7,"key":"Dexterity Potion"},{"floor":10,"key":"Regen Potion"},{"floor":16,"key":"SpeedPotion"},{"floor":18,"key":"LiquidMemories"},{"floor":27,"key":"PowerPotion"},{"floor":29,"key":"BottledMiracle"}],"is_trial":false,"path_per_floor":["M","?","?","M","?","R","E","$","T","M","R","?","?","E","R","B",null,"M","?","?","$","M","R","E","R","T","E","R","E","M","M","R","B",null,"M","$","?","?","$","E"],"character_chosen":"WATCHER","items_purchased":["LessonLearned","Sling","DollysMirror","TeardropLocket","Nunchaku","Pantograph","Mercury Hourglass","TungstenRod"],"campfire_rested":4,"item_purchase_floors":[8,21,36,39,39,39,39,39],"current_hp_per_floor":[61,41,41,41,41,41,27,27,27,27,47,42,42,11,31,17,55,38,38,38,38,40,40,37,37,37,27,47,46,16,24,44,18,56,56,56,56,56,56,0],"gold":32,"neow_bonus":"ONE_RARE_RELIC","is_prod":false,"is_daily":false,"chose_seed":false,"campfire_upgraded":3,"win_rate":0,"timestamp":1629625268,"path_taken":["M","?","?","?","?","R","E","$","T","M","R","?","?","E","R","BOSS","M","?","?","?","M","R","E","R","T","E","R","E","M","M","R","BOSS","M","$","?","?","$","E"],"build_version":"2020-12-22","purchased_purges":1,"victory":false,"max_hp_per_floor":[68,68,68,68,68,68,68,68,68,68,68,68,68,68,68,68,68,68,68,68,68,68,68,68,68,68,68,68,68,68,68,68,68,68,68,68,68,68,68,68],"card_choices":[{"not_picked":["Vengeance","Wireheading"],"picked":"ClearTheMind","floor":1},{"not_picked":["CrushJoints","FlyingSleeves"],"picked":"Sanctity","floor":4},{"not_picked":["Prostrate","LikeWater"],"picked":"SignatureMove","floor":7},{"not_picked":["CarveReality","Prostrate"],"picked":"Study","floor":10},{"not_picked":["EmptyFist","LessonLearned"],"picked":"Collect","floor":14},{"not_picked":["LessonLearned","Vault"],"picked":"Devotion","floor":16},{"not_picked":["CrushJoints","Fasting2","Vengeance"],"picked":"SKIP","floor":18},{"not_picked":["SandsOfTime+1","Protect","Wireheading"],"picked":"SKIP","floor":22},{"not_picked":["ClearTheMind","ConjureBlade","EmptyFist"],"picked":"SKIP","floor":24},{"not_picked":["CrushJoints+1","Study","BowlingBash"],"picked":"Prostrate+1","floor":27},{"not_picked":["Consecrate","Weave","Collect","ClearTheMind+1"],"picked":"SKIP","floor":29},{"not_picked":["FollowUp+1","JustLucky","Vengeance","EmptyBody"],"picked":"SKIP","floor":30},{"not_picked":["JustLucky","InnerPeace","TalkToTheHand","Conclude"],"picked":"SKIP","floor":31},{"not_picked":["Judgement","Wish","MasterReality"],"picked":"Scrawl","floor":33},{"not_picked":["BowlingBash","FlurryOfBlows","Weave"],"picked":"Evaluate+1","floor":35}],"player_experience":1581317,"relics_obtained":[{"floor":7,"key":"Oddly Smooth Stone"},{"floor":9,"key":"Bronze Scales"},{"floor":14,"key":"Damaru"},{"floor":24,"key":"Question Card"},{"floor":26,"key":"Blood Vial"},{"floor":27,"key":"Vajra"},{"floor":29,"key":"The Courier"}],"event_choices":[{"damage_healed":0,"gold_gain":0,"player_choice":"Entered Light","damage_taken":20,"max_hp_gain":0,"max_hp_loss":0,"event_name":"Shining Light","floor":2,"gold_loss":0,"cards_upgraded":["Defend_P","Strike_P"]},{"damage_healed":0,"gold_gain":0,"player_choice":"Upgraded","damage_taken":0,"max_hp_gain":0,"max_hp_loss":0,"event_name":"Upgrade Shrine","floor":3,"gold_loss":0,"cards_upgraded":["Eruption"]},{"cards_removed":["Injury"],"damage_healed":0,"gold_gain":0,"player_choice":"Card Removal","damage_taken":0,"max_hp_gain":0,"max_hp_loss":0,"event_name":"The Cleric","floor":5,"gold_loss":75},{"damage_healed":0,"gold_gain":0,"player_choice":"Success","damage_taken":5,"relics_obtained":["PreservedInsect"],"max_hp_gain":0,"max_hp_loss":0,"event_name":"Scrap Ooze","floor":12,"gold_loss":0},{"damage_healed":0,"gold_gain":0,"player_choice":"Left Gold","damage_taken":0,"max_hp_gain":0,"max_hp_loss":0,"event_name":"World of Goop","floor":13,"gold_loss":20},{"damage_healed":0,"gold_gain":50,"player_choice":"Stole From Cult","damage_taken":0,"max_hp_gain":0,"max_hp_loss":0,"event_name":"Nest","floor":19,"gold_loss":0},{"damage_healed":0,"gold_gain":0,"player_choice":"Opened","damage_taken":0,"relics_obtained":["Meat on the Bone"],"max_hp_gain":0,"max_hp_loss":0,"event_name":"The Mausoleum","floor":20,"gold_loss":0,"cards_obtained":["Writhe"]},{"cards_removed":["Scrawl"],"damage_healed":0,"gold_gain":0,"player_choice":"Removed Skill","damage_taken":0,"max_hp_gain":0,"max_hp_loss":0,"event_name":"Falling","floor":37,"gold_loss":0},{"damage_healed":0,"gold_gain":999,"player_choice":"Gold","damage_taken":0,"max_hp_gain":0,"max_hp_loss":0,"event_name":"MindBloom","floor":38,"gold_loss":0,"cards_obtained":["Normality","Normality"]}],"is_beta":false,"boss_relics":[{"not_picked":["Snecko Eye","VioletLotus"],"picked":"SlaversCollar"},{"not_picked":["Runic Dome","SacredBark"],"picked":"HolyWater"}],"items_purged_floors":[39],"is_endless":false,"potions_floor_spawned":[1,7,10,16,18,27,29],"killed_by":"Giant Head","ascension_level":19}