{"gold_per_floor":[117,117,28,28,178,178,212,212,212,228,263,38,55,88,88,166,166,185,185,202,222,222],"floor_reached":22,"playtime":689,"items_purged":["Doubt"],"score":589,"play_id":"ea6d50be-10f7-4aee-a234-ac5ba5138520","local_time":"20210821161353","is_ascension_mode":true,"campfire_choices":[{"data":"Eruption","floor":6,"key":"SMITH"},{"data":"BattleHymn","floor":8,"key":"SMITH"},{"data":"LessonLearned","floor":15,"key":"SMITH"}],"neow_cost":"NONE","seed_source_timestamp":17691444390600,"circlet_count":0,"master_deck":["AscendersBane","Strike_P","Strike_P","Strike_P","Defend_P","Defend_P","Defend_P","Eruption+1","Vigilance+1","BattleHymn+1","Swivel","WheelKick","Halt+1","SashWhip","LessonLearned+1","Evaluate","Crescendo","Scrawl","Crescendo","Perseverance+1"],"relics":["PureWater","NeowsBlessing","StrikeDummy","Nunchaku","Eternal Feather","Happy Flower","Bottled Tornado","Black Star"],"potions_floor_usage":[11,13,20,21],"damage_taken":[{"damage":0,"enemies":"Jaw Worm","floor":1,"turns":1},{"damage":0,"enemies":"Lagavulin","floor":7,"turns":1},{"damage":1,"enemies":"Small Slimes","floor":10,"turns":2},{"damage":0,"enemies":"3 Sentries","floor":11,"turns":4},{"damage":0,"enemies":"Cultist","floor":13,"turns":2},{"damage":3,"enemies":"Gremlin Nob","floor":14,"turns":3},{"damage":0,"enemies":"Slime Boss","floor":16,"turns":5},{"damage":17,"enemies":"Shell Parasite","floor":18,"turns":4},{"damage":8,"enemies":"Chosen","floor":20,"turns":5},{"damage":0,"enemies":"Sentry and Sphere","floor":21,"turns":2},{"damage":78,"enemies":"Snecko","floor":22,"turns":5}],"seed_played":"5343072815832407607","potions_obtained":[{"floor":1,"key":"ColorlessPotion"},{"floor":11,"key":"EntropicBrew"},{"floor":14,"key":"Energy Potion"},{"floor":20,"key":"Ambrosia"}],"is_trial":false,"path_per_floor":["M","?","$","?","?","R","E","R","T","M","E","$","M","E","R","B",null,"M","?","M","M","M"],"character_chosen":"WATCHER","items_purchased":["Swivel","LessonLearned"],"campfire_rested":0,"item_purchase_floors":[3,12],"current_hp_per_floor":[61,54,54,43,43,43,43,43,43,42,42,42,42,39,48,48,63,46,46,38,38,0],"gold":222,"neow_bonus":"THREE_ENEMY_KILL","is_prod":false,"is_daily":false,"chose_seed":false,"campfire_upgraded":3,"win_rate":0,"timestamp":1629555233,"path_taken":["M","?","$","?","?","R","E","R","T","M","E","$","M","E","R","BOSS","M","?","M","M","?"],"build_version":"2020-12-22","purchased_purges":1,"victory":false,"max_hp_per_floor":[68,68,68,68,68,68,68,68,68,68,68,68,68,68,68,68,68,68,68,68,68,68],"card_choices":[{"not_picked":["InnerPeace","EmptyBody"],"picked":"BattleHymn","floor":1},{"not_picked":["Sanctity","JustLucky"],"picked":"WheelKick","floor":7},{"not_picked":["Adaptation","PathToVictory"],"picked":"Halt","floor":10},{"not_picked":["FollowUp","ReachHeaven"],"picked":"SashWhip","floor":11},{"not_picked":["Wallop","CutThroughFate"],"picked":"Evaluate","floor":13},{"not_picked":["CutThroughFate","ReachHeaven"],"picked":"Crescendo","floor":14},{"not_picked":["Alpha","DevaForm"],"picked":"Scrawl","floor":16},{"not_picked":["Evaluate","Weave","Crescendo"],"picked":"SKIP","floor":18},{"not_picked":["Halt","LikeWater","CarveReality"],"picked":"SKIP","floor":20},{"not_picked":["FearNoEvil","Evaluate"],"picked":"Perseverance+1","floor":21}],"player_experience":1575293,"relics_obtained":[{"floor":7,"key":"Nunchaku"},{"floor":9,"key":"Eternal Feather"},{"floor":11,"key":"Happy Flower"},{"floor":14,"key":"Bottled Tornado"}],"event_choices":[{"cards_removed":["Strike_P"],"damage_healed":0,"gold_gain":0,"player_choice":"Card Removal","damage_taken":7,"max_hp_gain":0,"max_hp_loss":0,"event_name":"Golden Wing","floor":2,"gold_loss":0},{"damage_healed":0,"gold_gain":0,"player_choice":"Success","damage_taken":11,"relics_obtained":["StrikeDummy"],"max_hp_gain":0,"max_hp_loss":0,"event_name":"Scrap Ooze","floor":4,"gold_loss":0},{"damage_healed":0,"gold_gain":150,"player_choice":"AGREE","damage_taken":0,"max_hp_gain":0,"max_hp_loss":0,"event_name":"Liars Game","floor":5,"gold_loss":0,"cards_obtained":["Doubt"]},{"damage_healed":0,"gold_gain":0,"cards_transformed":["Defend_P"],"player_choice":"Transformed","damage_taken":0,"max_hp_gain":0,"max_hp_loss":0,"event_name":"Transmorgrifier","floor":19,"gold_loss":0,"cards_obtained":["Crescendo"]}],"is_beta":false,"boss_relics":[{"not_picked":["SlaversCollar","Busted Crown"],"picked":"Black Star"}],"items_purged_floors":[12],"is_endless":false,"potions_floor_spawned":[1,11,14,20],"killed_by":"Snecko","ascension_level":19}