{"gold_per_floor":[116,133,153,153,79,123,175,175,202,220,249,249,249,268,268,352,352,376,376,355,189,198,198],"floor_reached":23,"playtime":766,"items_purged":[],"score":372,"play_id":"b5503000-4a72-4bd2-9575-f11e9499baeb","local_time":"20210818162516","is_ascension_mode":true,"campfire_choices":[{"floor":8,"key":"REST"},{"floor":13,"key":"REST"},{"floor":15,"key":"REST"}],"neow_cost":"NONE","seed_source_timestamp":256348682050200,"circlet_count":0,"master_deck":["AscendersBane","Strike_P+1","Strike_P","Strike_P","Strike_P+1","Defend_P+1","Defend_P+1","Defend_P","Defend_P","Eruption","Vigilance","Evaluate","MentalFortress","SandsOfTime+1","LikeWater","EmptyFist","Devotion+1","FlurryOfBlows","LessonLearned","EmptyBody","Protect","Writhe"],"relics":["PureWater","NeowsBlessing","CeramicFish","Juzu Bracelet","MealTicket","Runic Pyramid","PrismaticShard","War Paint"],"potions_floor_usage":[6,10,11,14],"damage_taken":[{"damage":0,"enemies":"Cultist","floor":1,"turns":1},{"damage":0,"enemies":"Jaw Worm","floor":2,"turns":1},{"damage":0,"enemies":"2 Louse","floor":3,"turns":1},{"damage":48,"enemies":"3 Sentries","floor":6,"turns":10},{"damage":3,"enemies":"Large Slime","floor":10,"turns":3},{"damage":4,"enemies":"Exordium Wildlife","floor":11,"turns":5},{"damage":0,"enemies":"Red Slaver","floor":14,"turns":3},{"damage":36,"enemies":"The Guardian","floor":16,"turns":11},{"damage":43,"enemies":"3 Byrds","floor":18,"turns":8},{"damage":22,"enemies":"2 Thieves","floor":20,"turns":5},{"damage":18,"enemies":"Snake Plant","floor":23,"turns":4}],"seed_played":"7452418126466940579","potions_obtained":[{"floor":4,"key":"LiquidBronze"},{"floor":4,"key":"FearPotion"},{"floor":6,"key":"Explosive Potion"},{"floor":10,"key":"Weak Potion"}],"is_trial":false,"path_per_floor":["M","M","M","?","$","E","T","R","T","M","M","?","R","M","R","B",null,"M","?","M","$","?","M"],"character_chosen":"WATCHER","items_purchased":["LikeWater","PrismaticShard"],"campfire_rested":3,"item_purchase_floors":[5,21],"current_hp_per_floor":[61,61,61,61,61,13,13,33,33,30,26,6,26,26,46,10,54,11,25,3,18,18,0],"gold":198,"neow_bonus":"THREE_ENEMY_KILL","is_prod":false,"is_daily":false,"chose_seed":false,"campfire_upgraded":0,"win_rate":0,"timestamp":1629296716,"path_taken":["M","?","M","?","?","E","?","R","T","M","M","?","R","M","R","BOSS","M","?","M","$","?","M"],"build_version":"2020-12-22","purchased_purges":0,"victory":false,"max_hp_per_floor":[68,68,68,68,68,68,68,68,68,68,68,68,68,68,68,68,68,68,68,68,68,68,68],"card_choices":[{"not_picked":["JustLucky","Crescendo"],"picked":"Evaluate","floor":1},{"not_picked":["JustLucky","Meditate"],"picked":"MentalFortress","floor":2},{"not_picked":["Protect","Evaluate"],"picked":"SandsOfTime","floor":3},{"not_picked":["Indignation","Evaluate"],"picked":"EmptyFist","floor":6},{"not_picked":["EmptyFist","ThirdEye","FlyingSleeves"],"picked":"SKIP","floor":10},{"not_picked":["Consecrate","Protect"],"picked":"Devotion","floor":11},{"not_picked":["Wireheading","FlyingSleeves"],"picked":"FlurryOfBlows","floor":14},{"not_picked":["DevaForm","Alpha"],"picked":"LessonLearned","floor":16},{"not_picked":["FollowUp","SashWhip+1"],"picked":"EmptyBody","floor":18},{"not_picked":["Consecrate","FollowUp+1"],"picked":"Protect","floor":20}],"player_experience":1568763,"relics_obtained":[{"floor":6,"key":"CeramicFish"},{"floor":7,"key":"Juzu Bracelet"},{"floor":9,"key":"MealTicket"}],"event_choices":[{"damage_healed":0,"gold_gain":0,"player_choice":"Got Potions","damage_taken":0,"max_hp_gain":0,"max_hp_loss":0,"event_name":"Lab","floor":4,"gold_loss":0},{"damage_healed":0,"gold_gain":0,"player_choice":"Entered Light","damage_taken":20,"max_hp_gain":0,"max_hp_loss":0,"event_name":"Shining Light","floor":12,"gold_loss":0,"cards_upgraded":["Strike_P","Devotion"]},{"damage_healed":14,"gold_gain":0,"player_choice":"Heal","damage_taken":0,"max_hp_gain":0,"max_hp_loss":0,"event_name":"The Library","floor":19,"gold_loss":0},{"damage_healed":0,"gold_gain":0,"player_choice":"Opened","damage_taken":0,"relics_obtained":["War Paint"],"max_hp_gain":0,"max_hp_loss":0,"event_name":"The Mausoleum","floor":22,"gold_loss":0,"cards_obtained":["Writhe"]}],"is_beta":false,"boss_relics":[{"not_picked":["Snecko Eye","Cursed Key"],"picked":"Runic Pyramid"}],"items_purged_floors":[],"is_endless":false,"potions_floor_spawned":[6,10],"killed_by":"Snake Plant","ascension_level":19}