{"gold_per_floor":[119,119,137,137,137,172,10,10,10,20,20],"floor_reached":11,"playtime":297,"items_purged":[],"score":138,"play_id":"eeddc112-71ac-4486-ba94-cf260a716548","local_time":"20210818163854","is_ascension_mode":true,"campfire_choices":[],"neow_cost":"TEN_PERCENT_HP_LOSS","seed_source_timestamp":257636186568000,"circlet_count":0,"master_deck":["AscendersBane","Strike_P","Strike_P","Strike_P","Strike_P","Defend_P","Defend_P","Defend_P","Defend_P","Eruption","Vigilance","Apotheosis+1","ForeignInfluence","WaveOfTheHand","Protect","SpiritShield"],"relics":["PureWater","CultistMask","Potion Belt","Tiny Chest","Blood Vial"],"potions_floor_usage":[6,11],"damage_taken":[{"damage":12,"enemies":"Jaw Worm","floor":1,"turns":2},{"damage":0,"enemies":"Cultist","floor":3,"turns":3},{"damage":2,"enemies":"3 Sentries","floor":6,"turns":6},{"damage":0,"enemies":"2 Louse","floor":10,"turns":2},{"damage":93,"enemies":"Gremlin Nob","floor":11,"turns":7}],"seed_played":"435582933504334975","potions_obtained":[{"floor":3,"key":"AttackPotion"},{"floor":10,"key":"DuplicationPotion"}],"is_trial":false,"path_per_floor":["M","?","M","$","?","E","$","?","T","M","E"],"character_chosen":"WATCHER","items_purchased":["Tiny Chest"],"campfire_rested":0,"item_purchase_floors":[7],"current_hp_per_floor":[49,49,49,49,54,52,52,52,52,54,0],"gold":20,"neow_bonus":"RANDOM_COLORLESS_2","is_prod":false,"is_daily":false,"chose_seed":false,"campfire_upgraded":0,"win_rate":0,"timestamp":1629297534,"path_taken":["M","?","?","$","?","E","?","?","T","?","E"],"build_version":"2020-12-22","purchased_purges":0,"victory":false,"max_hp_per_floor":[62,62,62,62,67,67,67,67,67,67,67],"card_choices":[{"not_picked":["Violence","Mayhem"],"picked":"Apotheosis","floor":0},{"not_picked":["BowlingBash","ReachHeaven"],"picked":"ForeignInfluence","floor":1},{"not_picked":["PathToVictory","ClearTheMind"],"picked":"WaveOfTheHand","floor":3},{"not_picked":["JustLucky","EmptyFist"],"picked":"Protect","floor":6},{"not_picked":["FlyingSleeves","DeceiveReality"],"picked":"SpiritShield","floor":10}],"player_experience":1569989,"relics_obtained":[{"floor":6,"key":"Potion Belt"},{"floor":9,"key":"Blood Vial"}],"event_choices":[{"damage_healed":0,"gold_gain":0,"player_choice":"Trade","damage_taken":0,"relics_obtained":["CultistMask"],"max_hp_gain":0,"max_hp_loss":0,"event_name":"FaceTrader","floor":2,"gold_loss":0},{"damage_healed":0,"gold_gain":0,"player_choice":"Donut","damage_taken":0,"max_hp_gain":5,"max_hp_loss":0,"event_name":"Big Fish","floor":5,"gold_loss":0},{"damage_healed":0,"gold_gain":0,"player_choice":"Upgraded","damage_taken":0,"max_hp_gain":0,"max_hp_loss":0,"event_name":"Upgrade Shrine","floor":8,"gold_loss":0,"cards_upgraded":["Apotheosis"]}],"is_beta":false,"boss_relics":[],"items_purged_floors":[],"is_endless":false,"potions_floor_spawned":[3,10],"killed_by":"Gremlin Nob","ascension_level":19}