{"gold_per_floor":[362,113,113,132,146,146,177,196,196,230,230,59,59,71,71,145,145,162,175,175,6,6,6,37,77,77,102,112,122,122],"floor_reached":30,"playtime":1708,"items_purged":[],"score":595,"play_id":"8a56a3bc-f90a-463c-ae7f-9211ed9e3ea4","local_time":"20210820231156","is_ascension_mode":true,"campfire_choices":[{"data":"Eruption","floor":6,"key":"SMITH"},{"floor":11,"key":"REST"},{"data":"Wish","floor":13,"key":"SMITH"},{"data":"LikeWater","floor":15,"key":"SMITH"},{"floor":23,"key":"REST"}],"neow_cost":"TEN_PERCENT_HP_LOSS","seed_source_timestamp":95379268512700,"circlet_count":0,"master_deck":["AscendersBane","Strike_P+1","Strike_P+1","Strike_P+1","Strike_P+1","Defend_P+1","Defend_P+1","Defend_P+1","Defend_P+1","Eruption+1","Vigilance","BowlingBash","Panache+1","FlurryOfBlows","LikeWater+1","EmptyFist","FollowUp","Wish+1","ClearTheMind","DeusExMachina","CutThroughFate","Collect","Alpha","FlurryOfBlows","Blasphemy","Sanctity"],"relics":["PureWater","TeardropLocket","Bottled Tornado","HornCleat","HandDrill","SlaversCollar","MutagenicStrength","Chemical X","Centennial Puzzle","Bottled Lightning","Eternal Feather"],"potions_floor_usage":[18,24,25],"damage_taken":[{"damage":7,"enemies":"Jaw Worm","floor":1,"turns":6},{"damage":2,"enemies":"Cultist","floor":4,"turns":3},{"damage":10,"enemies":"Small Slimes","floor":5,"turns":3},{"damage":5,"enemies":"3 Sentries","floor":7,"turns":3},{"damage":7,"enemies":"3 Louse","floor":8,"turns":3},{"damage":8,"enemies":"Gremlin Nob","floor":10,"turns":3},{"damage":1,"enemies":"2 Fungi Beasts","floor":14,"turns":2},{"damage":26,"enemies":"The Guardian","floor":16,"turns":12},{"damage":13,"enemies":"Shell Parasite","floor":18,"turns":3},{"damage":0,"enemies":"3 Byrds","floor":19,"turns":2},{"damage":19,"enemies":"Book of Stabbing","floor":24,"turns":4},{"damage":18,"enemies":"Cultist and Chosen","floor":25,"turns":6},{"damage":0,"enemies":"Gremlin Leader","floor":27,"turns":3},{"damage":3,"enemies":"Sentry and Sphere","floor":28,"turns":4},{"damage":11,"enemies":"Snake Plant","floor":29,"turns":4},{"damage":6,"enemies":"Book of Stabbing","floor":30,"turns":1}],"seed_played":"9002793706341941881","potions_obtained":[{"floor":8,"key":"BottledMiracle"},{"floor":10,"key":"BottledMiracle"},{"floor":18,"key":"SteroidPotion"},{"floor":24,"key":"Weak Potion"}],"is_trial":false,"path_per_floor":["M","$","?","M","M","R","E","M","T","E","R","$","R","M","R","B",null,"M","M","?","$","?","R","E","M","T","E","M","M","E"],"character_chosen":"WATCHER","items_purchased":["Panache","FlurryOfBlows","HandDrill","Chemical X"],"campfire_rested":2,"item_purchase_floors":[2,2,12,21],"current_hp_per_floor":[54,54,54,52,42,42,37,30,30,22,40,40,40,39,39,13,50,37,37,37,37,37,55,36,18,18,18,15,4,0],"gold":122,"neow_bonus":"TWO_FIFTY_GOLD","is_prod":false,"is_daily":false,"chose_seed":false,"campfire_upgraded":3,"win_rate":0,"timestamp":1629493916,"path_taken":["M","$","?","M","M","R","E","?","T","E","R","$","R","M","R","BOSS","M","M","?","$","?","R","E","M","T","E","M","M","E"],"build_version":"2020-12-22","purchased_purges":0,"victory":false,"max_hp_per_floor":[62,62,62,62,62,62,62,62,62,62,62,62,62,62,62,62,62,62,62,62,62,62,62,62,62,62,62,62,62,62],"card_choices":[{"not_picked":["SashWhip","CrushJoints"],"picked":"BowlingBash","floor":1},{"not_picked":["Protect","CrushJoints"],"picked":"LikeWater","floor":4},{"not_picked":["Wireheading","Wish"],"picked":"EmptyFist","floor":5},{"not_picked":["BowlingBash","TalkToTheHand","Conclude"],"picked":"SKIP","floor":7},{"not_picked":["ClearTheMind","JustLucky"],"picked":"FollowUp","floor":8},{"not_picked":["BowlingBash","EmptyFist"],"picked":"Wish","floor":10},{"not_picked":["CutThroughFate","CarveReality"],"picked":"ClearTheMind","floor":14},{"not_picked":["DevaForm","Devotion"],"picked":"DeusExMachina","floor":16},{"not_picked":["Protect","Weave"],"picked":"CutThroughFate","floor":18},{"not_picked":["Halt","JustLucky"],"picked":"Collect","floor":19},{"not_picked":["JustLucky+1","BowlingBash"],"picked":"Alpha","floor":24},{"not_picked":["Prostrate+1","EmptyBody"],"picked":"FlurryOfBlows","floor":25},{"not_picked":["FlyingSleeves","Nirvana"],"picked":"Blasphemy","floor":27},{"not_picked":["FlyingSleeves+1","WaveOfTheHand","Crescendo"],"picked":"SKIP","floor":28},{"not_picked":["FollowUp","Meditate"],"picked":"Sanctity","floor":29}],"player_experience":1572270,"relics_obtained":[{"floor":7,"key":"TeardropLocket"},{"floor":9,"key":"Bottled Tornado"},{"floor":10,"key":"HornCleat"},{"floor":24,"key":"Centennial Puzzle"},{"floor":26,"key":"Bottled Lightning"},{"floor":27,"key":"Eternal Feather"}],"event_choices":[{"damage_healed":0,"gold_gain":0,"player_choice":"Upgraded","damage_taken":0,"max_hp_gain":0,"max_hp_loss":0,"event_name":"Upgrade Shrine","floor":3,"gold_loss":0,"cards_upgraded":["Panache"]},{"damage_healed":0,"gold_gain":0,"player_choice":"Inject Mutagens","damage_taken":0,"relics_obtained":["MutagenicStrength"],"max_hp_gain":0,"max_hp_loss":0,"event_name":"Drug Dealer","floor":20,"gold_loss":0},{"damage_healed":0,"gold_gain":0,"player_choice":"Simplicity","damage_taken":0,"max_hp_gain":0,"max_hp_loss":0,"event_name":"Back to Basics","floor":22,"gold_loss":0,"cards_upgraded":["Strike_P","Strike_P","Strike_P","Strike_P","Defend_P","Defend_P","Defend_P","Defend_P"]}],"is_beta":false,"boss_relics":[{"not_picked":["Snecko Eye","Astrolabe"],"picked":"SlaversCollar"}],"items_purged_floors":[],"is_endless":false,"potions_floor_spawned":[8,10,16,18,19,24],"killed_by":"Book of Stabbing","ascension_level":19}