{"gold_per_floor":[110,130,130,280,298,329,329,329],"floor_reached":8,"playtime":264,"items_purged":[],"score":109,"play_id":"789db75b-92b5-4a14-8abb-1aba163835e2","local_time":"20210821160213","is_ascension_mode":true,"campfire_choices":[{"floor":7,"key":"REST"}],"neow_cost":"NONE","seed_source_timestamp":17417466069999,"circlet_count":0,"master_deck":["AscendersBane","Strike_P","Strike_P","Strike_P","Defend_P","Defend_P","Defend_P","Defend_P","Eruption","Vigilance","ReachHeaven","Consecrate","Wallop","Vault","Doubt","Pray"],"relics":["PureWater","Frozen Egg 2"],"potions_floor_usage":[8],"damage_taken":[{"damage":0,"enemies":"2 Louse","floor":1,"turns":2},{"damage":0,"enemies":"Jaw Worm","floor":2,"turns":3},{"damage":0,"enemies":"Small Slimes","floor":5,"turns":2},{"damage":44,"enemies":"3 Sentries","floor":6,"turns":8},{"damage":57,"enemies":"Gremlin Nob","floor":8,"turns":4}],"seed_played":"-4217451978590208999","potions_obtained":[{"floor":2,"key":"Ancient Potion"},{"floor":5,"key":"FearPotion"}],"is_trial":false,"path_per_floor":["M","M","?","?","M","E","R","E"],"character_chosen":"WATCHER","items_purchased":[],"campfire_rested":1,"item_purchase_floors":[],"current_hp_per_floor":[61,61,61,61,61,17,37,0],"gold":329,"neow_bonus":"THREE_CARDS","is_prod":false,"is_daily":false,"chose_seed":false,"campfire_upgraded":0,"win_rate":0,"timestamp":1629554533,"path_taken":["M","M","?","?","?","E","R","E"],"build_version":"2020-12-22","purchased_purges":0,"victory":false,"max_hp_per_floor":[68,68,68,68,68,68,68,68],"card_choices":[{"not_picked":["FlurryOfBlows","Crescendo"],"picked":"ReachHeaven","floor":0},{"not_picked":["Crescendo","BowlingBash"],"picked":"Consecrate","floor":1},{"not_picked":["Crescendo","PathToVictory"],"picked":"Wallop","floor":2},{"not_picked":["CrushJoints","Fasting2","BowlingBash"],"picked":"SKIP","floor":5},{"not_picked":["Consecrate","Vengeance"],"picked":"Pray","floor":6}],"player_experience":1575029,"relics_obtained":[{"floor":6,"key":"Frozen Egg 2"}],"event_choices":[{"damage_healed":0,"gold_gain":0,"cards_transformed":["Strike_P"],"player_choice":"Change","damage_taken":0,"max_hp_gain":0,"max_hp_loss":0,"event_name":"Living Wall","floor":3,"gold_loss":0,"cards_obtained":["Vault"]},{"damage_healed":0,"gold_gain":150,"player_choice":"AGREE","damage_taken":0,"max_hp_gain":0,"max_hp_loss":0,"event_name":"Liars Game","floor":4,"gold_loss":0,"cards_obtained":["Doubt"]}],"is_beta":false,"boss_relics":[],"items_purged_floors":[],"is_endless":false,"potions_floor_spawned":[2,5],"killed_by":"Gremlin Nob","ascension_level":19}