{"gold_per_floor":[115,134,134,134,49,49,78,78,156,169,189,189,219,253,253,330,330,346,346,364,376,376,376,376],"floor_reached":24,"playtime":906,"items_purged":[],"score":447,"play_id":"d1e62417-24bc-4eb7-ac4a-632a16213d5d","local_time":"20210817092605","is_ascension_mode":true,"campfire_choices":[{"data":"Ragnarok","floor":6,"key":"SMITH"},{"data":"WreathOfFlame","floor":8,"key":"SMITH"},{"data":"Crescendo","floor":12,"key":"SMITH"},{"floor":15,"key":"REST"},{"floor":23,"key":"REST"}],"neow_cost":"NONE","seed_source_timestamp":144657291900800,"circlet_count":0,"master_deck":["AscendersBane","Strike_P+1","Strike_P","Strike_P","Defend_P","Defend_P","Defend_P+1","Defend_P","Eruption","Vigilance","Ragnarok+1","Prostrate","Vault","Weave","WreathOfFlame+1","Evaluate","Nirvana","Crescendo+1","Protect","ThirdEye","Wish","Meditate"],"relics":["PureWater","Potion Belt","Pear","Dream Catcher","Unceasing Top","Busted Crown","MutagenicStrength"],"potions_floor_usage":[14,16,20,24],"damage_taken":[{"damage":2,"enemies":"Jaw Worm","floor":1,"turns":3},{"damage":0,"enemies":"Small Slimes","floor":2,"turns":2},{"damage":0,"enemies":"Lagavulin","floor":7,"turns":4},{"damage":0,"enemies":"2 Louse","floor":10,"turns":2},{"damage":0,"enemies":"Exordium Wildlife","floor":11,"turns":3},{"damage":26,"enemies":"Gremlin Nob","floor":14,"turns":5},{"damage":15,"enemies":"The Guardian","floor":16,"turns":7},{"damage":0,"enemies":"Chosen","floor":18,"turns":2},{"damage":3,"enemies":"Shell Parasite","floor":20,"turns":3},{"damage":32,"enemies":"Shelled Parasite and Fungi","floor":21,"turns":7},{"damage":57,"enemies":"Gremlin Leader","floor":24,"turns":4}],"seed_played":"7936293045625685019","potions_obtained":[{"floor":10,"key":"PowerPotion"},{"floor":11,"key":"SpeedPotion"},{"floor":16,"key":"EssenceOfSteel"},{"floor":20,"key":"EssenceOfSteel"},{"floor":21,"key":"Energy Potion"}],"is_trial":false,"path_per_floor":["M","M","?","?","$","R","E","R","T","M","M","R","?","E","R","B",null,"M","?","M","M","?","R","E"],"character_chosen":"WATCHER","items_purchased":["WreathOfFlame"],"campfire_rested":2,"item_purchase_floors":[5],"current_hp_per_floor":[59,59,59,39,39,39,39,39,49,49,49,49,49,23,46,31,66,66,66,63,31,31,54,0],"gold":376,"neow_bonus":"ONE_RANDOM_RARE_CARD","is_prod":false,"is_daily":false,"chose_seed":false,"campfire_upgraded":3,"win_rate":0,"timestamp":1629185165,"path_taken":["M","M","?","?","$","R","E","R","T","M","?","R","?","E","R","BOSS","M","?","M","M","?","R","E"],"build_version":"2020-12-22","purchased_purges":0,"victory":false,"max_hp_per_floor":[68,68,68,68,68,68,68,68,78,78,78,78,78,78,78,78,78,78,78,78,78,78,78,78],"card_choices":[{"not_picked":["ThirdEye","ClearTheMind"],"picked":"Prostrate","floor":1},{"not_picked":["Prostrate","Evaluate"],"picked":"Vault","floor":2},{"not_picked":["CrushJoints","ClearTheMind"],"picked":"Evaluate","floor":7},{"not_picked":["Protect","BattleHymn"],"picked":"Nirvana","floor":10},{"not_picked":["Conclude","ClearTheMind"],"picked":"Crescendo","floor":11},{"not_picked":["SpiritShield","ForeignInfluence"],"picked":"Protect","floor":14},{"not_picked":["BowlingBash","FollowUp"],"picked":"ThirdEye","floor":15},{"not_picked":["Brilliance","SpiritShield"],"picked":"Wish","floor":16},{"not_picked":["Consecrate"],"picked":"SKIP","floor":18},{"not_picked":[],"picked":"Meditate","floor":20},{"not_picked":["Evaluate"],"picked":"SKIP","floor":21}],"player_experience":1567011,"relics_obtained":[{"floor":7,"key":"Potion Belt"},{"floor":9,"key":"Pear"},{"floor":14,"key":"Unceasing Top"}],"event_choices":[{"damage_healed":0,"gold_gain":0,"cards_transformed":["Strike_P"],"player_choice":"Change","damage_taken":0,"max_hp_gain":0,"max_hp_loss":0,"event_name":"Living Wall","floor":3,"gold_loss":0,"cards_obtained":["Weave"]},{"damage_healed":0,"gold_gain":0,"player_choice":"Entered Light","damage_taken":20,"max_hp_gain":0,"max_hp_loss":0,"event_name":"Shining Light","floor":4,"gold_loss":0,"cards_upgraded":["Strike_P","Defend_P"]},{"damage_healed":0,"gold_gain":30,"player_choice":"Searched \u00272\u0027 times","damage_taken":0,"relics_obtained":["Dream Catcher"],"max_hp_gain":0,"max_hp_loss":0,"event_name":"Dead Adventurer","floor":13,"gold_loss":0},{"damage_healed":0,"gold_gain":0,"player_choice":"Inject Mutagens","damage_taken":0,"relics_obtained":["MutagenicStrength"],"max_hp_gain":0,"max_hp_loss":0,"event_name":"Drug Dealer","floor":19,"gold_loss":0},{"damage_healed":0,"gold_gain":0,"player_choice":"Ignored","damage_taken":0,"max_hp_gain":0,"max_hp_loss":0,"event_name":"Vampires","floor":22,"gold_loss":0}],"is_beta":false,"boss_relics":[{"not_picked":["Calling Bell","Cursed Key"],"picked":"Busted Crown"}],"items_purged_floors":[],"is_endless":false,"potions_floor_spawned":[10,11,16,20,21],"killed_by":"Gremlin Leader","ascension_level":19}