{"gold_per_floor":[111,31,55,55,55,55,71,71,71,71,105,119,119,133,133,209,209,220,220,220,220,180],"floor_reached":22,"playtime":554,"items_purged":[],"score":449,"play_id":"ce1e7d77-b894-4f23-9225-a78498a8f4da","local_time":"20210901214945","is_ascension_mode":true,"campfire_choices":[{"data":"Eruption","floor":6,"key":"SMITH"},{"data":"WindmillStrike","floor":8,"key":"SMITH"},{"data":"Worship","floor":15,"key":"SMITH"}],"neow_cost":"NONE","seed_source_timestamp":136125964840300,"circlet_count":0,"master_deck":["AscendersBane","Strike_P","Strike_P","Strike_P","Strike_P","Defend_P+1","Defend_P","Defend_P","Defend_P","Eruption+1","Vigilance","WreathOfFlame+1","Worship+1","WindmillStrike+1","Meditate","Protect+1","Establishment","Decay","Worship+1"],"relics":["PureWater","NeowsBlessing","Orichalcum","Sundial","Matryoshka","Kunai","VioletLotus","Enchiridion"],"potions_floor_usage":[],"damage_taken":[{"damage":0,"enemies":"Cultist","floor":1,"turns":1},{"damage":0,"enemies":"Small Slimes","floor":7,"turns":1},{"damage":0,"enemies":"3 Sentries","floor":11,"turns":2},{"damage":6,"enemies":"Jaw Worm","floor":12,"turns":5},{"damage":16,"enemies":"Exordium Wildlife","floor":14,"turns":4},{"damage":5,"enemies":"Hexaghost","floor":16,"turns":9},{"damage":25,"enemies":"Shell Parasite","floor":18,"turns":5},{"damage":14,"enemies":"2 Thieves","floor":22,"turns":1}],"seed_played":"-3510961042446520760","potions_obtained":[{"floor":7,"key":"Energy Potion"},{"floor":12,"key":"FearPotion"}],"is_trial":false,"path_per_floor":["M","$","T","?","$","R","M","R","T","T","E","M","?","M","R","B",null,"M","?","?","?","M"],"character_chosen":"WATCHER","items_purchased":["Worship"],"campfire_rested":0,"item_purchase_floors":[2],"current_hp_per_floor":[61,61,61,61,61,61,61,61,61,61,61,55,35,19,19,14,55,30,9,9,9,0],"gold":180,"neow_bonus":"THREE_ENEMY_KILL","is_prod":false,"is_daily":false,"chose_seed":false,"campfire_upgraded":3,"win_rate":0,"timestamp":1630525785,"path_taken":["M","$","?","?","?","R","?","R","T","?","E","M","?","?","R","BOSS","M","?","?","?","?"],"build_version":"2020-12-22","purchased_purges":0,"victory":false,"max_hp_per_floor":[68,68,68,68,68,68,68,68,68,68,68,68,68,68,68,68,68,68,68,68,68,68],"card_choices":[{"not_picked":["CutThroughFate","CarveReality"],"picked":"WreathOfFlame","floor":1},{"not_picked":["Vengeance","ForeignInfluence"],"picked":"WindmillStrike","floor":7},{"not_picked":["EmptyBody","Wallop"],"picked":"Meditate","floor":11},{"not_picked":["Halt","BattleHymn"],"picked":"Protect","floor":12},{"not_picked":["Vengeance","JustLucky","Sanctity"],"picked":"SKIP","floor":14},{"not_picked":["Vault","Judgement"],"picked":"Establishment","floor":16},{"not_picked":["CrushJoints","Protect","ClearTheMind"],"picked":"SKIP","floor":18}],"player_experience":1598566,"relics_obtained":[{"floor":3,"key":"Orichalcum"},{"floor":9,"key":"Sundial"},{"floor":10,"key":"Matryoshka"},{"floor":11,"key":"Kunai"},{"floor":19,"key":"Enchiridion"}],"event_choices":[{"damage_healed":0,"gold_gain":0,"player_choice":"Grow","damage_taken":0,"max_hp_gain":0,"max_hp_loss":0,"event_name":"Living Wall","floor":4,"gold_loss":0,"cards_upgraded":["WreathOfFlame"]},{"damage_healed":0,"gold_gain":0,"player_choice":"Entered Light","damage_taken":20,"max_hp_gain":0,"max_hp_loss":0,"event_name":"Shining Light","floor":13,"gold_loss":0,"cards_upgraded":["Defend_P","Protect"]},{"damage_healed":0,"gold_gain":0,"player_choice":"Obtained Book","damage_taken":21,"max_hp_gain":0,"max_hp_loss":0,"event_name":"Cursed Tome","floor":19,"gold_loss":0},{"damage_healed":0,"gold_gain":0,"player_choice":"Smashed Altar","damage_taken":0,"max_hp_gain":0,"max_hp_loss":0,"event_name":"Forgotten Altar","floor":20,"gold_loss":0,"cards_obtained":["Decay"]},{"damage_healed":0,"gold_gain":0,"player_choice":"Copied","damage_taken":0,"max_hp_gain":0,"max_hp_loss":0,"event_name":"Duplicator","floor":21,"gold_loss":0,"cards_obtained":["Worship"]}],"is_beta":false,"boss_relics":[{"not_picked":["SlaversCollar","Sozu"],"picked":"VioletLotus"}],"items_purged_floors":[],"is_endless":false,"potions_floor_spawned":[7,12,14],"killed_by":"2 Thieves","ascension_level":19}