{"gold_per_floor":[115,134,151,151,168,168,194,194,194,194,211,211,237,254,254,330,330,350,74,74,94,107,142,142],"floor_reached":24,"playtime":782,"items_purged":[],"score":542,"play_id":"c2329b4e-58e4-4406-a0cc-32eea0b89c25","local_time":"20210829001739","is_ascension_mode":true,"campfire_choices":[{"data":"Prostrate","floor":6.0,"key":"SMITH"},{"data":"ForeignInfluence","floor":10.0,"key":"SMITH"},{"floor":15.0,"key":"REST"}],"neow_cost":"NONE","seed_source_timestamp":313330617099500,"circlet_count":0,"master_deck":["AscendersBane","Strike_P","Strike_P","Defend_P","Defend_P+1","Defend_P","Eruption+1","Vigilance","Collect+1","Scrawl+1","Brilliance+1","ForeignInfluence+1","Prostrate+1","Halt","FollowUp","FlyingSleeves+1","Consecrate","InnerPeace","Blasphemy","Pray","Conclude"],"special_seed":0,"relics":["Astrolabe","Kunai","Shuriken","Pantograph","Black Star","Nunchaku","CeramicFish","Frozen Egg 2"],"potions_floor_usage":[24],"damage_taken":[{"damage":0.0,"enemies":"Cultist","floor":1.0,"turns":3.0},{"damage":0.0,"enemies":"Jaw Worm","floor":2.0,"turns":3.0},{"damage":0.0,"enemies":"2 Louse","floor":3.0,"turns":2.0},{"damage":1.0,"enemies":"Red Slaver","floor":5.0,"turns":2.0},{"damage":0.0,"enemies":"Lagavulin","floor":7.0,"turns":4.0},{"damage":4.0,"enemies":"Gremlin Gang","floor":11.0,"turns":2.0},{"damage":14.0,"enemies":"Gremlin Nob","floor":13.0,"turns":3.0},{"damage":6.0,"enemies":"Blue Slaver","floor":14.0,"turns":2.0},{"damage":29.0,"enemies":"The Guardian","floor":16.0,"turns":8.0},{"damage":0.0,"enemies":"Shell Parasite","floor":18.0,"turns":1.0},{"damage":24.0,"enemies":"2 Thieves","floor":21.0,"turns":3.0},{"damage":32,"enemies":"Snecko","floor":22,"turns":6},{"damage":0,"enemies":"Gremlin Leader","floor":23,"turns":2},{"damage":9,"enemies":"Snake Plant","floor":24,"turns":1}],"seed_played":"8690952099953953040","potions_obtained":[{"floor":1.0,"key":"Fire Potion"},{"floor":2.0,"key":"ColorlessPotion"},{"floor":13.0,"key":"GamblersBrew"},{"floor":16.0,"key":"SteroidPotion"},{"floor":22,"key":"Weak Potion"}],"is_trial":false,"path_per_floor":["M","M","M","$","M","R","E","?","T","R","M","?","E","M","R","B",null,"M","$","?","M","M","E","M"],"character_chosen":"WATCHER","items_purchased":["Nunchaku","Fruit Juice"],"campfire_rested":1,"item_purchase_floors":[19,19],"current_hp_per_floor":[61,61,61,61,60,60,60,60,60,60,56,36,22,16,36,32,59,59,64,64,40,8,8,0],"gold":142,"neow_bonus":"BOSS_RELIC","is_prod":false,"is_daily":false,"chose_seed":false,"campfire_upgraded":2,"win_rate":0,"timestamp":1630189059,"path_taken":["M","M","?","$","M","R","E","?","T","R","M","?","E","M","R","BOSS","M","$","?","?","M","E","?"],"build_version":"2020-12-22","purchased_purges":0,"victory":false,"max_hp_per_floor":[68,68,68,68,68,68,68,68,68,68,68,68,68,68,68,68,68,68,73,73,73,73,73,73],"card_choices":[{"not_picked":["TalkToTheHand","Adaptation"],"picked":"ForeignInfluence","floor":1.0},{"not_picked":["Crescendo","WindmillStrike"],"picked":"Prostrate","floor":2.0},{"not_picked":["SandsOfTime","CrushJoints","Fasting2"],"picked":"SKIP","floor":3.0},{"not_picked":["CutThroughFate","JustLucky"],"picked":"Halt","floor":5.0},{"not_picked":["Omniscience","Weave"],"picked":"FollowUp","floor":7.0},{"not_picked":["EmptyBody","Nirvana"],"picked":"FlyingSleeves","floor":11.0},{"not_picked":["WreathOfFlame","Collect"],"picked":"Consecrate","floor":13.0},{"not_picked":["PathToVictory","Evaluate"],"picked":"InnerPeace","floor":14.0},{"not_picked":["Brilliance","Ragnarok"],"picked":"Blasphemy","floor":16.0},{"not_picked":["EmptyFist","Swivel"],"picked":"Pray","floor":18.0},{"not_picked":["MentalFortress","FlyingSleeves","Evaluate"],"picked":"SKIP","floor":21.0},{"not_picked":["FlyingSleeves+1","Crescendo","EmptyBody"],"picked":"SKIP","floor":22},{"not_picked":["ThirdEye","FollowUp"],"picked":"Conclude","floor":23}],"player_experience":1589330,"relics_obtained":[{"floor":7.0,"key":"Kunai"},{"floor":9.0,"key":"Shuriken"},{"floor":13.0,"key":"Pantograph"},{"floor":23,"key":"CeramicFish"},{"floor":23,"key":"Frozen Egg 2"}],"event_choices":[{"damage_healed":0.0,"max_hp_gain":0.0,"max_hp_loss":0.0,"gold_gain":0.0,"event_name":"Living Wall","player_choice":"Grow","floor":8.0,"gold_loss":0.0,"damage_taken":0.0,"cards_upgraded":["Eruption"]},{"damage_healed":0.0,"max_hp_gain":0.0,"max_hp_loss":0.0,"gold_gain":0.0,"event_name":"Shining Light","player_choice":"Entered Light","floor":12.0,"gold_loss":0.0,"damage_taken":20.0,"cards_upgraded":["Defend_P","FlyingSleeves"]},{"damage_healed":0.0,"max_hp_gain":0.0,"max_hp_loss":0.0,"gold_gain":0.0,"event_name":"Match and Keep!","player_choice":"0 cards matched","floor":20.0,"gold_loss":0.0,"damage_taken":0.0,"cards_obtained":[]}],"is_beta":false,"boss_relics":[{"not_picked":["Sozu","Coffee Dripper"],"picked":"Black Star"}],"items_purged_floors":[],"is_endless":false,"potions_floor_spawned":[1,2,13,16,22,23],"killed_by":"Snake Plant","ascension_level":19}