{"gold_per_floor":[116,116,116,116,41,71,71,109,136,167,317,336,31,45,45,141,204,227,227,227,242,23,23,67,67,67,91,91,91,132,182,182,277,277,293,293],"floor_reached":36,"playtime":1001,"items_purged":["Regret"],"score":905,"play_id":"0a751f2a-b357-4346-a2ef-2b77c0a9f761","local_time":"20210829004636","is_ascension_mode":true,"campfire_choices":[{"data":"LessonLearned","floor":15,"key":"SMITH"},{"floor":23,"key":"REST"},{"data":"Devotion","floor":29,"key":"SMITH"},{"floor":32,"key":"REST"}],"neow_cost":"NONE","seed_source_timestamp":314925118472200,"circlet_count":0,"master_deck":["AscendersBane","Strike_P+1","Strike_P+1","Strike_P+1","Defend_P+1","Defend_P+1","Defend_P+1","Defend_P+1","Eruption+1","Vigilance+1","Consecrate","Brilliance+1","SashWhip+1","Injury","Prostrate","LessonLearned+1","WheelKick","Tantrum","Devotion+1","Prostrate+1","MentalFortress","Brilliance+1","ConjureBlade+1","Perseverance+1","SpiritShield"],"relics":["PureWater","NeowsBlessing","War Paint","Eternal Feather","Golden Idol","Whetstone","Thread and Needle","Membership Card","Gremlin Horn","Tiny House","InkBottle","Oddly Smooth Stone","DollysMirror","Pen Nib","Nloth\u0027s Gift","Pantograph","Bronze Scales","Fusion Hammer"],"potions_floor_usage":[10,14,16,18,22,30,36],"damage_taken":[{"damage":0,"enemies":"Small Slimes","floor":1,"turns":1},{"damage":0,"enemies":"Lagavulin","floor":6,"turns":1},{"damage":0,"enemies":"Gremlin Nob","floor":8,"turns":1},{"damage":1,"enemies":"3 Sentries","floor":10,"turns":8},{"damage":2,"enemies":"2 Louse","floor":12,"turns":2},{"damage":0,"enemies":"Jaw Worm","floor":14,"turns":3},{"damage":18,"enemies":"Slime Boss","floor":16,"turns":5},{"damage":11,"enemies":"Spheric Guardian","floor":18,"turns":4},{"damage":32,"enemies":"3 Byrds","floor":21,"turns":4},{"damage":7,"enemies":"Gremlin Leader","floor":24,"turns":4},{"damage":3,"enemies":"3 Cultists","floor":27,"turns":4},{"damage":42,"enemies":"Book of Stabbing","floor":30,"turns":4},{"damage":20,"enemies":"Champ","floor":33,"turns":10},{"damage":18,"enemies":"Orb Walker","floor":35,"turns":5},{"damage":87,"enemies":"2 Orb Walkers","floor":36,"turns":4}],"seed_played":"8068014192737079485","potions_obtained":[{"floor":6,"key":"Fire Potion"},{"floor":14,"key":"EntropicBrew"},{"floor":16,"key":"BottledMiracle"},{"floor":17,"key":"LiquidMemories"},{"floor":30,"key":"BlessingOfTheForge"},{"floor":33,"key":"SteroidPotion"}],"is_trial":false,"path_per_floor":["M","?","$","?","$","E","?","E","T","E","?","M","$","M","R","B",null,"M","?","?","M","$","R","E","?","T","M","?","R","E","?","R","B",null,"M","?"],"character_chosen":"WATCHER","items_purchased":["Membership Card","Gremlin Horn","Oddly Smooth Stone","Fruit Juice","DollysMirror"],"campfire_rested":2,"item_purchase_floors":[13,13,22,22,22],"current_hp_per_floor":[61,61,61,61,61,61,61,61,61,60,60,58,58,58,67,49,68,57,57,57,25,30,65,58,58,58,55,55,67,25,25,60,58,73,55,0],"gold":293,"neow_bonus":"THREE_ENEMY_KILL","is_prod":false,"is_daily":false,"chose_seed":false,"campfire_upgraded":2,"win_rate":0,"timestamp":1630190796,"path_taken":["M","?","$","?","?","E","?","E","T","E","?","M","$","M","R","BOSS","M","?","?","M","$","R","E","?","T","?","?","R","E","?","R","BOSS","M","?"],"build_version":"2020-12-22","purchased_purges":1,"victory":false,"max_hp_per_floor":[68,68,68,68,68,68,68,68,68,68,68,68,68,68,68,68,73,73,73,73,73,78,78,78,78,78,78,78,78,78,78,78,78,78,78,78],"card_choices":[{"not_picked":["CutThroughFate","FlurryOfBlows"],"picked":"Consecrate","floor":1},{"not_picked":["CutThroughFate","EmptyFist"],"picked":"SashWhip","floor":6},{"not_picked":["EmptyBody","Indignation"],"picked":"Prostrate","floor":8},{"not_picked":["Swivel","Conclude"],"picked":"LessonLearned","floor":10},{"not_picked":["Adaptation","MentalFortress"],"picked":"WheelKick","floor":12},{"not_picked":["BowlingBash","FlurryOfBlows"],"picked":"Tantrum","floor":14},{"not_picked":["ConjureBlade","Scrawl"],"picked":"Devotion","floor":16},{"not_picked":["JustLucky","FlurryOfBlows+1"],"picked":"Prostrate","floor":18},{"not_picked":["Protect","EmptyBody"],"picked":"MentalFortress","floor":21},{"not_picked":["WaveOfTheHand+1","BattleHymn"],"picked":"ConjureBlade","floor":24},{"not_picked":["CarveReality+1","Collect"],"picked":"Perseverance+1","floor":27},{"not_picked":["FlurryOfBlows","Nirvana","Judgement"],"picked":"SKIP","floor":30},{"not_picked":["ConjureBlade","Omniscience"],"picked":"SpiritShield","floor":33},{"not_picked":["TalkToTheHand+1","Crescendo","Nirvana"],"picked":"SKIP","floor":35}],"player_experience":1590820,"relics_obtained":[{"floor":6,"key":"Eternal Feather"},{"floor":8,"key":"Omamori"},{"floor":9,"key":"Whetstone"},{"floor":10,"key":"Thread and Needle"},{"floor":24,"key":"Pen Nib"},{"floor":26,"key":"Pantograph"},{"floor":30,"key":"Bronze Scales"}],"event_choices":[{"damage_healed":0,"gold_gain":0,"cards_transformed":["Strike_P"],"player_choice":"Change","damage_taken":0,"max_hp_gain":0,"max_hp_loss":0,"event_name":"Living Wall","floor":2,"gold_loss":0,"cards_obtained":["Brilliance"]},{"damage_healed":0,"gold_gain":0,"player_choice":"Box","damage_taken":0,"relics_obtained":["War Paint"],"max_hp_gain":0,"max_hp_loss":0,"event_name":"Big Fish","floor":4,"gold_loss":0,"cards_obtained":["Regret"]},{"damage_healed":0,"gold_gain":0,"player_choice":"Take Wound","damage_taken":0,"relics_obtained":["Golden Idol"],"max_hp_gain":0,"max_hp_loss":0,"event_name":"Golden Idol","floor":7,"gold_loss":0,"cards_obtained":["Injury"]},{"damage_healed":0,"gold_gain":150,"player_choice":"AGREE","damage_taken":0,"max_hp_gain":0,"max_hp_loss":0,"event_name":"Liars Game","floor":11,"gold_loss":0,"cards_obtained":["Doubt"]},{"damage_healed":0,"gold_gain":0,"player_choice":"Opened","damage_taken":0,"relics_obtained":["InkBottle"],"max_hp_gain":0,"max_hp_loss":0,"event_name":"The Mausoleum","floor":19,"gold_loss":0,"cards_obtained":["Writhe"]},{"damage_healed":0,"gold_gain":0,"player_choice":"Simplicity","damage_taken":0,"max_hp_gain":0,"max_hp_loss":0,"event_name":"Back to Basics","floor":20,"gold_loss":0,"cards_upgraded":["Strike_P","Strike_P","Strike_P","Defend_P","Defend_P"]},{"damage_healed":0,"gold_gain":0,"player_choice":"Traded Relic","damage_taken":0,"relics_obtained":["Nloth\u0027s Gift"],"max_hp_gain":0,"max_hp_loss":0,"event_name":"N\u0027loth","floor":25,"relics_lost":["Omamori"],"gold_loss":0},{"damage_healed":0,"gold_gain":0,"player_choice":"Ignored","damage_taken":0,"max_hp_gain":0,"max_hp_loss":0,"event_name":"Vampires","floor":28,"gold_loss":0},{"damage_healed":0,"gold_gain":50,"player_choice":"Stole From Cult","damage_taken":0,"max_hp_gain":0,"max_hp_loss":0,"event_name":"Nest","floor":31,"gold_loss":0},{"damage_healed":0,"gold_gain":0,"player_choice":"Fight","damage_taken":0,"max_hp_gain":0,"max_hp_loss":0,"event_name":"Mysterious Sphere","floor":36,"gold_loss":0}],"is_beta":false,"boss_relics":[{"not_picked":["Coffee Dripper","Runic Pyramid"],"picked":"Tiny House"},{"not_picked":["Calling Bell","HolyWater"],"picked":"Fusion Hammer"}],"items_purged_floors":[5],"is_endless":false,"potions_floor_spawned":[6,14,16,30,33],"killed_by":"2 Orb Walkers","ascension_level":19}