{"gold_per_floor":[114,114,89,108,108,142,142,176,176,176,226],"floor_reached":11,"playtime":189,"items_purged":[],"score":203,"play_id":"f85ea469-85fc-4bf4-9777-f3810fcc3757","local_time":"20210904113530","is_ascension_mode":true,"campfire_choices":[{"data":"Eruption","floor":7.0,"key":"SMITH"},{"floor":10,"key":"REST"}],"neow_cost":"NONE","seed_source_timestamp":0,"circlet_count":0,"master_deck":["AscendersBane","Strike_P","Strike_P","Strike_P","Strike_P","Defend_P","Defend_P","Defend_P","Defend_P","Eruption+1","Vigilance","BowlingBash","CrushJoints","ThirdEye","EmptyBody","ForeignInfluence"],"special_seed":0,"relics":["PureWater","NeowsBlessing","Blood Vial","SsserpentHead","Toy Ornithopter","Dream Catcher","Bag of Marbles"],"potions_floor_usage":[],"damage_taken":[{"damage":0.0,"enemies":"Cultist","floor":1.0,"turns":1.0},{"damage":0.0,"enemies":"Jaw Worm","floor":4.0,"turns":1.0},{"damage":0.0,"enemies":"3 Sentries","floor":6.0,"turns":2.0},{"damage":53.0,"enemies":"Gremlin Nob","floor":8.0,"turns":5.0}],"seed_played":"6561781761936120036","potions_obtained":[{"floor":6.0,"key":"CultistPotion"}],"is_trial":false,"path_per_floor":["M","T","$","M","?","E","R","E","T","R","?"],"character_chosen":"WATCHER","items_purchased":["CrushJoints"],"campfire_rested":1,"item_purchase_floors":[3],"current_hp_per_floor":[61,61,61,63,63,65,65,15,15,35,0],"gold":226,"neow_bonus":"THREE_ENEMY_KILL","is_prod":false,"is_daily":false,"chose_seed":false,"campfire_upgraded":1,"win_rate":0,"timestamp":1630748130,"path_taken":["M","?","?","?","?","E","R","E","T","R","?"],"build_version":"2020-12-22","purchased_purges":0,"victory":false,"max_hp_per_floor":[68,68,68,68,68,68,68,68,68,68,68],"card_choices":[{"not_picked":["JustLucky","FlyingSleeves"],"picked":"BowlingBash","floor":1.0},{"not_picked":["Nirvana","Consecrate","CrushJoints"],"picked":"SKIP","floor":4.0},{"not_picked":["CrushJoints","SandsOfTime"],"picked":"ThirdEye","floor":6.0},{"not_picked":["Consecrate","Vengeance"],"picked":"EmptyBody","floor":8},{"not_picked":["FollowUp","SashWhip"],"picked":"ForeignInfluence","floor":10}],"player_experience":1600900,"relics_obtained":[{"floor":2.0,"key":"Blood Vial"},{"floor":6.0,"key":"Toy Ornithopter"},{"floor":8,"key":"Dream Catcher"},{"floor":9,"key":"Bag of Marbles"}],"event_choices":[{"damage_healed":0.0,"max_hp_gain":0.0,"max_hp_loss":0.0,"gold_gain":0.0,"event_name":"FaceTrader","player_choice":"Trade","floor":5.0,"gold_loss":0.0,"damage_taken":0.0,"relics_obtained":["SsserpentHead"]}],"is_beta":false,"boss_relics":[],"items_purged_floors":[],"is_endless":false,"potions_floor_spawned":[6],"ascension_level":19}