{"gold_per_floor":[118,118,138,138,63,105,129,204,228,252,287,287,640,667,667,667],"floor_reached":16,"playtime":422,"items_purged":["Regret"],"score":332,"play_id":"08689dd6-f698-4074-a82b-5238f3f6e26a","local_time":"20210904161105","is_ascension_mode":true,"campfire_choices":[{"floor":15,"key":"REST"}],"neow_cost":"NONE","seed_source_timestamp":9531265781700,"circlet_count":0,"master_deck":["AscendersBane","Strike_P","Strike_P","Strike_P","Defend_P","Defend_P","Defend_P","Defend_P","Eruption","Vigilance","FlurryOfBlows","CrushJoints","Injury","Tantrum","Evaluate","WreathOfFlame","Conclude","Meditate"],"relics":["PureWater","NeowsBlessing","Potion Belt","Golden Idol","CeramicFish","Blood Vial","Anchor","Old Coin"],"potions_floor_usage":[6,7,10,11,13,14],"damage_taken":[{"damage":0,"enemies":"Jaw Worm","floor":1,"turns":1},{"damage":0,"enemies":"2 Louse","floor":3,"turns":1},{"damage":0,"enemies":"Lagavulin","floor":6,"turns":1},{"damage":0,"enemies":"Small Slimes","floor":7,"turns":2},{"damage":4,"enemies":"3 Louse","floor":10,"turns":4},{"damage":0,"enemies":"Gremlin Nob","floor":11,"turns":2},{"damage":11,"enemies":"3 Sentries","floor":13,"turns":8},{"damage":0,"enemies":"Exordium Wildlife","floor":14,"turns":2},{"damage":58,"enemies":"The Guardian","floor":16,"turns":9}],"seed_played":"-3135427048566900163","potions_obtained":[{"floor":6,"key":"EntropicBrew"},{"floor":13,"key":"LiquidMemories"}],"is_trial":false,"path_per_floor":["M","?","M","?","$","E","M","?","T","M","E","?","E","M","R","B"],"character_chosen":"WATCHER","items_purchased":[],"campfire_rested":1,"item_purchase_floors":[],"current_hp_per_floor":[61,61,61,61,61,61,61,50,50,48,50,43,34,36,56,0],"gold":667,"neow_bonus":"THREE_ENEMY_KILL","is_prod":false,"is_daily":false,"chose_seed":false,"campfire_upgraded":0,"win_rate":0,"timestamp":1630764665,"path_taken":["M","?","M","?","$","E","M","?","T","M","E","?","E","M","R","BOSS"],"build_version":"2020-12-22","purchased_purges":1,"victory":false,"max_hp_per_floor":[68,68,68,68,68,68,68,68,68,68,68,68,68,68,68,68],"card_choices":[{"not_picked":["EmptyMind","Swivel"],"picked":"FlurryOfBlows","floor":1},{"not_picked":["FlyingSleeves","Nirvana"],"picked":"CrushJoints","floor":3},{"not_picked":["Wireheading","Meditate"],"picked":"Tantrum","floor":6},{"not_picked":["JustLucky","BowlingBash"],"picked":"Evaluate","floor":7},{"not_picked":["BowlingBash","FollowUp"],"picked":"WreathOfFlame","floor":10},{"not_picked":["SashWhip","Evaluate","Weave"],"picked":"SKIP","floor":11},{"not_picked":["Protect","ThirdEye"],"picked":"Conclude","floor":13},{"not_picked":["SignatureMove","Tantrum"],"picked":"Meditate","floor":14}],"player_experience":1604100,"relics_obtained":[{"floor":6,"key":"CeramicFish"},{"floor":9,"key":"Blood Vial"},{"floor":11,"key":"Anchor"},{"floor":13,"key":"Old Coin"}],"event_choices":[{"damage_healed":0,"gold_gain":0,"player_choice":"Box","damage_taken":0,"relics_obtained":["Potion Belt"],"max_hp_gain":0,"max_hp_loss":0,"event_name":"Big Fish","floor":2,"gold_loss":0,"cards_obtained":["Regret"]},{"damage_healed":0,"gold_gain":0,"player_choice":"Take Wound","damage_taken":0,"relics_obtained":["Golden Idol"],"max_hp_gain":0,"max_hp_loss":0,"event_name":"Golden Idol","floor":4,"gold_loss":0,"cards_obtained":["Injury"]},{"damage_healed":0,"gold_gain":75,"player_choice":"Gather Gold","damage_taken":11,"max_hp_gain":0,"max_hp_loss":0,"event_name":"World of Goop","floor":8,"gold_loss":0},{"cards_removed":["Strike_P"],"damage_healed":0,"gold_gain":0,"player_choice":"Card Removal","damage_taken":7,"max_hp_gain":0,"max_hp_loss":0,"event_name":"Golden Wing","floor":12,"gold_loss":0}],"is_beta":false,"boss_relics":[],"items_purged_floors":[5],"is_endless":false,"potions_floor_spawned":[6,13],"killed_by":"The Guardian","ascension_level":19}