{"gold_per_floor":[15,34,61,61,61,95,95,112,112,112,112,112],"floor_reached":12,"playtime":427,"items_purged":[],"score":148,"play_id":"fd9a1642-a7ef-4ff8-bd8a-260a58b34c72","local_time":"20210829223347","is_ascension_mode":true,"campfire_choices":[{"data":"BowlingBash","floor":7,"key":"SMITH"},{"data":"Eruption","floor":11,"key":"SMITH"}],"neow_cost":"NO_GOLD","seed_source_timestamp":393930843315100,"circlet_count":0,"master_deck":["AscendersBane","Strike_P","Strike_P","Strike_P","Defend_P","Defend_P","Defend_P","Eruption+1","Vigilance","PathToVictory","BowlingBash+1","EmptyBody","Prostrate"],"relics":["PureWater","Omamori","Damaru","Mango","Blue Candle","Golden Idol"],"potions_floor_usage":[6,8],"damage_taken":[{"damage":2,"enemies":"Cultist","floor":1,"turns":5},{"damage":0,"enemies":"Small Slimes","floor":2,"turns":2},{"damage":26,"enemies":"3 Sentries","floor":6,"turns":10},{"damage":14,"enemies":"Jaw Worm","floor":8,"turns":4},{"damage":68,"enemies":"Gremlin Nob","floor":12,"turns":3}],"seed_played":"-2732367225284548490","potions_obtained":[{"floor":2,"key":"SkillPotion"},{"floor":6,"key":"SteroidPotion"},{"floor":8,"key":"StancePotion"}],"is_trial":false,"path_per_floor":["M","M","T","$","?","E","R","M","T","?","R","E"],"character_chosen":"WATCHER","items_purchased":[],"campfire_rested":0,"item_purchase_floors":[],"current_hp_per_floor":[59,59,59,59,59,47,47,33,33,33,33,0],"gold":112,"neow_bonus":"REMOVE_TWO","is_prod":false,"is_daily":false,"chose_seed":false,"campfire_upgraded":2,"win_rate":0,"timestamp":1630269227,"path_taken":["M","M","?","?","?","E","R","M","T","?","R","E"],"build_version":"2020-12-22","purchased_purges":0,"victory":false,"max_hp_per_floor":[68,68,68,68,68,82,82,82,82,82,82,82],"card_choices":[{"not_picked":["JustLucky","DeceiveReality"],"picked":"PathToVictory","floor":1},{"not_picked":["Consecrate","Prostrate"],"picked":"BowlingBash","floor":2},{"not_picked":["FlyingSleeves","Meditate"],"picked":"EmptyBody","floor":6},{"not_picked":["Weave","Adaptation"],"picked":"Prostrate","floor":8}],"player_experience":1594436,"relics_obtained":[{"floor":3,"key":"Omamori"},{"floor":6,"key":"Mango"},{"floor":9,"key":"Blue Candle"}],"event_choices":[{"damage_healed":0,"gold_gain":0,"player_choice":"Box","damage_taken":0,"relics_obtained":["Damaru"],"max_hp_gain":0,"max_hp_loss":0,"event_name":"Big Fish","floor":5,"gold_loss":0,"cards_obtained":["Regret"]},{"damage_healed":0,"gold_gain":0,"player_choice":"Take Wound","damage_taken":0,"relics_obtained":["Golden Idol"],"max_hp_gain":0,"max_hp_loss":0,"event_name":"Golden Idol","floor":10,"gold_loss":0,"cards_obtained":["Injury"]}],"is_beta":false,"boss_relics":[],"items_purged_floors":[],"is_endless":false,"potions_floor_spawned":[2,6,8],"killed_by":"Gremlin Nob","ascension_level":19}