{"gold_per_floor":[12,12,12,31,31,66,266,266,266,366,392,392,402,452,452,452],"floor_reached":16,"playtime":440,"items_purged":[],"score":207,"play_id":"292a57aa-eddf-4709-99bd-61a0f5b8bdf6","local_time":"20210828125118","is_ascension_mode":true,"campfire_choices":[{"floor":8.0,"key":"REST"},{"floor":12,"key":"REST"},{"floor":15,"key":"REST"}],"neow_cost":"NO_GOLD","seed_source_timestamp":272535697240700,"circlet_count":0,"master_deck":["AscendersBane","Strike_P","Strike_P","Strike_P","Strike_P","Defend_P","Defend_P","Defend_P","Defend_P","Eruption","Vigilance","Devotion+1","Collect","BowlingBash","Vault+1","Doubt","Study","Halt+1"],"special_seed":0,"relics":["PureWater","SsserpentHead","Juzu Bracelet","Toxic Egg 2","GoldenEye"],"potions_floor_usage":[11,13],"damage_taken":[{"damage":12.0,"enemies":"Cultist","floor":1.0,"turns":6.0},{"damage":7.0,"enemies":"Small Slimes","floor":4.0,"turns":3.0},{"damage":17.0,"enemies":"Lagavulin","floor":6.0,"turns":6.0},{"damage":44,"enemies":"3 Sentries","floor":11,"turns":8},{"damage":2,"enemies":"Jaw Worm","floor":13,"turns":4},{"damage":50,"enemies":"Slime Boss","floor":16,"turns":7}],"seed_played":"8283850392220694048","potions_obtained":[{"floor":6.0,"key":"DistilledChaos"},{"floor":11,"key":"Fire Potion"}],"is_trial":false,"path_per_floor":["M","?","?","M","$","E","?","R","T","?","E","R","M","?","R","B"],"character_chosen":"WATCHER","items_purchased":[],"campfire_rested":3,"item_purchase_floors":[],"current_hp_per_floor":[49,49,49,42,42,25,25,45,45,45,1,21,19,19,39,0],"gold":452,"neow_bonus":"THREE_RARE_CARDS","is_prod":false,"is_daily":false,"chose_seed":false,"campfire_upgraded":0,"win_rate":0,"timestamp":1630147878,"path_taken":["M","?","?","M","$","E","?","R","T","?","E","R","M","?","R","BOSS"],"build_version":"2020-12-22","purchased_purges":0,"victory":false,"max_hp_per_floor":[68,68,68,68,68,68,68,68,68,68,68,68,68,68,68,68],"card_choices":[{"not_picked":["Vault","Omniscience"],"picked":"Devotion","floor":0.0},{"not_picked":["Evaluate","CutThroughFate"],"picked":"Collect","floor":1.0},{"not_picked":["SashWhip","EmptyBody"],"picked":"BowlingBash","floor":4.0},{"not_picked":["Fasting2","PathToVictory"],"picked":"Vault","floor":6.0},{"not_picked":["JustLucky","Fasting2"],"picked":"Study","floor":11},{"not_picked":["Crescendo+1","EmptyFist"],"picked":"Halt+1","floor":13}],"player_experience":1586272,"relics_obtained":[{"floor":6.0,"key":"Juzu Bracelet"},{"floor":9.0,"key":"Toxic Egg 2"},{"floor":11,"key":"GoldenEye"}],"event_choices":[{"damage_healed":0.0,"max_hp_gain":0.0,"max_hp_loss":0.0,"gold_gain":0.0,"event_name":"Living Wall","player_choice":"Grow","floor":2.0,"gold_loss":0.0,"damage_taken":0.0,"cards_upgraded":["Devotion"]},{"damage_healed":0.0,"max_hp_gain":0.0,"max_hp_loss":0.0,"gold_gain":0.0,"event_name":"FaceTrader","player_choice":"Trade","floor":3.0,"gold_loss":0.0,"damage_taken":0.0,"relics_obtained":["SsserpentHead"]},{"damage_healed":0.0,"max_hp_gain":0.0,"max_hp_loss":0.0,"gold_gain":150.0,"event_name":"Liars Game","player_choice":"AGREE","floor":7.0,"gold_loss":0.0,"damage_taken":0.0,"cards_obtained":["Doubt"]},{"damage_healed":0.0,"max_hp_gain":0.0,"max_hp_loss":0.0,"gold_gain":50.0,"event_name":"Golden Shrine","player_choice":"Pray","floor":10.0,"gold_loss":0.0,"damage_taken":0.0},{"damage_healed":0,"gold_gain":0,"player_choice":"Forge","damage_taken":0,"max_hp_gain":0,"max_hp_loss":0,"event_name":"Accursed Blacksmith","floor":14,"gold_loss":0,"cards_upgraded":["Vault"]}],"is_beta":false,"boss_relics":[],"items_purged_floors":[],"is_endless":false,"potions_floor_spawned":[6,11],"killed_by":"Slime Boss","ascension_level":19}