{"gold_per_floor":[114,23,98,98,98,98,137,151,151,151,164,179,65,80,80,176,239,252,275,107,121,121,121,155,155,178,219,240,240],"floor_reached":29,"playtime":740,"items_purged":["Injury"],"score":587,"play_id":"17ea01ed-34dc-4c26-9f0b-aebd483e11aa","local_time":"20210831180008","is_ascension_mode":true,"campfire_choices":[{"floor":6.0,"key":"REST"},{"data":"Eruption","floor":10.0,"key":"SMITH"},{"floor":15,"key":"REST"},{"floor":23,"key":"REST"},{"floor":25,"key":"REST"}],"neow_cost":"NONE","seed_source_timestamp":0,"circlet_count":0,"master_deck":["AscendersBane","Strike_P+1","Strike_P","Strike_P","Strike_P","Defend_P","Defend_P","Defend_P","Defend_P","Eruption+1","Vigilance","BattleHymn+1","Good Instincts","EmptyMind","Protect","ForeignInfluence","SignatureMove+1","Crescendo","Blasphemy","MentalFortress","Sanctity+1","Swivel","MasterReality"],"special_seed":0,"relics":["PureWater","NeowsBlessing","Golden Idol","Orichalcum","Shuriken","Tiny House","Lee\u0027s Waffle","Potion Belt","Strawberry","Centennial Puzzle"],"potions_floor_usage":[14,16,19,24,24,28],"damage_taken":[{"damage":0.0,"enemies":"Cultist","floor":1.0,"turns":1.0},{"damage":0.0,"enemies":"3 Sentries","floor":7.0,"turns":2.0},{"damage":0.0,"enemies":"2 Louse","floor":8.0,"turns":1.0},{"damage":2.0,"enemies":"Small Slimes","floor":11.0,"turns":3.0},{"damage":15.0,"enemies":"3 Louse","floor":12.0,"turns":4.0},{"damage":20,"enemies":"Exordium Thugs","floor":14,"turns":4},{"damage":33,"enemies":"The Guardian","floor":16,"turns":4},{"damage":0,"enemies":"Chosen","floor":18,"turns":2},{"damage":18,"enemies":"3 Byrds","floor":19,"turns":4},{"damage":62,"enemies":"Centurion and Healer","floor":21,"turns":6},{"damage":22,"enemies":"Slavers","floor":24,"turns":2},{"damage":47,"enemies":"Gremlin Leader","floor":27,"turns":5},{"damage":0,"enemies":"Sentry and Sphere","floor":28,"turns":2},{"damage":14,"enemies":"Slavers","floor":29,"turns":1}],"seed_played":"6469478848089272051","potions_obtained":[{"floor":7.0,"key":"SteroidPotion"},{"floor":12.0,"key":"SneckoOil"},{"floor":14,"key":"Fruit Juice"},{"floor":17,"key":"Strength Potion"},{"floor":18,"key":"Explosive Potion"},{"floor":21,"key":"Fire Potion"},{"floor":27,"key":"AttackPotion"}],"is_trial":false,"path_per_floor":["M","$","?","?","?","R","E","M","T","R","M","M","$","M","R","B",null,"M","M","$","M","$","R","E","R","T","E","M","E"],"character_chosen":"WATCHER","items_purchased":["Good Instincts","SignatureMove","Lee\u0027s Waffle"],"campfire_rested":4,"item_purchase_floors":[2,13,20],"current_hp_per_floor":[61,61,50,30,30,50,50,50,50,50,48,33,33,18,39,6,61,61,43,85,23,23,48,26,51,58,11,11,0],"gold":240,"neow_bonus":"THREE_ENEMY_KILL","is_prod":false,"is_daily":false,"chose_seed":false,"campfire_upgraded":1,"win_rate":0,"timestamp":1630425608,"path_taken":["M","?","?","?","?","R","E","M","T","R","M","?","?","M","R","BOSS","M","?","$","?","$","R","E","R","T","E","M","E"],"build_version":"2020-12-22","purchased_purges":1,"victory":false,"max_hp_per_floor":[68,68,68,68,68,68,68,68,68,68,68,68,68,73,73,73,78,78,78,85,85,85,85,85,85,92,92,92,92],"card_choices":[{"not_picked":["PathToVictory","FollowUp"],"picked":"BattleHymn","floor":1.0},{"not_picked":["Meditate","Vengeance"],"picked":"EmptyMind","floor":7.0},{"not_picked":["WindmillStrike","ClearTheMind"],"picked":"Protect","floor":8.0},{"not_picked":["CrushJoints","ClearTheMind"],"picked":"ForeignInfluence","floor":11.0},{"not_picked":["Consecrate","BowlingBash","SandsOfTime"],"picked":"SKIP","floor":12.0},{"not_picked":["Halt","ClearTheMind"],"picked":"Crescendo","floor":14},{"not_picked":["ConjureBlade","Omniscience"],"picked":"Blasphemy","floor":16},{"not_picked":["EmptyMind","Prostrate"],"picked":"MentalFortress","floor":17},{"not_picked":["EmptyMind","JustLucky"],"picked":"Sanctity+1","floor":18},{"not_picked":["ThirdEye","ForeignInfluence","TalkToTheHand"],"picked":"SKIP","floor":19},{"not_picked":["Wireheading","FlurryOfBlows+1"],"picked":"Swivel","floor":21},{"not_picked":["BowlingBash","WheelKick"],"picked":"MasterReality","floor":24},{"not_picked":["CutThroughFate","MasterReality","EmptyBody"],"picked":"SKIP","floor":27},{"not_picked":["Prostrate+1","EmptyFist","Halt"],"picked":"SKIP","floor":28}],"player_experience":1594863,"relics_obtained":[{"floor":7.0,"key":"Orichalcum"},{"floor":9.0,"key":"Shuriken"},{"floor":24,"key":"Potion Belt"},{"floor":26,"key":"Strawberry"},{"floor":27,"key":"Centennial Puzzle"}],"event_choices":[{"damage_healed":0.0,"max_hp_gain":0.0,"max_hp_loss":0.0,"gold_gain":75.0,"event_name":"World of Goop","player_choice":"Gather Gold","floor":3.0,"gold_loss":0.0,"damage_taken":11.0},{"damage_healed":0.0,"max_hp_gain":0.0,"max_hp_loss":0.0,"gold_gain":0.0,"event_name":"Shining Light","player_choice":"Entered Light","floor":4.0,"gold_loss":0.0,"damage_taken":20.0,"cards_upgraded":["BattleHymn","Strike_P"]},{"damage_healed":0.0,"max_hp_gain":0.0,"max_hp_loss":0.0,"gold_gain":0.0,"event_name":"Golden Idol","player_choice":"Take Wound","floor":5.0,"gold_loss":0.0,"damage_taken":0.0,"relics_obtained":["Golden Idol"],"cards_obtained":["Injury"]}],"is_beta":false,"boss_relics":[{"not_picked":["Runic Dome","Runic Pyramid"],"picked":"Tiny House"}],"items_purged_floors":[13],"is_endless":false,"potions_floor_spawned":[7,12,14,18,21,27],"killed_by":"Slavers","ascension_level":19}