{"gold_per_floor":[116,27,102,102,102,102,115,115,115,115,115,265,19,45,45,45],"floor_reached":16,"playtime":209,"items_purged":["Doubt"],"score":232,"play_id":"817fb030-956e-4816-9358-2f44e5dbbfe2","local_time":"20210829000309","is_ascension_mode":true,"campfire_choices":[{"data":"Nirvana","floor":6,"key":"SMITH"},{"data":"EmptyBody","floor":8,"key":"SMITH"},{"data":"CutThroughFate","floor":10,"key":"SMITH"},{"floor":15,"key":"REST"}],"neow_cost":"NONE","seed_source_timestamp":313110848202700,"circlet_count":0,"master_deck":["AscendersBane","Strike_P+1","Strike_P","Strike_P","Defend_P","Defend_P+1","Defend_P","Defend_P","Eruption+1","Vigilance","CutThroughFate+1","Nirvana+1","EmptyBody+1","Wallop"],"relics":["PureWater","NeowsBlessing","Calipers","Strawberry","StoneCalendar"],"potions_floor_usage":[16,16],"damage_taken":[{"damage":0,"enemies":"Jaw Worm","floor":1,"turns":1},{"damage":0,"enemies":"Small Slimes","floor":7,"turns":1},{"damage":0,"enemies":"Gremlin Nob","floor":14,"turns":2},{"damage":52,"enemies":"The Guardian","floor":16,"turns":8}],"seed_played":"-2533994432026005471","potions_obtained":[{"floor":7,"key":"Swift Potion"},{"floor":14,"key":"Energy Potion"}],"is_trial":false,"path_per_floor":["M","$","?","?","?","R","M","R","T","R","?","?","$","E","R","B"],"character_chosen":"WATCHER","items_purchased":["Nirvana","Strawberry"],"campfire_rested":1,"item_purchase_floors":[2,13],"current_hp_per_floor":[61,61,50,43,43,43,43,43,43,43,23,23,30,30,52,0],"gold":45,"neow_bonus":"THREE_ENEMY_KILL","is_prod":false,"is_daily":false,"chose_seed":false,"campfire_upgraded":3,"win_rate":0,"timestamp":1630188189,"path_taken":["M","$","?","?","?","R","?","R","T","R","?","?","?","E","R","BOSS"],"build_version":"2020-12-22","purchased_purges":1,"victory":false,"max_hp_per_floor":[68,68,68,68,68,68,68,68,68,68,68,68,75,75,75,75],"card_choices":[{"not_picked":["FlurryOfBlows","Perseverance"],"picked":"CutThroughFate","floor":1},{"not_picked":["MentalFortress","Study"],"picked":"EmptyBody","floor":7},{"not_picked":["EmptyBody","Swivel"],"picked":"Wallop","floor":14}],"player_experience":1589121,"relics_obtained":[{"floor":9,"key":"Calipers"},{"floor":14,"key":"StoneCalendar"}],"event_choices":[{"damage_healed":0,"gold_gain":75,"player_choice":"Gather Gold","damage_taken":11,"max_hp_gain":0,"max_hp_loss":0,"event_name":"World of Goop","floor":3,"gold_loss":0},{"cards_removed":["Strike_P"],"damage_healed":0,"gold_gain":0,"player_choice":"Card Removal","damage_taken":7,"max_hp_gain":0,"max_hp_loss":0,"event_name":"Golden Wing","floor":4,"gold_loss":0},{"damage_healed":0,"gold_gain":0,"player_choice":"Upgraded","damage_taken":0,"max_hp_gain":0,"max_hp_loss":0,"event_name":"Upgrade Shrine","floor":5,"gold_loss":0,"cards_upgraded":["Eruption"]},{"damage_healed":0,"gold_gain":0,"player_choice":"Entered Light","damage_taken":20,"max_hp_gain":0,"max_hp_loss":0,"event_name":"Shining Light","floor":11,"gold_loss":0,"cards_upgraded":["Defend_P","Strike_P"]},{"damage_healed":0,"gold_gain":150,"player_choice":"AGREE","damage_taken":0,"max_hp_gain":0,"max_hp_loss":0,"event_name":"Liars Game","floor":12,"gold_loss":0,"cards_obtained":["Doubt"]}],"is_beta":false,"boss_relics":[],"items_purged_floors":[13],"is_endless":false,"potions_floor_spawned":[7,14],"killed_by":"The Guardian","ascension_level":19}