{"gold_per_floor":[109,109,184,17,17,43,61,61,88,99,132,132,156,81,81,81],"floor_reached":16,"playtime":447,"items_purged":["Injury"],"score":211,"play_id":"79e1e976-a65d-4e53-a2c4-5d6e81ffc4b5","local_time":"20210904155757","is_ascension_mode":true,"campfire_choices":[{"data":"Eruption","floor":8,"key":"SMITH"},{"floor":15,"key":"REST"}],"neow_cost":"NONE","seed_source_timestamp":8717079913699,"circlet_count":0,"master_deck":["AscendersBane","Strike_P","Strike_P","Strike_P","Defend_P","Defend_P","Defend_P","Defend_P","Eruption+1","Vigilance","Judgement","EmptyFist","SignatureMove","Evaluate"],"relics":["PureWater","Lee\u0027s Waffle","Mummified Hand","Potion Belt","Lantern","Bag of Preparation","Golden Idol"],"potions_floor_usage":[7,11,16],"damage_taken":[{"damage":8,"enemies":"Small Slimes","floor":1,"turns":2},{"damage":40,"enemies":"Gremlin Nob","floor":6,"turns":4},{"damage":0,"enemies":"Jaw Worm","floor":7,"turns":2},{"damage":0,"enemies":"2 Louse","floor":10,"turns":1},{"damage":18,"enemies":"Lagavulin","floor":11,"turns":8},{"damage":0,"enemies":"Exordium Wildlife","floor":13,"turns":1},{"damage":42,"enemies":"Slime Boss","floor":16,"turns":7}],"seed_played":"-4802016669555111886","potions_obtained":[{"floor":6,"key":"DistilledChaos"},{"floor":7,"key":"Dexterity Potion"},{"floor":11,"key":"Explosive Potion"}],"is_trial":false,"path_per_floor":["M","?","?","$","T","E","M","R","T","M","E","?","M","$","R","B"],"character_chosen":"WATCHER","items_purchased":["Lee\u0027s Waffle"],"campfire_rested":1,"item_purchase_floors":[4],"current_hp_per_floor":[53,46,35,75,75,35,35,35,35,35,17,17,17,17,39,0],"gold":81,"neow_bonus":"ONE_RANDOM_RARE_CARD","is_prod":false,"is_daily":false,"chose_seed":false,"campfire_upgraded":1,"win_rate":0,"timestamp":1630763877,"path_taken":["M","?","?","?","?","E","?","R","T","M","E","?","M","?","R","BOSS"],"build_version":"2020-12-22","purchased_purges":1,"victory":false,"max_hp_per_floor":[68,68,68,75,75,75,75,75,75,75,75,75,75,75,75,75],"card_choices":[{"not_picked":["CrushJoints","EmptyBody"],"picked":"EmptyFist","floor":1},{"not_picked":["ClearTheMind","EmptyFist","FlyingSleeves"],"picked":"SKIP","floor":6},{"not_picked":["ThirdEye","CrushJoints"],"picked":"SignatureMove","floor":7},{"not_picked":["Consecrate","EmptyFist","BowlingBash"],"picked":"SKIP","floor":10},{"not_picked":["Prostrate","EmptyMind"],"picked":"Evaluate","floor":11},{"not_picked":["CutThroughFate","SashWhip","ClearTheMind"],"picked":"SKIP","floor":13}],"player_experience":1603324,"relics_obtained":[{"floor":5,"key":"Mummified Hand"},{"floor":6,"key":"Potion Belt"},{"floor":9,"key":"Lantern"},{"floor":11,"key":"Bag of Preparation"}],"event_choices":[{"cards_removed":["Strike_P"],"damage_healed":0,"gold_gain":0,"player_choice":"Card Removal","damage_taken":7,"max_hp_gain":0,"max_hp_loss":0,"event_name":"Golden Wing","floor":2,"gold_loss":0},{"damage_healed":0,"gold_gain":75,"player_choice":"Gather Gold","damage_taken":11,"max_hp_gain":0,"max_hp_loss":0,"event_name":"World of Goop","floor":3,"gold_loss":0},{"damage_healed":0,"gold_gain":0,"player_choice":"Take Wound","damage_taken":0,"relics_obtained":["Golden Idol"],"max_hp_gain":0,"max_hp_loss":0,"event_name":"Golden Idol","floor":12,"gold_loss":0,"cards_obtained":["Injury"]}],"is_beta":false,"boss_relics":[],"items_purged_floors":[14],"is_endless":false,"potions_floor_spawned":[6,7,11],"killed_by":"Slime Boss","ascension_level":19}