{"gold_per_floor":[117,130,130,130,143,171,171,197,223,93,128,128,140,157,157,228,228,247,260,260,260,96,129,0,0,0,26,26,26],"floor_reached":29,"playtime":815,"items_purged":[],"score":692,"play_id":"52dd6cf3-2251-4522-b66e-c7e6fe43e259","local_time":"20210829220624","is_ascension_mode":true,"campfire_choices":[{"data":"PathToVictory","floor":7,"key":"SMITH"},{"floor":12,"key":"REST"},{"data":"PathToVictory","floor":15,"key":"SMITH"},{"floor":25,"key":"REST"}],"neow_cost":"NONE","seed_source_timestamp":391899346210700,"circlet_count":0,"master_deck":["AscendersBane","Defend_P","Eruption","Vigilance","PathToVictory+1","WindmillStrike","PathToVictory+1","LikeWater","Sanctity","LikeWater","PathToVictory+1","DeceiveReality+1","Establishment","WreathOfFlame+1","Consecrate+1","Swivel+1","PathToVictory+1","Bite+1","Bite+1","Bite","Bite","Bite","ClearTheMind+1","Panacea+1","Perseverance+1"],"relics":["PureWater","NeowsBlessing","Art of War","Ancient Tea Set","Orichalcum","Toy Ornithopter","Toxic Egg 2","Shuriken","Astrolabe","Bottled Tornado","Blood Vial","Whetstone"],"potions_floor_usage":[8,16,23],"damage_taken":[{"damage":0,"enemies":"2 Louse","floor":1,"turns":1},{"damage":0,"enemies":"Small Slimes","floor":2,"turns":1},{"damage":0,"enemies":"Cultist","floor":5,"turns":1},{"damage":12,"enemies":"Lagavulin","floor":6,"turns":5},{"damage":22,"enemies":"3 Sentries","floor":8,"turns":6},{"damage":23,"enemies":"Gremlin Nob","floor":11,"turns":4},{"damage":1,"enemies":"Large Slime","floor":13,"turns":3},{"damage":8,"enemies":"Red Slaver","floor":14,"turns":3},{"damage":0,"enemies":"Hexaghost","floor":16,"turns":6},{"damage":6,"enemies":"Spheric Guardian","floor":18,"turns":7},{"damage":24,"enemies":"2 Thieves","floor":19,"turns":4},{"damage":31,"enemies":"Book of Stabbing","floor":23,"turns":3},{"damage":32,"enemies":"Gremlin Leader","floor":27,"turns":6},{"damage":14,"enemies":"Slavers","floor":29,"turns":1}],"seed_played":"4964292232681205861","potions_obtained":[{"floor":2,"key":"PowerPotion"},{"floor":5,"key":"ColorlessPotion"},{"floor":13,"key":"FairyPotion"},{"floor":16,"key":"FearPotion"}],"is_trial":false,"path_per_floor":["M","M","?","?","M","E","R","E","T","?","E","R","M","M","R","B",null,"M","M","?","?","$","E","?","R","T","E","?","E"],"character_chosen":"WATCHER","items_purchased":["ClearTheMind+1","Panacea+1"],"campfire_rested":2,"item_purchase_floors":[22,22],"current_hp_per_floor":[61,61,61,61,61,49,49,27,27,27,4,24,23,15,15,20,56,50,26,26,26,26,21,21,35,35,17,11,0],"gold":26,"neow_bonus":"THREE_ENEMY_KILL","is_prod":false,"is_daily":false,"chose_seed":false,"campfire_upgraded":2,"win_rate":0,"timestamp":1630267584,"path_taken":["M","M","?","?","?","E","R","E","T","?","E","R","?","M","R","BOSS","M","M","?","?","$","E","?","R","T","E","?","E"],"build_version":"2020-12-22","purchased_purges":0,"victory":false,"max_hp_per_floor":[68,68,68,68,68,68,68,68,68,68,68,68,68,68,68,68,68,68,68,68,47,47,47,47,47,47,47,47,47],"card_choices":[{"not_picked":["FearNoEvil","EmptyFist"],"picked":"PathToVictory","floor":1},{"not_picked":["CutThroughFate","Prostrate"],"picked":"WindmillStrike","floor":2},{"not_picked":["Swivel","LikeWater"],"picked":"PathToVictory","floor":5},{"not_picked":["Fasting2","Wireheading"],"picked":"LikeWater","floor":6},{"not_picked":["ClearTheMind","FollowUp"],"picked":"Sanctity","floor":8},{"not_picked":["FlyingSleeves","Wallop"],"picked":"LikeWater","floor":11},{"not_picked":["EmptyBody+1","Protect+1"],"picked":"PathToVictory+1","floor":13},{"not_picked":["BowlingBash","Pray+1"],"picked":"DeceiveReality+1","floor":14},{"not_picked":["ConjureBlade+1","Brilliance"],"picked":"Establishment","floor":16},{"not_picked":["Consecrate+1","Adaptation+1","Halt+1"],"picked":"SKIP","floor":18},{"not_picked":["Conclude","FlurryOfBlows"],"picked":"PathToVictory+1","floor":19},{"not_picked":["CutThroughFate","FlurryOfBlows","Wireheading"],"picked":"SKIP","floor":23},{"not_picked":["Wallop","ClearTheMind+1"],"picked":"Perseverance+1","floor":27}],"player_experience":1592549,"relics_obtained":[{"floor":6,"key":"Ancient Tea Set"},{"floor":8,"key":"Orichalcum"},{"floor":9,"key":"Toy Ornithopter"},{"floor":11,"key":"Shuriken"},{"floor":23,"key":"Bottled Tornado"},{"floor":26,"key":"Blood Vial"},{"floor":27,"key":"Whetstone"}],"event_choices":[{"damage_healed":0,"gold_gain":0,"player_choice":"Box","damage_taken":0,"relics_obtained":["Art of War"],"max_hp_gain":0,"max_hp_loss":0,"event_name":"Big Fish","floor":3,"gold_loss":0,"cards_obtained":["Regret"]},{"cards_removed":["Regret"],"damage_healed":0,"gold_gain":0,"player_choice":"Card Removal","damage_taken":0,"max_hp_gain":0,"max_hp_loss":0,"event_name":"Wheel of Change","floor":4,"gold_loss":0},{"damage_healed":0,"gold_gain":0,"player_choice":"Paid Gold","damage_taken":0,"relics_obtained":["Toxic Egg 2"],"max_hp_gain":0,"max_hp_loss":0,"event_name":"WeMeetAgain","floor":10,"gold_loss":130},{"damage_healed":0,"gold_gain":0,"player_choice":"Ignored","damage_taken":0,"max_hp_gain":0,"max_hp_loss":0,"event_name":"Ghosts","floor":20,"gold_loss":0},{"damage_healed":0,"gold_gain":0,"player_choice":"Became a vampire","damage_taken":0,"max_hp_gain":0,"max_hp_loss":21,"event_name":"Vampires","floor":21,"gold_loss":0,"cards_obtained":["Bite","Bite","Bite","Bite","Bite"]},{"damage_healed":0,"gold_gain":0,"player_choice":"Paid Fearfully","damage_taken":0,"max_hp_gain":0,"max_hp_loss":0,"event_name":"Masked Bandits","floor":24,"gold_loss":129},{"damage_healed":0,"gold_gain":0,"player_choice":"","damage_taken":6,"max_hp_gain":0,"max_hp_loss":0,"event_name":"Knowing Skull","floor":28,"potions_obtained":[],"gold_loss":0,"cards_obtained":[]}],"is_beta":false,"boss_relics":[{"not_picked":["SlaversCollar","VioletLotus"],"picked":"Astrolabe"}],"items_purged_floors":[],"is_endless":false,"potions_floor_spawned":[2,5,13,16,19],"killed_by":"Slavers","ascension_level":19}