{"gold_per_floor":[359,324,324,339,339,373,25,25,25,53,53],"floor_reached":11,"playtime":260,"items_purged":[],"score":135,"play_id":"45a7292b-599e-4d5d-bd7b-a596af7e9711","local_time":"20210828235902","is_ascension_mode":true,"campfire_choices":[{"floor":8,"key":"REST"}],"neow_cost":"PERCENT_DAMAGE","seed_source_timestamp":312812112537300,"circlet_count":0,"master_deck":["AscendersBane","Strike_P","Strike_P","Strike_P","Defend_P","Defend_P","Defend_P","Eruption","Vigilance","Perseverance","SashWhip","PathToVictory","Judgement","Apotheosis","Protect"],"relics":["PureWater","Bronze Scales","Nunchaku","Pear","Odd Mushroom"],"potions_floor_usage":[10],"damage_taken":[{"damage":4,"enemies":"2 Louse","floor":1,"turns":3},{"damage":0,"enemies":"Small Slimes","floor":4,"turns":3},{"damage":43,"enemies":"Lagavulin","floor":6,"turns":8},{"damage":0,"enemies":"The Mushroom Lair","floor":10,"turns":3},{"damage":43,"enemies":"Gremlin Nob","floor":11,"turns":4}],"seed_played":"2092371570920987492","potions_obtained":[{"floor":4,"key":"Explosive Potion"}],"is_trial":false,"path_per_floor":["M","?","?","M","?","E","$","R","T","?","E"],"character_chosen":"WATCHER","items_purchased":["Apotheosis","Nunchaku"],"campfire_rested":1,"item_purchase_floors":[7,7],"current_hp_per_floor":[39,56,49,49,49,6,6,26,36,36,0],"gold":53,"neow_bonus":"TWO_FIFTY_GOLD","is_prod":false,"is_daily":false,"chose_seed":false,"campfire_upgraded":0,"win_rate":0,"timestamp":1630187942,"path_taken":["M","?","?","M","?","E","$","R","T","?","E"],"build_version":"2020-12-22","purchased_purges":0,"victory":false,"max_hp_per_floor":[68,68,68,68,68,68,68,68,78,78,78],"card_choices":[{"not_picked":["JustLucky","EmptyFist"],"picked":"Perseverance","floor":1},{"not_picked":["Fasting2","Protect"],"picked":"SashWhip","floor":4},{"not_picked":["Protect","ReachHeaven"],"picked":"Judgement","floor":6},{"not_picked":["Halt","FlyingSleeves"],"picked":"Protect","floor":10}],"player_experience":1588845,"relics_obtained":[{"floor":6,"key":"Bronze Scales"},{"floor":9,"key":"Pear"},{"floor":10,"key":"Odd Mushroom"}],"event_choices":[{"damage_healed":17,"gold_gain":0,"player_choice":"Healed","damage_taken":0,"max_hp_gain":0,"max_hp_loss":0,"event_name":"The Cleric","floor":2,"gold_loss":35},{"cards_removed":["Defend_P"],"damage_healed":0,"gold_gain":0,"player_choice":"Card Removal","damage_taken":7,"max_hp_gain":0,"max_hp_loss":0,"event_name":"Golden Wing","floor":3,"gold_loss":0},{"damage_healed":0,"gold_gain":0,"cards_transformed":["Strike_P"],"player_choice":"Change","damage_taken":0,"max_hp_gain":0,"max_hp_loss":0,"event_name":"Living Wall","floor":5,"gold_loss":0,"cards_obtained":["PathToVictory"]},{"damage_healed":0,"gold_gain":0,"player_choice":"Fought Mushrooms","damage_taken":0,"max_hp_gain":0,"max_hp_loss":0,"event_name":"Mushrooms","floor":10,"gold_loss":0}],"is_beta":false,"boss_relics":[],"items_purged_floors":[],"is_endless":false,"potions_floor_spawned":[4],"killed_by":"Gremlin Nob","ascension_level":19}