{"gold_per_floor":[114,189,189,20,38,38,65,65,65,65,92,103,166,184,184,184],"floor_reached":16,"playtime":258,"items_purged":[],"score":259,"play_id":"b650f72b-5181-43b2-996a-d289930734cf","local_time":"20210904161910","is_ascension_mode":true,"campfire_choices":[{"data":"Ragnarok","floor":6,"key":"SMITH"},{"data":"Swivel","floor":8,"key":"SMITH"},{"data":"Prostrate","floor":10,"key":"SMITH"},{"data":"ConjureBlade","floor":15,"key":"SMITH"}],"neow_cost":"NONE","seed_source_timestamp":10179698189500,"circlet_count":0,"master_deck":["AscendersBane","Strike_P+1","Strike_P","Strike_P+1","Strike_P+1","Defend_P","Defend_P","Defend_P","Defend_P","Eruption+1","Vigilance","Prostrate+1","Ragnarok+1","Swivel+1","ConjureBlade+1","LessonLearned","Protect","Indignation"],"relics":["PureWater","NeowsBlessing","Whetstone","Yang","PreservedInsect","Du-Vu Doll"],"potions_floor_usage":[13,16],"damage_taken":[{"damage":0,"enemies":"2 Louse","floor":1,"turns":1},{"damage":0,"enemies":"Jaw Worm","floor":5,"turns":1},{"damage":0,"enemies":"Gremlin Nob","floor":7,"turns":1},{"damage":10,"enemies":"Lagavulin","floor":11,"turns":6},{"damage":0,"enemies":"Small Slimes","floor":12,"turns":2},{"damage":0,"enemies":"Gremlin Nob","floor":13,"turns":1},{"damage":0,"enemies":"Exordium Wildlife","floor":14,"turns":3},{"damage":20,"enemies":"Hexaghost","floor":16,"turns":4}],"seed_played":"-123155602427225505","potions_obtained":[{"floor":12,"key":"StancePotion"},{"floor":13,"key":"EssenceOfSteel"}],"is_trial":false,"path_per_floor":["M","?","?","$","M","R","E","R","T","R","E","M","?","M","R","B"],"character_chosen":"WATCHER","items_purchased":["Ragnarok"],"campfire_rested":0,"item_purchase_floors":[4],"current_hp_per_floor":[61,50,30,30,30,30,30,30,30,30,20,20,20,20,20,0],"gold":184,"neow_bonus":"THREE_ENEMY_KILL","is_prod":false,"is_daily":false,"chose_seed":false,"campfire_upgraded":4,"win_rate":0,"timestamp":1630765150,"path_taken":["M","?","?","$","M","R","E","R","T","R","E","M","?","M","R","BOSS"],"build_version":"2020-12-22","purchased_purges":0,"victory":false,"max_hp_per_floor":[68,68,68,68,68,68,68,68,68,68,68,68,68,68,68,68],"card_choices":[{"not_picked":["Consecrate","Crescendo"],"picked":"Prostrate","floor":1},{"not_picked":["FearNoEvil","EmptyFist"],"picked":"Swivel","floor":5},{"not_picked":["MentalFortress","BattleHymn","SignatureMove"],"picked":"SKIP","floor":7},{"not_picked":["Consecrate","SashWhip"],"picked":"ConjureBlade","floor":11},{"not_picked":["Crescendo","WaveOfTheHand"],"picked":"LessonLearned","floor":12},{"not_picked":["FlyingSleeves","BowlingBash"],"picked":"Protect","floor":13},{"not_picked":["ThirdEye","WheelKick"],"picked":"Indignation","floor":14}],"player_experience":1604727,"relics_obtained":[{"floor":7,"key":"Whetstone"},{"floor":9,"key":"Yang"},{"floor":11,"key":"PreservedInsect"},{"floor":13,"key":"Du-Vu Doll"}],"event_choices":[{"damage_healed":0,"gold_gain":75,"player_choice":"Gather Gold","damage_taken":11,"max_hp_gain":0,"max_hp_loss":0,"event_name":"World of Goop","floor":2,"gold_loss":0},{"damage_healed":0,"gold_gain":0,"player_choice":"Entered Light","damage_taken":20,"max_hp_gain":0,"max_hp_loss":0,"event_name":"Shining Light","floor":3,"gold_loss":0,"cards_upgraded":["Eruption","Strike_P"]},{"damage_healed":0,"gold_gain":0,"player_choice":"Searched \u00271\u0027 times","damage_taken":0,"max_hp_gain":0,"max_hp_loss":0,"event_name":"Dead Adventurer","floor":13,"gold_loss":0}],"is_beta":false,"boss_relics":[],"items_purged_floors":[],"is_endless":false,"potions_floor_spawned":[12,13],"killed_by":"Hexaghost","ascension_level":19}