{"gold_per_floor":[112,17,92,92,92,92,112,124,124,124,137,137,150,185,185,260,260,273,273,287,287,287,287,320,337,360,360,360],"floor_reached":28,"playtime":1613,"items_purged":[],"score":558,"play_id":"3b0c8e7c-0f49-44e3-9269-5dec9ece0c1a","local_time":"20210828132355","is_ascension_mode":true,"campfire_choices":[{"data":"Eruption","floor":6,"key":"SMITH"},{"data":"BowlingBash","floor":12,"key":"SMITH"},{"floor":15,"key":"REST"},{"floor":23,"key":"REST"}],"neow_cost":"NONE","seed_source_timestamp":273352946349899,"circlet_count":0,"master_deck":["AscendersBane","Strike_P+1","Strike_P+1","Strike_P+1","Defend_P+1","Defend_P+1","Defend_P+1","Defend_P+1","Eruption+1","Vigilance","Perseverance+1","BowlingBash+1","Adaptation","JustLucky","FearNoEvil","MentalFortress+1","BattleHymn+1","MasterReality+1","FlurryOfBlows+1","ForeignInfluence","Worship"],"relics":["PureWater","NeowsBlessing","Centennial Puzzle","Frozen Egg 2","Blue Candle","Black Star","Akabeko","Matryoshka","CeramicFish","Dream Catcher","Pen Nib","Pear"],"potions_floor_usage":[18,24,25,25],"damage_taken":[{"damage":0,"enemies":"Small Slimes","floor":1,"turns":1},{"damage":0,"enemies":"Jaw Worm","floor":7,"turns":1},{"damage":0,"enemies":"2 Louse","floor":8,"turns":2},{"damage":5,"enemies":"Lots of Slimes","floor":11,"turns":2},{"damage":2,"enemies":"Exordium Thugs","floor":13,"turns":4},{"damage":7,"enemies":"3 Sentries","floor":14,"turns":3},{"damage":0,"enemies":"Slime Boss","floor":16,"turns":5},{"damage":17,"enemies":"3 Byrds","floor":18,"turns":5},{"damage":25,"enemies":"Shell Parasite","floor":20,"turns":4},{"damage":15,"enemies":"Gremlin Leader","floor":24,"turns":4},{"damage":17,"enemies":"Snake Plant","floor":25,"turns":3},{"damage":29,"enemies":"Masked Bandits","floor":28,"turns":3}],"seed_played":"-5201220310784824249","potions_obtained":[{"floor":11,"key":"BlessingOfTheForge"},{"floor":16,"key":"SpeedPotion"},{"floor":18,"key":"Explosive Potion"},{"floor":22,"key":"Ambrosia"},{"floor":24,"key":"ColorlessPotion"}],"is_trial":false,"path_per_floor":["M","$","?","T","?","R","M","M","T","?","M","R","M","E","R","B",null,"M","?","M","?","?","R","E","M","T","T","?"],"character_chosen":"WATCHER","items_purchased":["BowlingBash","Adaptation"],"campfire_rested":2,"item_purchase_floors":[2,2],"current_hp_per_floor":[61,61,50,50,43,43,43,43,43,43,38,38,36,29,49,49,63,46,46,21,21,21,41,26,9,9,19,0],"gold":360,"neow_bonus":"THREE_ENEMY_KILL","is_prod":false,"is_daily":false,"chose_seed":false,"campfire_upgraded":2,"win_rate":0,"timestamp":1630149835,"path_taken":["M","$","?","?","?","R","M","?","T","?","?","R","M","E","R","BOSS","M","?","M","?","?","R","E","?","T","?","?"],"build_version":"2020-12-22","purchased_purges":0,"victory":false,"max_hp_per_floor":[68,68,68,68,68,68,68,68,68,68,68,68,68,68,68,68,68,68,68,68,68,68,68,68,68,68,78,78],"card_choices":[{"not_picked":["Crescendo","FlyingSleeves"],"picked":"Perseverance","floor":1},{"not_picked":["ThirdEye","Weave"],"picked":"JustLucky","floor":7},{"not_picked":["FollowUp","EmptyBody"],"picked":"FearNoEvil","floor":8},{"not_picked":["FlurryOfBlows","Adaptation+1"],"picked":"MentalFortress+1","floor":11},{"not_picked":["JustLucky","Halt"],"picked":"BattleHymn+1","floor":13},{"not_picked":["TalkToTheHand","Nirvana+1","Wallop"],"picked":"SKIP","floor":14},{"not_picked":["ConjureBlade","DeusExMachina"],"picked":"MasterReality+1","floor":16},{"not_picked":["EmptyBody","Sanctity","JustLucky"],"picked":"SKIP","floor":18},{"not_picked":["Crescendo","Collect+1"],"picked":"FlurryOfBlows+1","floor":20},{"not_picked":["FollowUp","JustLucky"],"picked":"ForeignInfluence","floor":24},{"not_picked":["Wallop","WindmillStrike+1"],"picked":"Worship","floor":25}],"player_experience":1586881,"relics_obtained":[{"floor":4,"key":"Centennial Puzzle"},{"floor":9,"key":"Frozen Egg 2"},{"floor":14,"key":"Blue Candle"},{"floor":24,"key":"Akabeko"},{"floor":24,"key":"Matryoshka"},{"floor":26,"key":"CeramicFish"},{"floor":26,"key":"Dream Catcher"},{"floor":27,"key":"Pen Nib"},{"floor":27,"key":"Pear"}],"event_choices":[{"damage_healed":0,"gold_gain":75,"player_choice":"Gather Gold","damage_taken":11,"max_hp_gain":0,"max_hp_loss":0,"event_name":"World of Goop","floor":3,"gold_loss":0},{"cards_removed":["Strike_P"],"damage_healed":0,"gold_gain":0,"player_choice":"Card Removal","damage_taken":7,"max_hp_gain":0,"max_hp_loss":0,"event_name":"Golden Wing","floor":5,"gold_loss":0},{"damage_healed":0,"gold_gain":0,"player_choice":"Upgraded","damage_taken":0,"max_hp_gain":0,"max_hp_loss":0,"event_name":"Upgrade Shrine","floor":10,"gold_loss":0,"cards_upgraded":["Perseverance"]},{"damage_healed":0,"gold_gain":0,"player_choice":"Simplicity","damage_taken":0,"max_hp_gain":0,"max_hp_loss":0,"event_name":"Back to Basics","floor":19,"gold_loss":0,"cards_upgraded":["Strike_P","Strike_P","Strike_P","Defend_P","Defend_P","Defend_P","Defend_P"]},{"damage_healed":0,"gold_gain":0,"player_choice":"Ignored","damage_taken":0,"max_hp_gain":0,"max_hp_loss":0,"event_name":"Vampires","floor":21,"gold_loss":0},{"damage_healed":0,"gold_gain":0,"player_choice":"Got Potions","damage_taken":0,"max_hp_gain":0,"max_hp_loss":0,"event_name":"Lab","floor":22,"gold_loss":0},{"damage_healed":0,"gold_gain":0,"player_choice":"Fought Bandits","damage_taken":0,"max_hp_gain":0,"max_hp_loss":0,"event_name":"Masked Bandits","floor":28,"gold_loss":0}],"is_beta":false,"boss_relics":[{"not_picked":["Astrolabe","SlaversCollar"],"picked":"Black Star"}],"items_purged_floors":[],"is_endless":false,"potions_floor_spawned":[11,16,18,24],"killed_by":"Masked Bandits","ascension_level":19}