{"gold_per_floor":[115,76,151,169,241,241,276,87,110,141,191,211,211,239,239,316,316,335,7,22,22,22,22,49,49,74,99,99,99,24,42,42,120,120,133,133,146,171,188,215,215,215,215,250,262,304,316,345,357,369],"floor_reached":51,"playtime":8292,"items_purged":[],"score":1677,"play_id":"71a87f3a-0f5e-4036-a1a8-4565e5979cdd","local_time":"20210907223431","is_ascension_mode":true,"campfire_choices":[{"data":"Eruption","floor":6.0,"key":"SMITH"},{"data":"Apotheosis","floor":15.0,"key":"SMITH"},{"floor":23.0,"key":"REST"},{"floor":32,"key":"REST"},{"floor":41,"key":"REST"},{"floor":45,"key":"REST"},{"data":"Clumsy","floor":47,"key":"PURGE"},{"floor":49,"key":"REST"}],"neow_cost":"NONE","seed_source_timestamp":34984457162200,"circlet_count":0,"master_deck":["AscendersBane","Strike_P","Strike_P","Defend_P","Eruption+1","Vigilance","SandsOfTime","Protect","CrushJoints","Apotheosis+1","Adaptation","Establishment","Consecrate","Meditate","WindmillStrike","Protect","LikeWater","Swivel","SpiritShield","ForeignInfluence","WindmillStrike+1","MentalFortress+1","Perseverance+1","CarveReality+1"],"special_seed":0,"relics":["PureWater","NeowsBlessing","Orichalcum","Ancient Tea Set","Juzu Bracelet","Incense Burner","Empty Cage","Sling","MutagenicStrength","Thread and Needle","Question Card","Bronze Scales","Molten Egg 2","Cursed Key","Torii","InkBottle","Peace Pipe","MawBank","Kunai"],"potions_floor_usage":[39,40,50],"damage_taken":[{"damage":0.0,"enemies":"Cultist","floor":1.0,"turns":1.0},{"damage":0.0,"enemies":"Jaw Worm","floor":4.0,"turns":1.0},{"damage":0.0,"enemies":"Gremlin Nob","floor":7.0,"turns":1.0},{"damage":0.0,"enemies":"Lagavulin","floor":10.0,"turns":5.0},{"damage":0.0,"enemies":"2 Louse","floor":12.0,"turns":2.0},{"damage":10.0,"enemies":"3 Sentries","floor":14.0,"turns":10.0},{"damage":6.0,"enemies":"Slime Boss","floor":16.0,"turns":4.0},{"damage":6.0,"enemies":"3 Byrds","floor":18.0,"turns":4.0},{"damage":10.0,"enemies":"Spheric Guardian","floor":20.0,"turns":4.0},{"damage":15.0,"enemies":"Gremlin Leader","floor":24.0,"turns":5.0},{"damage":9.0,"enemies":"Slavers","floor":27.0,"turns":4.0},{"damage":6.0,"enemies":"Colosseum Slavers","floor":28.0,"turns":5.0},{"damage":20,"enemies":"Cultist and Chosen","floor":31,"turns":5},{"damage":10,"enemies":"Champ","floor":33,"turns":9},{"damage":0,"enemies":"Orb Walker","floor":35,"turns":3},{"damage":0,"enemies":"3 Shapes","floor":37,"turns":5},{"damage":10,"enemies":"Mind Bloom Boss Battle","floor":38,"turns":7},{"damage":19,"enemies":"Jaw Worm Horde","floor":39,"turns":4},{"damage":0,"enemies":"Nemesis","floor":40,"turns":5},{"damage":25,"enemies":"Giant Head","floor":44,"turns":6},{"damage":0,"enemies":"Nemesis","floor":46,"turns":7},{"damage":9,"enemies":"Maw","floor":48,"turns":7},{"damage":15,"enemies":"Time Eater","floor":50,"turns":10}],"seed_played":"-1930640048769105963","potions_obtained":[{"floor":1.0,"key":"LiquidBronze"},{"floor":7.0,"key":"ColorlessPotion"},{"floor":14.0,"key":"LiquidMemories"},{"floor":18.0,"key":"DistilledChaos"},{"floor":27.0,"key":"EssenceOfSteel"},{"floor":33,"key":"DistilledChaos"},{"floor":37,"key":"Energy Potion"},{"floor":39,"key":"AttackPotion"},{"floor":40,"key":"BottledMiracle"},{"floor":48,"key":"Weak Potion"}],"is_trial":false,"path_per_floor":["M","$","?","M","?","R","E","$","T","E","?","M","?","E","R","B",null,"M","$","M","?","?","R","E","T","T","E","?","$","?","M","R","B",null,"M","?","M","?","M","E","R","?","T","E","R","E","R","M","R","B",null],"character_chosen":"WATCHER","items_purchased":["Weave","Apotheosis","Sling","Meditate","WindmillStrike"],"campfire_rested":5,"item_purchase_floors":[2,8,19,19,19],"current_hp_per_floor":[61,61,50,50,50,50,50,50,50,50,50,50,68,58,58,52,64,58,58,48,48,48,68,53,53,53,44,38,38,38,18,38,28,58,58,58,58,48,29,29,49,49,49,24,43,43,43,34,53,38],"gold":381,"neow_bonus":"THREE_ENEMY_KILL","is_prod":false,"is_daily":false,"chose_seed":false,"campfire_upgraded":2,"win_rate":0,"timestamp":1631046871,"path_taken":["M","?","?","M","?","R","E","$","T","E","?","M","?","E","R","BOSS","M","?","M","?","?","R","E","?","T","E","?","$","?","M","R","BOSS","M","?","M","?","M","E","R","?","T","E","R","E","R","M","R","BOSS"],"build_version":"2020-12-22","purchased_purges":0,"victory":true,"max_hp_per_floor":[68,68,68,68,68,68,68,68,68,68,68,68,68,68,68,68,68,68,68,68,68,68,68,68,68,68,68,68,68,68,68,68,68,68,68,68,68,68,68,68,68,65,65,65,65,65,65,65,65,65],"card_choices":[{"not_picked":["WaveOfTheHand","Evaluate"],"picked":"SandsOfTime","floor":1.0},{"not_picked":["Vengeance","Collect"],"picked":"Protect","floor":4.0},{"not_picked":["FollowUp","Crescendo"],"picked":"CrushJoints","floor":7.0},{"not_picked":["Protect","PathToVictory","ClearTheMind"],"picked":"SKIP","floor":10.0},{"not_picked":["CrushJoints","Prostrate"],"picked":"Adaptation","floor":12.0},{"not_picked":["JustLucky","Nirvana","CrushJoints"],"picked":"SKIP","floor":14.0},{"not_picked":["DeusExMachina","Judgement"],"picked":"Establishment","floor":16.0},{"not_picked":["PathToVictory","Prostrate"],"picked":"Consecrate","floor":18.0},{"not_picked":["SignatureMove","FlyingSleeves"],"picked":"Protect","floor":20.0},{"not_picked":["ClearTheMind","Evaluate+1"],"picked":"LikeWater","floor":24.0},{"not_picked":["TalkToTheHand+1","Prostrate","ClearTheMind+1","PathToVictory"],"picked":"SKIP","floor":27.0},{"not_picked":["PathToVictory","Crescendo","Prostrate+1"],"picked":"Swivel","floor":31},{"not_picked":["Alpha","Ragnarok+1","Establishment"],"picked":"SpiritShield","floor":33},{"not_picked":["Wireheading+1","WaveOfTheHand","EmptyMind","EmptyBody"],"picked":"SKIP","floor":35},{"not_picked":["ClearTheMind","FearNoEvil+1","Consecrate+1"],"picked":"ForeignInfluence","floor":37},{"not_picked":["Consecrate+1","EmptyFist+1","ClearTheMind+1"],"picked":"WindmillStrike+1","floor":39},{"not_picked":["Prostrate","FlurryOfBlows+1","JustLucky+1"],"picked":"MentalFortress+1","floor":40},{"not_picked":["Nirvana","BowlingBash+1","Pray","ClearTheMind"],"picked":"SKIP","floor":44},{"not_picked":["Judgement","Pray","Blasphemy"],"picked":"Perseverance+1","floor":46},{"not_picked":["FollowUp+1","EmptyBody+1","FlyingSleeves+1"],"picked":"CarveReality+1","floor":48}],"player_experience":1605024,"relics_obtained":[{"floor":7.0,"key":"Orichalcum"},{"floor":9.0,"key":"Ancient Tea Set"},{"floor":10.0,"key":"Juzu Bracelet"},{"floor":14.0,"key":"Incense Burner"},{"floor":24.0,"key":"Thread and Needle"},{"floor":25.0,"key":"Question Card"},{"floor":26.0,"key":"Bronze Scales"},{"floor":27.0,"key":"Molten Egg 2"},{"floor":38,"key":"Torii"},{"floor":40,"key":"InkBottle"},{"floor":43,"key":"Peace Pipe"},{"floor":44,"key":"MawBank"},{"floor":46,"key":"Kunai"}],"event_choices":[{"damage_healed":0.0,"max_hp_gain":0.0,"max_hp_loss":0.0,"gold_gain":75.0,"event_name":"World of Goop","player_choice":"Gather Gold","floor":3.0,"gold_loss":0.0,"damage_taken":11.0},{"damage_healed":0.0,"max_hp_gain":0.0,"max_hp_loss":0.0,"gold_gain":72.0,"event_name":"Golden Wing","player_choice":"Gained Gold","floor":5.0,"gold_loss":0.0,"damage_taken":0.0},{"damage_healed":0.0,"max_hp_gain":0.0,"max_hp_loss":0.0,"gold_gain":50.0,"event_name":"Golden Shrine","player_choice":"Pray","floor":11.0,"gold_loss":0.0,"damage_taken":0.0},{"cards_removed":["Weave"],"damage_healed":18.0,"max_hp_gain":0.0,"max_hp_loss":0.0,"gold_gain":0.0,"event_name":"Bonfire Elementals","player_choice":"Offered Uncommon","floor":13.0,"gold_loss":0.0,"damage_taken":0.0},{"damage_healed":0.0,"max_hp_gain":0.0,"max_hp_loss":0.0,"gold_gain":0.0,"event_name":"Drug Dealer","player_choice":"Inject Mutagens","floor":21.0,"gold_loss":0.0,"damage_taken":0.0,"relics_obtained":["MutagenicStrength"]},{"cards_removed":["Strike_P"],"damage_healed":0.0,"max_hp_gain":0.0,"max_hp_loss":0.0,"gold_gain":0.0,"event_name":"Back to Basics","player_choice":"Elegance","floor":22.0,"gold_loss":0.0,"damage_taken":0.0},{"damage_healed":0.0,"max_hp_gain":0.0,"max_hp_loss":0.0,"gold_gain":0.0,"event_name":"Colosseum","player_choice":"Fight","floor":28.0,"gold_loss":0.0,"damage_taken":0.0},{"damage_healed":0.0,"max_hp_gain":0.0,"max_hp_loss":0.0,"gold_gain":0.0,"event_name":"Colosseum","player_choice":"Fled From Nobs","floor":28.0,"gold_loss":0.0,"damage_taken":0.0},{"cards_removed":["Defend_P"],"damage_healed":0.0,"max_hp_gain":0.0,"max_hp_loss":0.0,"gold_gain":0.0,"event_name":"Beggar","player_choice":"Gave Gold","floor":30.0,"gold_loss":75.0,"damage_taken":0.0},{"cards_removed":["Defend_P"],"damage_healed":0,"gold_gain":0,"player_choice":"Removed Skill","damage_taken":0,"max_hp_gain":0,"max_hp_loss":0,"event_name":"Falling","floor":36,"gold_loss":0},{"damage_healed":0,"gold_gain":0,"player_choice":"Fight","damage_taken":0,"max_hp_gain":0,"max_hp_loss":0,"event_name":"MindBloom","floor":38,"gold_loss":0},{"damage_healed":0,"gold_gain":0,"player_choice":"Max HP","damage_taken":0,"max_hp_gain":0,"max_hp_loss":3,"event_name":"Winding Halls","floor":42,"gold_loss":0}],"is_beta":false,"boss_relics":[{"not_picked":["Ectoplasm","HolyWater"],"picked":"Empty Cage"},{"not_picked":["Coffee Dripper","SlaversCollar"],"picked":"Cursed Key"}],"items_purged_floors":[],"is_endless":false,"potions_floor_spawned":[1,7,14,18,27,33,37,39,40,48],"ascension_level":19}