{"gold_per_floor":[109,109,109,126,136,170,170,201,277,292,312,325,325],"floor_reached":13,"playtime":292,"items_purged":[],"score":102,"play_id":"c359d006-dbe9-4dea-a081-6245ac237700","local_time":"20211216223828","is_ascension_mode":true,"campfire_choices":[{"data":"Eruption","floor":7,"key":"SMITH"}],"neow_cost":"NONE","seed_source_timestamp":372814077255200,"circlet_count":0,"master_deck":["Strike_P+1","Strike_P+1","Strike_P","Defend_P","Defend_P","Defend_P","Defend_P","Eruption+1","Vigilance","ConjureBlade"],"relics":["Busted Crown","Du-Vu Doll","Whetstone","Question Card"],"potions_floor_usage":[8,13,13],"damage_taken":[{"damage":0,"enemies":"Small Slimes","floor":1,"turns":2},{"damage":7,"enemies":"2 Louse","floor":4,"turns":2},{"damage":0,"enemies":"Cultist","floor":5,"turns":4},{"damage":23,"enemies":"Lagavulin","floor":6,"turns":7},{"damage":25,"enemies":"Gremlin Nob","floor":8,"turns":3},{"damage":0,"enemies":"Looter","floor":10,"turns":4},{"damage":2,"enemies":"Blue Slaver","floor":11,"turns":4},{"damage":16,"enemies":"Large Slime","floor":12,"turns":2},{"damage":13,"enemies":"3 Sentries","floor":13,"turns":2}],"seed_played":"-3076778161255310316","potions_obtained":[{"floor":1,"key":"Regen Potion"},{"floor":4,"key":"PowerPotion"},{"floor":6,"key":"Fire Potion"},{"floor":12,"key":"PowerPotion"}],"is_trial":false,"path_per_floor":["M","?","?","M","M","E","R","E","T","M","M","M","E"],"character_chosen":"WATCHER","items_purchased":[],"campfire_rested":0,"item_purchase_floors":[],"current_hp_per_floor":[72,72,77,70,70,47,47,22,22,22,20,4,0],"gold":325,"neow_bonus":"BOSS_RELIC","is_prod":false,"is_daily":false,"chose_seed":false,"campfire_upgraded":1,"win_rate":0,"timestamp":1639690708,"path_taken":["M","?","?","M","M","E","R","E","T","M","M","M","E"],"build_version":"2020-12-22","purchased_purges":0,"victory":false,"max_hp_per_floor":[72,72,77,77,77,77,77,77,77,77,77,77,77],"card_choices":[{"not_picked":["Nirvana"],"picked":"SKIP","floor":1},{"not_picked":["Evaluate"],"picked":"SKIP","floor":4},{"not_picked":["EmptyMind"],"picked":"SKIP","floor":5},{"not_picked":["Consecrate"],"picked":"SKIP","floor":6},{"not_picked":[],"picked":"ConjureBlade","floor":8},{"not_picked":["Evaluate","Pray"],"picked":"SKIP","floor":10},{"not_picked":["Halt","WreathOfFlame"],"picked":"SKIP","floor":11},{"not_picked":["Evaluate","FollowUp"],"picked":"SKIP","floor":12}],"player_experience":1733986,"relics_obtained":[{"floor":6,"key":"Du-Vu Doll"},{"floor":8,"key":"Whetstone"},{"floor":9,"key":"Question Card"}],"event_choices":[{"cards_removed":["Strike_P"],"damage_healed":0,"gold_gain":0,"player_choice":"Forget","damage_taken":0,"max_hp_gain":0,"max_hp_loss":0,"event_name":"Living Wall","floor":2,"gold_loss":0},{"damage_healed":0,"gold_gain":0,"player_choice":"Donut","damage_taken":0,"max_hp_gain":5,"max_hp_loss":0,"event_name":"Big Fish","floor":3,"gold_loss":0}],"is_beta":false,"boss_relics":[],"items_purged_floors":[],"is_endless":false,"potions_floor_spawned":[1,4,6,12],"killed_by":"3 Sentries","ascension_level":1}