{"gold_per_floor":[368,1,19,169,94,94,123,123,168,168],"floor_reached":10,"playtime":231,"items_purged":[],"score":128,"play_id":"8f6c17b6-3036-45c6-b255-9ae337876dbb","local_time":"20220312200113","is_ascension_mode":true,"campfire_choices":[{"data":"WheelKick","floor":6,"key":"SMITH"},{"floor":8,"key":"REST"}],"neow_cost":"TEN_PERCENT_HP_LOSS","seed_source_timestamp":423445886751700,"circlet_count":0,"master_deck":["AscendersBane","Strike_P","Strike_P","Strike_P","Strike_P","Defend_P","Defend_P","Defend_P","Defend_P","Eruption","Vigilance","ForeignInfluence","WheelKick+1","MentalFortress"],"relics":["PureWater","Tiny Chest","OrangePellets","Boot","Omamori"],"potions_floor_usage":[7],"damage_taken":[{"damage":2,"enemies":"Cultist","floor":1,"turns":3},{"damage":0,"enemies":"Small Slimes","floor":3,"turns":2},{"damage":37,"enemies":"3 Sentries","floor":7,"turns":9},{"damage":67,"enemies":"Lagavulin Event","floor":10,"turns":5}],"seed_played":"-7857259968330343835","potions_obtained":[{"floor":3,"key":"SkillPotion"},{"floor":7,"key":"LiquidBronze"}],"is_trial":false,"path_per_floor":["M","$","M","?","?","R","E","R","T","?"],"character_chosen":"WATCHER","items_purchased":["Tiny Chest","WheelKick","OrangePellets"],"campfire_rested":1,"item_purchase_floors":[2,2,2],"current_hp_per_floor":[59,59,59,59,59,59,22,40,40,0],"gold":168,"neow_bonus":"TWO_FIFTY_GOLD","is_prod":false,"is_daily":false,"chose_seed":false,"campfire_upgraded":1,"win_rate":0,"timestamp":1647111673,"path_taken":["M","?","M","?","?","R","E","R","T","?"],"build_version":"2022-03-07","purchased_purges":0,"victory":false,"max_hp_per_floor":[62,62,62,62,62,62,62,62,62,62],"card_choices":[{"not_picked":["Protect","JustLucky"],"picked":"ForeignInfluence","floor":1},{"not_picked":["Protect","EmptyBody"],"picked":"MentalFortress","floor":3},{"not_picked":["Prostrate","ClearTheMind","Halt"],"picked":"SKIP","floor":7}],"player_experience":1819703,"relics_obtained":[{"floor":7,"key":"Boot"},{"floor":9,"key":"Omamori"}],"event_choices":[{"damage_healed":0,"gold_gain":150,"player_choice":"AGREE","damage_taken":0,"max_hp_gain":0,"max_hp_loss":0,"event_name":"Liars Game","floor":4,"gold_loss":0,"cards_obtained":["Doubt"]},{"cards_removed":["Doubt"],"damage_healed":0,"gold_gain":0,"player_choice":"Card Removal","damage_taken":0,"max_hp_gain":0,"max_hp_loss":0,"event_name":"The Cleric","floor":5,"gold_loss":75},{"damage_healed":0,"gold_gain":0,"player_choice":"Searched \u00272\u0027 times","damage_taken":0,"max_hp_gain":0,"max_hp_loss":0,"event_name":"Dead Adventurer","floor":10,"gold_loss":0}],"is_beta":false,"boss_relics":[],"items_purged_floors":[],"is_endless":false,"potions_floor_spawned":[3,7],"killed_by":"Lagavulin Event","ascension_level":20}