{"gold_per_floor":[115,115,131,131,131,162,162,198,198,37,187,187],"floor_reached":12,"playtime":195,"items_purged":[],"score":218,"play_id":"1d075ab8-4445-4818-a17e-f08c3022a32b","local_time":"20220409140439","is_ascension_mode":true,"campfire_choices":[{"data":"Regret","floor":7,"key":"PURGE"}],"neow_cost":"NONE","seed_source_timestamp":1885907607400,"circlet_count":0,"master_deck":["AscendersBane","Strike_P","Strike_P+1","Strike_P","Strike_P","Defend_P","Defend_P","Defend_P","Defend_P","Eruption","Vigilance+1","Worship","Conclude","Injury","FearNoEvil","WreathOfFlame","Doubt"],"relics":["PureWater","NeowsBlessing","Peace Pipe","Golden Idol","StrikeDummy","TungstenRod","Girya","Vajra"],"potions_floor_usage":[8],"damage_taken":[{"damage":0,"enemies":"Jaw Worm","floor":1,"turns":1},{"damage":0,"enemies":"Small Slimes","floor":3,"turns":1},{"damage":0,"enemies":"3 Sentries","floor":6,"turns":1},{"damage":27,"enemies":"Lagavulin","floor":8,"turns":8},{"damage":22,"enemies":"Gremlin Nob","floor":12,"turns":3}],"seed_played":"-2581755365947047447","potions_obtained":[{"floor":1,"key":"GamblersBrew"},{"floor":8,"key":"Strength Potion"}],"is_trial":false,"path_per_floor":["M","?","M","?","?","E","R","E","T","$","?","E"],"character_chosen":"WATCHER","items_purchased":["Vajra"],"campfire_rested":0,"item_purchase_floors":[10],"current_hp_per_floor":[61,61,61,41,41,41,41,14,14,14,14,0],"gold":187,"neow_bonus":"THREE_ENEMY_KILL","is_prod":false,"is_daily":false,"chose_seed":false,"campfire_upgraded":0,"win_rate":0,"timestamp":1649505879,"path_taken":["M","?","M","?","?","E","R","E","T","$","?","E"],"build_version":"2022-03-07","purchased_purges":0,"victory":false,"max_hp_per_floor":[68,68,68,68,68,68,68,68,68,68,68,68],"card_choices":[{"not_picked":["TalkToTheHand","FollowUp"],"picked":"Worship","floor":1},{"not_picked":["FollowUp","Crescendo"],"picked":"Conclude","floor":3},{"not_picked":["Pray","EmptyBody"],"picked":"FearNoEvil","floor":6},{"not_picked":["FollowUp","EmptyBody"],"picked":"WreathOfFlame","floor":8}],"player_experience":1862335,"relics_obtained":[{"floor":6,"key":"StrikeDummy"},{"floor":8,"key":"TungstenRod"},{"floor":9,"key":"Girya"}],"event_choices":[{"damage_healed":0,"gold_gain":0,"player_choice":"Box","damage_taken":0,"relics_obtained":["Peace Pipe"],"max_hp_gain":0,"max_hp_loss":0,"event_name":"Big Fish","floor":2,"gold_loss":0,"cards_obtained":["Regret"]},{"damage_healed":0,"gold_gain":0,"player_choice":"Entered Light","damage_taken":20,"max_hp_gain":0,"max_hp_loss":0,"event_name":"Shining Light","floor":4,"gold_loss":0,"cards_upgraded":["Vigilance","Strike_P"]},{"damage_healed":0,"gold_gain":0,"player_choice":"Take Wound","damage_taken":0,"relics_obtained":["Golden Idol"],"max_hp_gain":0,"max_hp_loss":0,"event_name":"Golden Idol","floor":5,"gold_loss":0,"cards_obtained":["Injury"]},{"damage_healed":0,"gold_gain":150,"player_choice":"AGREE","damage_taken":0,"max_hp_gain":0,"max_hp_loss":0,"event_name":"Liars Game","floor":11,"gold_loss":0,"cards_obtained":["Doubt"]}],"is_beta":false,"boss_relics":[],"items_purged_floors":[],"is_endless":false,"potions_floor_spawned":[1,8],"killed_by":"Gremlin Nob","ascension_level":20}