{"gold_per_floor":[115,115,190,2,34,89,89,149,149,193,153,153,178],"floor_reached":13,"playtime":324,"items_purged":[],"score":182,"play_id":"1803c432-616e-4c0d-ab0b-87c45baeffe3","local_time":"20220713091229","is_ascension_mode":true,"campfire_choices":[{"data":"HandOfGreed","floor":7,"key":"SMITH"}],"neow_cost":"NONE","seed_source_timestamp":1440600479191800,"circlet_count":0,"master_deck":["AscendersBane","Strike_P","Strike_P","Strike_P","Defend_P","Defend_P","Defend_P","Defend_P","Eruption","Vigilance","InnerPeace","HandOfGreed+1","Halt","Evaluate","BowlingBash"],"relics":["PureWater","NeowsBlessing","Question Card","Turnip","InkBottle","Golden Idol"],"potions_floor_usage":[8],"damage_taken":[{"damage":0,"enemies":"Jaw Worm","floor":1,"turns":1},{"damage":0,"enemies":"Cultist","floor":5,"turns":1},{"damage":2,"enemies":"3 Sentries","floor":6,"turns":2},{"damage":35,"enemies":"Lagavulin","floor":8,"turns":4},{"damage":0,"enemies":"2 Louse","floor":10,"turns":3},{"damage":1,"enemies":"Looter","floor":11,"turns":4},{"damage":15,"enemies":"Exordium Thugs","floor":13,"turns":2}],"seed_played":"-13590153506556455","potions_obtained":[{"floor":1,"key":"LiquidBronze"},{"floor":6,"key":"SneckoOil"}],"is_trial":false,"path_per_floor":["M","?","?","$","M","E","R","E","T","M","M","?","M"],"character_chosen":"WATCHER","items_purchased":["HandOfGreed"],"campfire_rested":0,"item_purchase_floors":[4],"current_hp_per_floor":[61,54,43,43,43,41,41,6,6,6,5,5,0],"gold":178,"neow_bonus":"THREE_ENEMY_KILL","is_prod":false,"is_daily":false,"chose_seed":false,"campfire_upgraded":1,"win_rate":0,"timestamp":1657696349,"path_taken":["M","?","?","?","?","E","R","E","T","M","M","?","M"],"build_version":"2022-03-07","purchased_purges":0,"victory":false,"max_hp_per_floor":[68,68,68,68,68,68,68,68,68,68,68,62,62],"card_choices":[{"not_picked":["ThirdEye","CutThroughFate"],"picked":"InnerPeace","floor":1},{"not_picked":["CutThroughFate","Wireheading","Indignation"],"picked":"SKIP","floor":5},{"not_picked":["JustLucky","Study","Wireheading"],"picked":"SKIP","floor":6},{"not_picked":["FlurryOfBlows","Adaptation","FearNoEvil"],"picked":"Halt","floor":8},{"not_picked":["CrushJoints","Prostrate","JustLucky"],"picked":"Evaluate","floor":10},{"not_picked":["Adaptation","EmptyFist","EmptyMind"],"picked":"BowlingBash","floor":11}],"player_experience":1884775,"relics_obtained":[{"floor":6,"key":"Question Card"},{"floor":8,"key":"Turnip"},{"floor":9,"key":"InkBottle"}],"event_choices":[{"cards_removed":["Strike_P"],"damage_healed":0,"gold_gain":0,"player_choice":"Card Removal","damage_taken":7,"max_hp_gain":0,"max_hp_loss":0,"event_name":"Golden Wing","floor":2,"gold_loss":0},{"damage_healed":0,"gold_gain":75,"player_choice":"Gather Gold","damage_taken":11,"max_hp_gain":0,"max_hp_loss":0,"event_name":"World of Goop","floor":3,"gold_loss":0},{"damage_healed":0,"gold_gain":0,"player_choice":"Lose Max HP","damage_taken":0,"relics_obtained":["Golden Idol"],"max_hp_gain":0,"max_hp_loss":6,"event_name":"Golden Idol","floor":12,"gold_loss":0}],"is_beta":false,"boss_relics":[],"items_purged_floors":[],"is_endless":false,"potions_floor_spawned":[1,6],"killed_by":"Exordium Thugs","ascension_level":20}