{"gold_per_floor":[116,116,116,41,56,56,85,110,168,180,203,235,273,342,354,440,452,477,489,501,529,541],"floor_reached":22,"playtime":579,"items_purged":["Pain"],"score":488,"play_id":"2fcabe23-d4e4-4e60-8167-96401aadbf06","local_time":"20220718222043","is_ascension_mode":true,"campfire_choices":[{"data":"Eruption","floor":6,"key":"SMITH"},{"data":"WreathOfFlame","floor":10,"key":"SMITH"},{"floor":15,"key":"REST"}],"neow_cost":"NONE","seed_source_timestamp":46442146834200,"circlet_count":0,"master_deck":["AscendersBane","Strike_P","Strike_P","Defend_P","Defend_P","Defend_P","Defend_P","Eruption+1","Vigilance","WindmillStrike+1","Swivel","WreathOfFlame+1","Vault","Wish","Shame"],"relics":["PureWater","NeowsBlessing","WarpedTongs","MawBank","Tiny Chest","Letter Opener","Pear","Empty Cage","Sundial","The Courier"],"potions_floor_usage":[14,16,18],"damage_taken":[{"damage":0,"enemies":"Jaw Worm","floor":1,"turns":1},{"damage":0,"enemies":"2 Louse","floor":5,"turns":2},{"damage":0,"enemies":"Lagavulin","floor":7,"turns":1},{"damage":2,"enemies":"Cultist","floor":8,"turns":3},{"damage":0,"enemies":"2 Fungi Beasts","floor":11,"turns":2},{"damage":5,"enemies":"Blue Slaver","floor":12,"turns":6},{"damage":0,"enemies":"Gremlin Nob","floor":13,"turns":3},{"damage":15,"enemies":"Lagavulin Event","floor":14,"turns":6},{"damage":30,"enemies":"Slime Boss","floor":16,"turns":8},{"damage":20,"enemies":"2 Thieves","floor":18,"turns":5},{"damage":22,"enemies":"Shell Parasite","floor":21,"turns":8},{"damage":55,"enemies":"Shelled Parasite and Fungi","floor":22,"turns":4}],"seed_played":"6846686646925030059","potions_obtained":[{"floor":7,"key":"LiquidMemories"},{"floor":8,"key":"DistilledChaos"},{"floor":14,"key":"Explosive Potion"}],"is_trial":false,"path_per_floor":["M","?","?","$","M","R","E","M","T","R","M","M","E","?","R","B",null,"M","?","T","M","M"],"character_chosen":"WATCHER","items_purchased":[],"campfire_rested":1,"item_purchase_floors":[],"current_hp_per_floor":[61,61,61,61,61,61,61,59,59,59,59,54,54,49,72,42,69,49,49,49,27,0],"gold":541,"neow_bonus":"THREE_ENEMY_KILL","is_prod":false,"is_daily":false,"chose_seed":false,"campfire_upgraded":2,"win_rate":0,"timestamp":1658175643,"path_taken":["M","?","?","$","M","R","E","M","T","R","M","?","E","?","R","BOSS","M","?","?","M","?"],"build_version":"2022-03-07","purchased_purges":1,"victory":false,"max_hp_per_floor":[68,68,68,68,68,68,68,68,68,68,68,68,68,78,78,78,78,78,78,78,78,78],"card_choices":[{"not_picked":["Consecrate","Prostrate"],"picked":"WindmillStrike","floor":1},{"not_picked":["PathToVictory","SashWhip"],"picked":"Swivel","floor":5},{"not_picked":["Halt","CrushJoints","EmptyBody"],"picked":"SKIP","floor":7},{"not_picked":["Crescendo","CrushJoints"],"picked":"WreathOfFlame","floor":8},{"not_picked":["BowlingBash","BattleHymn"],"picked":"Vault","floor":11},{"not_picked":["CarveReality","Meditate","Tantrum"],"picked":"SKIP","floor":12},{"not_picked":["FlyingSleeves","FollowUp","PathToVictory"],"picked":"SKIP","floor":13},{"not_picked":["Judgement","MasterReality"],"picked":"Wish","floor":16},{"not_picked":["Fasting2","Halt","FlurryOfBlows"],"picked":"SKIP","floor":18},{"not_picked":["CutThroughFate","ClearTheMind","Evaluate"],"picked":"SKIP","floor":21}],"player_experience":1885818,"relics_obtained":[{"floor":7,"key":"MawBank"},{"floor":9,"key":"Tiny Chest"},{"floor":13,"key":"Letter Opener"},{"floor":14,"key":"Pear"},{"floor":20,"key":"The Courier"}],"event_choices":[{"damage_healed":0,"gold_gain":0,"player_choice":"Grow","damage_taken":0,"max_hp_gain":0,"max_hp_loss":0,"event_name":"Living Wall","floor":2,"gold_loss":0,"cards_upgraded":["WindmillStrike"]},{"damage_healed":0,"gold_gain":0,"player_choice":"Rummage","damage_taken":0,"relics_obtained":["WarpedTongs"],"max_hp_gain":0,"max_hp_loss":0,"event_name":"Accursed Blacksmith","floor":3,"gold_loss":0,"cards_obtained":["Pain"]},{"damage_healed":0,"gold_gain":0,"player_choice":"Searched \u00272\u0027 times","damage_taken":0,"max_hp_gain":0,"max_hp_loss":0,"event_name":"Dead Adventurer","floor":14,"gold_loss":0},{"damage_healed":0,"gold_gain":0,"player_choice":"Stole Relic","damage_taken":0,"relics_obtained":["Sundial"],"max_hp_gain":0,"max_hp_loss":0,"event_name":"Addict","floor":19,"gold_loss":0,"cards_obtained":["Shame"]}],"is_beta":false,"boss_relics":[{"not_picked":["Ectoplasm","Sozu"],"picked":"Empty Cage"}],"items_purged_floors":[4],"is_endless":false,"potions_floor_spawned":[7,8,12,14],"killed_by":"Shelled Parasite and Fungi","ascension_level":20}