{"gold_per_floor":[118,43,6,26,26,58,58,89,113,113,129,129],"floor_reached":12,"playtime":191,"items_purged":[],"score":222,"play_id":"5b666bd8-bf69-43d8-9936-1725dc6431ea","local_time":"20221120194320","is_ascension_mode":true,"campfire_choices":[{"data":"PathToVictory","floor":7,"key":"SMITH"},{"floor":10,"key":"DIG"}],"neow_cost":"NONE","seed_source_timestamp":34861416818700,"circlet_count":0,"master_deck":["AscendersBane","Strike_P","Strike_P","Strike_P","Defend_P","Defend_P","Defend_P","Defend_P","Eruption","Vigilance","PathToVictory","Vengeance","PathToVictory+1","Pain","Collect","LessonLearned"],"relics":["PureWater","NeowsBlessing","WarpedTongs","Nunchaku","Shovel","Pen Nib"],"potions_floor_usage":[12],"damage_taken":[{"damage":0,"enemies":"Cultist","floor":1,"turns":1},{"damage":0,"enemies":"2 Louse","floor":4,"turns":1},{"damage":0,"enemies":"Gremlin Nob","floor":6,"turns":1},{"damage":27,"enemies":"Lagavulin","floor":8,"turns":5},{"damage":8,"enemies":"Jaw Worm","floor":11,"turns":5},{"damage":79,"enemies":"Gremlin Nob","floor":12,"turns":3}],"seed_played":"5705216308757173507","potions_obtained":[{"floor":1,"key":"Fire Potion"},{"floor":8,"key":"Dexterity Potion"}],"is_trial":false,"path_per_floor":["M","?","$","M","?","E","R","E","T","R","M","E"],"character_chosen":"WATCHER","items_purchased":["Vengeance"],"campfire_rested":0,"item_purchase_floors":[3],"current_hp_per_floor":[61,61,61,61,61,61,61,34,34,34,26,0],"gold":129,"neow_bonus":"THREE_ENEMY_KILL","is_prod":false,"is_daily":false,"chose_seed":false,"campfire_upgraded":1,"win_rate":0,"timestamp":1668969800,"path_taken":["M","?","$","M","?","E","R","E","T","R","M","E"],"build_version":"2022-10-04","purchased_purges":0,"victory":false,"max_hp_per_floor":[68,68,68,68,68,68,68,68,68,68,68,68],"card_choices":[{"not_picked":["WreathOfFlame","WaveOfTheHand"],"picked":"PathToVictory","floor":1},{"not_picked":["Worship","Perseverance"],"picked":"PathToVictory","floor":4},{"not_picked":["FearNoEvil","CrushJoints"],"picked":"Collect","floor":6},{"not_picked":["Fasting2","Evaluate"],"picked":"LessonLearned","floor":8},{"not_picked":["ThirdEye","Tantrum","CutThroughFate"],"picked":"SKIP","floor":11}],"player_experience":1958770,"relics_obtained":[{"floor":6,"key":"Nunchaku"},{"floor":8,"key":"Shovel"},{"floor":10,"key":"Pen Nib"}],"event_choices":[{"cards_removed":["Strike_P"],"damage_healed":0,"gold_gain":0,"player_choice":"Card Removal","damage_taken":0,"max_hp_gain":0,"max_hp_loss":0,"event_name":"The Cleric","floor":2,"gold_loss":75},{"damage_healed":0,"gold_gain":0,"player_choice":"Rummage","damage_taken":0,"relics_obtained":["WarpedTongs"],"max_hp_gain":0,"max_hp_loss":0,"event_name":"Accursed Blacksmith","floor":5,"gold_loss":0,"cards_obtained":["Pain"]}],"is_beta":false,"boss_relics":[],"items_purged_floors":[],"is_endless":false,"potions_floor_spawned":[1,8,11],"killed_by":"Gremlin Nob","ascension_level":20}