{"gold_per_floor":[118,138,288,135,154,181,181,197,197,197,224,224,251,251,251,330,330,350,350],"floor_reached":19,"playtime":666,"items_purged":["Doubt"],"score":520,"play_id":"55d5693b-3e47-4015-a385-2fca1a6a6b37","local_time":"20221116201321","is_ascension_mode":true,"campfire_choices":[{"data":"WreathOfFlame","floor":7,"key":"SMITH"},{"data":"Eruption","floor":10,"key":"SMITH"},{"data":"ConjureBlade","floor":12,"key":"SMITH"},{"floor":15,"key":"REST"}],"neow_cost":"NONE","seed_source_timestamp":298445310004000,"circlet_count":0,"master_deck":["AscendersBane","Strike_P","Strike_P","Strike_P","Strike_P","Defend_P","Defend_P","Defend_P","Defend_P","Eruption+1","Vigilance","FearNoEvil","WheelKick","LikeWater","Collect+1","WreathOfFlame+1","Pray","ConjureBlade+1","Prostrate","MasterReality"],"relics":["HolyWater","NeowsBlessing","Unceasing Top","White Beast Statue","Sundial","Akabeko"],"potions_floor_usage":[11,16,18,19],"damage_taken":[{"damage":0,"enemies":"Small Slimes","floor":1,"turns":1},{"damage":0,"enemies":"Cultist","floor":2,"turns":1},{"damage":0,"enemies":"Jaw Worm","floor":5,"turns":1},{"damage":0,"enemies":"Lagavulin","floor":6,"turns":7},{"damage":7,"enemies":"2 Fungi Beasts","floor":8,"turns":3},{"damage":22,"enemies":"3 Sentries","floor":11,"turns":11},{"damage":10,"enemies":"Lagavulin","floor":13,"turns":5},{"damage":0,"enemies":"Slime Boss","floor":16,"turns":3},{"damage":43,"enemies":"2 Thieves","floor":18,"turns":4},{"damage":29,"enemies":"Shell Parasite","floor":19,"turns":2}],"seed_played":"8306636611309093475","potions_obtained":[{"floor":2,"key":"Explosive Potion"},{"floor":11,"key":"Strength Potion"},{"floor":13,"key":"BlessingOfTheForge"},{"floor":16,"key":"Strength Potion"},{"floor":18,"key":"Swift Potion"}],"is_trial":false,"path_per_floor":["M","M","?","$","M","E","R","M","T","R","E","R","E","?","R","B",null,"M","M"],"character_chosen":"WATCHER","items_purchased":["LikeWater"],"campfire_rested":1,"item_purchase_floors":[4],"current_hp_per_floor":[61,61,61,61,61,61,61,54,54,54,32,32,22,22,42,42,62,19,0],"gold":350,"neow_bonus":"THREE_ENEMY_KILL","is_prod":false,"is_daily":false,"chose_seed":false,"campfire_upgraded":3,"win_rate":0,"timestamp":1668626001,"path_taken":["M","M","?","$","M","E","R","M","T","R","E","R","E","?","R","BOSS","M","?"],"build_version":"2022-10-04","purchased_purges":1,"victory":false,"max_hp_per_floor":[68,68,68,68,68,68,68,68,68,68,68,68,68,68,68,68,68,68,68],"card_choices":[{"not_picked":["FlyingSleeves","Evaluate"],"picked":"FearNoEvil","floor":1},{"not_picked":["FlyingSleeves","JustLucky"],"picked":"WheelKick","floor":2},{"not_picked":["Protect","ClearTheMind"],"picked":"Collect","floor":5},{"not_picked":["ThirdEye","FlurryOfBlows"],"picked":"WreathOfFlame","floor":6},{"not_picked":["Protect","BattleHymn"],"picked":"Pray","floor":8},{"not_picked":["FlyingSleeves","Worship"],"picked":"ConjureBlade","floor":11},{"not_picked":["ClearTheMind","SashWhip"],"picked":"Prostrate","floor":13},{"not_picked":["Wish","Brilliance"],"picked":"MasterReality","floor":16},{"not_picked":["CrushJoints","Halt","CutThroughFate"],"picked":"SKIP","floor":18}],"player_experience":1938099,"relics_obtained":[{"floor":6,"key":"Unceasing Top"},{"floor":9,"key":"White Beast Statue"},{"floor":11,"key":"Sundial"},{"floor":13,"key":"Akabeko"}],"event_choices":[{"damage_healed":0,"gold_gain":150,"player_choice":"AGREE","damage_taken":0,"max_hp_gain":0,"max_hp_loss":0,"event_name":"Liars Game","floor":3,"gold_loss":0,"cards_obtained":["Doubt"]},{"damage_healed":0,"gold_gain":0,"player_choice":"Forge","damage_taken":0,"max_hp_gain":0,"max_hp_loss":0,"event_name":"Accursed Blacksmith","floor":14,"gold_loss":0,"cards_upgraded":["Collect"]}],"is_beta":false,"boss_relics":[{"not_picked":["Busted Crown","Snecko Eye"],"picked":"HolyWater"}],"items_purged_floors":[4],"is_endless":false,"potions_floor_spawned":[2,11,13,16,18],"killed_by":"Shell Parasite","ascension_level":20}