{"gold_per_floor":[114,114,79,55,69,97,113,142,190,190],"floor_reached":10,"playtime":380,"items_purged":[],"score":202,"play_id":"3ffbaae5-fefc-4c65-b3c2-f412ee738018","local_time":"20221116203431","is_ascension_mode":true,"campfire_choices":[],"neow_cost":"NONE","seed_source_timestamp":300002501936200,"circlet_count":0,"master_deck":["AscendersBane","Strike_P","Strike_P+1","Strike_P","Strike_P","Defend_P","Defend_P","Defend_P","Defend_P","Eruption","Vigilance+1","CrushJoints","PathToVictory","Fasting2","InnerPeace","Indignation","MentalFortress"],"relics":["PureWater","NeowsBlessing","Question Card","Happy Flower"],"potions_floor_usage":[8],"damage_taken":[{"damage":0,"enemies":"Jaw Worm","floor":1,"turns":1},{"damage":0,"enemies":"Cultist","floor":5,"turns":1},{"damage":0,"enemies":"Lagavulin","floor":6,"turns":1},{"damage":0,"enemies":"Small Slimes","floor":7,"turns":2},{"damage":32,"enemies":"3 Sentries","floor":8,"turns":18},{"damage":42,"enemies":"Gremlin Nob","floor":10,"turns":3}],"seed_played":"6335215160468761988","potions_obtained":[{"floor":5,"key":"PowerPotion"},{"floor":7,"key":"Strength Potion"},{"floor":8,"key":"Fire Potion"}],"is_trial":false,"path_per_floor":["M","?","?","$","M","E","M","E","T","E"],"character_chosen":"WATCHER","items_purchased":["PathToVictory"],"campfire_rested":0,"item_purchase_floors":[4],"current_hp_per_floor":[61,41,58,58,58,58,58,26,26,0],"gold":190,"neow_bonus":"THREE_ENEMY_KILL","is_prod":false,"is_daily":false,"chose_seed":false,"campfire_upgraded":0,"win_rate":0,"timestamp":1668627271,"path_taken":["M","?","?","$","M","E","M","E","T","E"],"build_version":"2022-10-04","purchased_purges":0,"victory":false,"max_hp_per_floor":[68,68,68,68,68,68,68,68,68,68],"card_choices":[{"not_picked":["Evaluate","ClearTheMind"],"picked":"CrushJoints","floor":1},{"not_picked":["Consecrate","EmptyBody"],"picked":"Fasting2","floor":5},{"not_picked":["ThirdEye","CutThroughFate"],"picked":"InnerPeace","floor":6},{"not_picked":["Wireheading","Consecrate","FlurryOfBlows"],"picked":"Indignation","floor":7},{"not_picked":["Halt","Alpha","Crescendo"],"picked":"MentalFortress","floor":8}],"player_experience":1939599,"relics_obtained":[{"floor":6,"key":"Question Card"},{"floor":8,"key":"Happy Flower"}],"event_choices":[{"damage_healed":0,"gold_gain":0,"player_choice":"Entered Light","damage_taken":20,"max_hp_gain":0,"max_hp_loss":0,"event_name":"Shining Light","floor":2,"gold_loss":0,"cards_upgraded":["Vigilance","Strike_P"]},{"damage_healed":17,"gold_gain":0,"player_choice":"Healed","damage_taken":0,"max_hp_gain":0,"max_hp_loss":0,"event_name":"The Cleric","floor":3,"gold_loss":35}],"is_beta":false,"boss_relics":[],"items_purged_floors":[],"is_endless":false,"potions_floor_spawned":[5,7,8],"killed_by":"Gremlin Nob","ascension_level":20}