{"gold_per_floor":[109,109,34,34,53,97,127,127,127,143,143,174,189,189],"floor_reached":14,"playtime":248,"items_purged":["Injury"],"score":246,"play_id":"26db427a-fd01-424a-96d6-896f96ae7514","local_time":"20230117181209","is_ascension_mode":true,"campfire_choices":[{"data":"Halt","floor":11,"key":"SMITH"}],"neow_cost":"NONE","seed_source_timestamp":83068446185500,"circlet_count":0,"master_deck":["AscendersBane","Strike_P","Strike_P","Strike_P","Strike_P","Defend_P","Defend_P","Defend_P","Eruption+1","Vigilance","Adaptation","Wireheading","Prostrate","Crescendo","Halt+1","BattleHymn","SandsOfTime"],"relics":["PureWater","NeowsBlessing","Golden Idol","Matryoshka","Omamori","Orichalcum","Ornamental Fan","Vajra"],"potions_floor_usage":[12,12],"damage_taken":[{"damage":0,"enemies":"Small Slimes","floor":1,"turns":1},{"damage":0,"enemies":"2 Louse","floor":5,"turns":1},{"damage":0,"enemies":"Lagavulin","floor":6,"turns":1},{"damage":0,"enemies":"Cultist","floor":10,"turns":2},{"damage":17,"enemies":"Gremlin Nob","floor":12,"turns":4},{"damage":30,"enemies":"Exordium Thugs","floor":13,"turns":4},{"damage":15,"enemies":"Gremlin Gang","floor":14,"turns":2}],"seed_played":"-1896529710737029349","potions_obtained":[{"floor":1,"key":"DistilledChaos"},{"floor":10,"key":"Swift Potion"},{"floor":12,"key":"Regen Potion"}],"is_trial":false,"path_per_floor":["M","?","$","?","M","E","?","?","T","M","R","E","M","M"],"character_chosen":"WATCHER","items_purchased":[],"campfire_rested":0,"item_purchase_floors":[],"current_hp_per_floor":[61,61,61,61,61,61,61,61,61,61,61,44,14,0],"gold":189,"neow_bonus":"THREE_ENEMY_KILL","is_prod":false,"is_daily":false,"chose_seed":false,"campfire_upgraded":1,"win_rate":0,"timestamp":1673975529,"path_taken":["M","?","$","?","M","E","?","?","T","M","R","E","?","M"],"build_version":"2022-12-18","purchased_purges":1,"victory":false,"max_hp_per_floor":[68,68,68,68,68,68,68,68,68,68,68,68,68,68],"card_choices":[{"not_picked":["Protect","PathToVictory"],"picked":"Adaptation","floor":1},{"not_picked":["DeceiveReality","FollowUp"],"picked":"Prostrate","floor":5},{"not_picked":["Swivel","DeceiveReality"],"picked":"Crescendo","floor":6},{"not_picked":["Crescendo","ForeignInfluence"],"picked":"Halt","floor":10},{"not_picked":["Alpha","Sanctity"],"picked":"BattleHymn","floor":12},{"not_picked":["FollowUp","JustLucky"],"picked":"SandsOfTime","floor":13}],"player_experience":2004489,"relics_obtained":[{"floor":6,"key":"Matryoshka"},{"floor":9,"key":"Orichalcum"},{"floor":9,"key":"Ornamental Fan"},{"floor":12,"key":"Vajra"}],"event_choices":[{"damage_healed":0,"gold_gain":0,"player_choice":"Take Wound","damage_taken":0,"relics_obtained":["Golden Idol"],"max_hp_gain":0,"max_hp_loss":0,"event_name":"Golden Idol","floor":2,"gold_loss":0,"cards_obtained":["Injury"]},{"damage_healed":0,"gold_gain":0,"cards_transformed":["Defend_P"],"player_choice":"Change","damage_taken":0,"max_hp_gain":0,"max_hp_loss":0,"event_name":"Living Wall","floor":4,"gold_loss":0,"cards_obtained":["Wireheading"]},{"damage_healed":0,"gold_gain":30,"player_choice":"Searched \u00272\u0027 times","damage_taken":0,"relics_obtained":["Omamori"],"max_hp_gain":0,"max_hp_loss":0,"event_name":"Dead Adventurer","floor":7,"gold_loss":0},{"damage_healed":0,"gold_gain":0,"player_choice":"Forge","damage_taken":0,"max_hp_gain":0,"max_hp_loss":0,"event_name":"Accursed Blacksmith","floor":8,"gold_loss":0,"cards_upgraded":["Eruption"]}],"is_beta":false,"boss_relics":[],"items_purged_floors":[3],"is_endless":false,"potions_floor_spawned":[1,10,12],"killed_by":"Gremlin Gang","ascension_level":20}