{"gold_per_floor":[119,119,119,145,145,145,179,179,179,190,340,358,386,405,405,405],"floor_reached":16,"playtime":367,"items_purged":[],"score":266,"play_id":"90a792c4-0215-4bb8-854a-9852ad2413d0","local_time":"20230116212327","is_ascension_mode":true,"campfire_choices":[{"data":"Eruption","floor":6,"key":"SMITH"},{"data":"ForeignInfluence","floor":8,"key":"SMITH"},{"data":"Vigilance","floor":15,"key":"SMITH"}],"neow_cost":"NONE","seed_source_timestamp":8026226054200,"circlet_count":0,"master_deck":["AscendersBane","Strike_P+1","Strike_P","Strike_P","Defend_P","Defend_P","Defend_P+1","Defend_P","Eruption+1","Vigilance+1","InnerPeace+1","Weave+1","Writhe","ForeignInfluence+1","Doubt","JustLucky","CutThroughFate+1"],"relics":["PureWater","NeowsBlessing","Damaru","Whetstone","Molten Egg 2"],"potions_floor_usage":[16],"damage_taken":[{"damage":0,"enemies":"Jaw Worm","floor":1,"turns":1},{"damage":0,"enemies":"3 Sentries","floor":7,"turns":2},{"damage":0,"enemies":"2 Louse","floor":10,"turns":2},{"damage":0,"enemies":"Cultist","floor":12,"turns":3},{"damage":15,"enemies":"Lagavulin","floor":13,"turns":6},{"damage":0,"enemies":"Large Slime","floor":14,"turns":3},{"damage":29,"enemies":"Hexaghost","floor":16,"turns":9}],"seed_played":"5369495244276329657","potions_obtained":[{"floor":1,"key":"Block Potion"},{"floor":12,"key":"LiquidMemories"}],"is_trial":false,"path_per_floor":["M","?","?","T","?","R","E","R","T","M","?","M","E","M","R","B"],"character_chosen":"WATCHER","items_purchased":[],"campfire_rested":0,"item_purchase_floors":[],"current_hp_per_floor":[61,61,41,41,41,41,41,41,41,41,41,41,26,26,26,0],"gold":405,"neow_bonus":"THREE_ENEMY_KILL","is_prod":false,"is_daily":false,"chose_seed":false,"campfire_upgraded":3,"win_rate":0,"timestamp":1673900607,"path_taken":["M","?","?","?","?","R","E","R","T","?","?","M","E","M","R","BOSS"],"build_version":"2022-12-18","purchased_purges":0,"victory":false,"max_hp_per_floor":[68,68,68,68,68,68,68,68,68,68,68,68,68,68,68,68],"card_choices":[{"not_picked":["FlurryOfBlows","Evaluate"],"picked":"InnerPeace","floor":1},{"not_picked":["EmptyFist","PathToVictory"],"picked":"ForeignInfluence","floor":7},{"not_picked":["Protect","ReachHeaven","WaveOfTheHand"],"picked":"SKIP","floor":10},{"not_picked":["PathToVictory","ClearTheMind"],"picked":"JustLucky","floor":12},{"not_picked":["DeceiveReality","ClearTheMind","ThirdEye"],"picked":"SKIP","floor":13},{"not_picked":["FollowUp+1","Collect"],"picked":"CutThroughFate+1","floor":14}],"player_experience":1999229,"relics_obtained":[{"floor":7,"key":"Damaru"},{"floor":9,"key":"Whetstone"},{"floor":13,"key":"Molten Egg 2"}],"event_choices":[{"damage_healed":0,"gold_gain":0,"cards_transformed":["Strike_P"],"player_choice":"Change","damage_taken":0,"max_hp_gain":0,"max_hp_loss":0,"event_name":"Living Wall","floor":2,"gold_loss":0,"cards_obtained":["Weave"]},{"damage_healed":0,"gold_gain":0,"player_choice":"Entered Light","damage_taken":20,"max_hp_gain":0,"max_hp_loss":0,"event_name":"Shining Light","floor":3,"gold_loss":0,"cards_upgraded":["InnerPeace","Defend_P"]},{"damage_healed":0,"gold_gain":0,"player_choice":"1 cards matched","damage_taken":0,"max_hp_gain":0,"max_hp_loss":0,"event_name":"Match and Keep!","floor":5,"gold_loss":0,"cards_obtained":["Writhe"]},{"damage_healed":0,"gold_gain":150,"player_choice":"AGREE","damage_taken":0,"max_hp_gain":0,"max_hp_loss":0,"event_name":"Liars Game","floor":11,"gold_loss":0,"cards_obtained":["Doubt"]}],"is_beta":false,"boss_relics":[],"items_purged_floors":[],"is_endless":false,"potions_floor_spawned":[1,12],"killed_by":"Hexaghost","ascension_level":20}