{"gold_per_floor":[116,116,191,212,237,280,305,341,341,357,370,370,409,409,409,409],"floor_reached":16,"playtime":601,"items_purged":[],"score":344,"play_id":"a07968ab-1209-4fe3-adea-065cecfa511a","local_time":"20230115122049","is_ascension_mode":true,"campfire_choices":[{"floor":12,"key":"REST"},{"floor":15,"key":"REST"}],"neow_cost":"NONE","seed_source_timestamp":407841989125100,"circlet_count":0,"master_deck":["AscendersBane","Strike_P","Strike_P","Strike_P","Strike_P","Defend_P","Defend_P","Defend_P","Defend_P","Eruption","Vigilance","SignatureMove","Tantrum","Swivel","WreathOfFlame","EmptyBody","JustLucky"],"relics":["PureWater","NeowsBlessing","Golden Idol","Ice Cream","Peace Pipe","Blue Candle","Shuriken"],"potions_floor_usage":[8,10,16],"damage_taken":[{"damage":0,"enemies":"Small Slimes","floor":1,"turns":1},{"damage":0,"enemies":"2 Louse","floor":4,"turns":1},{"damage":0,"enemies":"Cultist","floor":5,"turns":1},{"damage":0,"enemies":"Gremlin Nob","floor":6,"turns":2},{"damage":10,"enemies":"Red Slaver","floor":7,"turns":6},{"damage":19,"enemies":"3 Sentries","floor":8,"turns":6},{"damage":10,"enemies":"2 Fungi Beasts","floor":10,"turns":2},{"damage":7,"enemies":"Large Slime","floor":11,"turns":2},{"damage":0,"enemies":"Lagavulin","floor":13,"turns":4},{"damage":63,"enemies":"The Guardian","floor":16,"turns":12}],"seed_played":"9205833715035282297","potions_obtained":[{"floor":5,"key":"ColorlessPotion"},{"floor":7,"key":"BottledMiracle"},{"floor":8,"key":"Energy Potion"}],"is_trial":false,"path_per_floor":["M","?","?","M","M","E","M","E","T","M","M","R","E","?","R","B"],"character_chosen":"WATCHER","items_purchased":[],"campfire_rested":2,"item_purchase_floors":[],"current_hp_per_floor":[61,61,50,50,50,50,40,21,21,11,4,22,22,22,40,0],"gold":409,"neow_bonus":"THREE_ENEMY_KILL","is_prod":false,"is_daily":false,"chose_seed":false,"campfire_upgraded":0,"win_rate":0,"timestamp":1673781649,"path_taken":["M","?","?","M","M","E","M","E","T","M","M","R","E","?","R","BOSS"],"build_version":"2022-12-18","purchased_purges":0,"victory":false,"max_hp_per_floor":[68,62,62,62,62,62,62,62,62,62,62,62,62,62,62,62],"card_choices":[{"not_picked":["SashWhip","Vengeance"],"picked":"SignatureMove","floor":1},{"not_picked":["Nirvana","FollowUp"],"picked":"Tantrum","floor":4},{"not_picked":["SignatureMove","Weave","ForeignInfluence"],"picked":"SKIP","floor":5},{"not_picked":["EmptyFist","ThirdEye"],"picked":"Swivel","floor":6},{"not_picked":["Protect","CrushJoints"],"picked":"WreathOfFlame","floor":7},{"not_picked":["CutThroughFate","Prostrate","FollowUp"],"picked":"SKIP","floor":8},{"not_picked":["FlurryOfBlows","Consecrate","Crescendo"],"picked":"SKIP","floor":10},{"not_picked":["FlyingSleeves","EmptyFist"],"picked":"EmptyBody","floor":11},{"not_picked":["Swivel","EmptyBody"],"picked":"JustLucky","floor":13}],"player_experience":1989949,"relics_obtained":[{"floor":6,"key":"Ice Cream"},{"floor":8,"key":"Peace Pipe"},{"floor":9,"key":"Blue Candle"},{"floor":13,"key":"Shuriken"}],"event_choices":[{"damage_healed":0,"gold_gain":0,"player_choice":"Lose Max HP","damage_taken":0,"relics_obtained":["Golden Idol"],"max_hp_gain":0,"max_hp_loss":6,"event_name":"Golden Idol","floor":2,"gold_loss":0},{"damage_healed":0,"gold_gain":75,"player_choice":"Gather Gold","damage_taken":11,"max_hp_gain":0,"max_hp_loss":0,"event_name":"World of Goop","floor":3,"gold_loss":0},{"damage_healed":0,"gold_gain":0,"player_choice":"Ignored","damage_taken":0,"max_hp_gain":0,"max_hp_loss":0,"event_name":"Shining Light","floor":14,"gold_loss":0}],"is_beta":false,"boss_relics":[],"items_purged_floors":[],"is_endless":false,"potions_floor_spawned":[5,7,8],"killed_by":"The Guardian","ascension_level":20}