{"gold_per_floor":[113,113,32,43,43,71,81,81,81,94,94,114,141,192,192,270,270,282,282,300,311,311,311,336,336,413,413],"floor_reached":27,"playtime":691,"items_purged":[],"score":657,"play_id":"7b8e18ad-58b1-49f7-8ac5-5b01741b6cae","local_time":"20230117182402","is_ascension_mode":true,"campfire_choices":[{"data":"Alpha","floor":8,"key":"SMITH"},{"floor":11,"key":"REST"},{"floor":15,"key":"REST"},{"floor":23,"key":"REST"},{"floor":25,"key":"REST"}],"neow_cost":"NONE","seed_source_timestamp":83337450786000,"circlet_count":0,"master_deck":["AscendersBane","Defend_P+1","Defend_P+1","Defend_P+1","Defend_P+1","Eruption","Vigilance","Pray","WheelKick","Alpha+1","ThirdEye","JustLucky","InnerPeace","Vault","Protect+1","ThirdEye+1","Wireheading","EmptyMind","Bite","Bite","Bite","Bite","Bite","Blasphemy"],"relics":["PureWater","NeowsBlessing","Ancient Tea Set","Prayer Wheel","InkBottle","Bag of Marbles","PreservedInsect","Black Star","GoldenEye","Frozen Egg 2","Sundial"],"potions_floor_usage":[10,16,20,24,24],"damage_taken":[{"damage":0,"enemies":"Small Slimes","floor":1,"turns":1},{"damage":0,"enemies":"Jaw Worm","floor":4,"turns":1},{"damage":0,"enemies":"Gremlin Nob","floor":6,"turns":1},{"damage":3,"enemies":"Cultist","floor":7,"turns":4},{"damage":11,"enemies":"Exordium Wildlife","floor":10,"turns":4},{"damage":33,"enemies":"2 Fungi Beasts","floor":12,"turns":3},{"damage":5,"enemies":"Lagavulin","floor":13,"turns":5},{"damage":0,"enemies":"Slime Boss","floor":16,"turns":5},{"damage":24,"enemies":"3 Byrds","floor":18,"turns":3},{"damage":21,"enemies":"Shell Parasite","floor":20,"turns":5},{"damage":2,"enemies":"Snecko","floor":21,"turns":5},{"damage":31,"enemies":"Gremlin Leader","floor":24,"turns":5},{"damage":28,"enemies":"Book of Stabbing","floor":27,"turns":4}],"seed_played":"-7716560020752670828","potions_obtained":[{"floor":1,"key":"BottledMiracle"},{"floor":7,"key":"Fire Potion"},{"floor":10,"key":"PowerPotion"},{"floor":18,"key":"BottledMiracle"},{"floor":20,"key":"BottledMiracle"}],"is_trial":false,"path_per_floor":["M","?","$","M","?","E","M","R","T","M","R","M","E","T","R","B",null,"M","?","M","M","?","R","E","R","T","E"],"character_chosen":"WATCHER","items_purchased":["WheelKick"],"campfire_rested":4,"item_purchase_floors":[3],"current_hp_per_floor":[61,61,61,61,35,35,32,32,32,21,41,8,3,3,23,23,57,33,33,12,10,10,24,9,23,23,0],"gold":413,"neow_bonus":"THREE_ENEMY_KILL","is_prod":false,"is_daily":false,"chose_seed":false,"campfire_upgraded":1,"win_rate":0,"timestamp":1673976242,"path_taken":["M","?","$","M","?","E","M","R","T","M","R","?","E","?","R","BOSS","M","?","M","M","?","R","E","R","T","E"],"build_version":"2022-12-18","purchased_purges":0,"victory":false,"max_hp_per_floor":[68,68,68,68,68,68,68,68,68,68,68,68,68,68,68,68,68,68,68,68,68,47,47,47,47,47,47],"card_choices":[{"not_picked":["EmptyMind","EmptyBody"],"picked":"Pray","floor":1},{"not_picked":["WheelKick","ClearTheMind","EmptyFist"],"picked":"SKIP","floor":4},{"not_picked":["Adaptation","Evaluate"],"picked":"Alpha","floor":6},{"not_picked":["EmptyFist","CarveReality"],"picked":"ThirdEye","floor":7},{"not_picked":["Protect","ForeignInfluence","Weave"],"picked":"SKIP","floor":7},{"not_picked":["FlurryOfBlows","CutThroughFate"],"picked":"JustLucky","floor":10},{"not_picked":["Tantrum","Wallop","Fasting2"],"picked":"SKIP","floor":10},{"not_picked":["Indignation","WindmillStrike","EmptyFist"],"picked":"SKIP","floor":12},{"not_picked":["SandsOfTime","ThirdEye","SashWhip"],"picked":"SKIP","floor":12},{"not_picked":["BowlingBash","SashWhip"],"picked":"InnerPeace","floor":13},{"not_picked":["LessonLearned","Omniscience"],"picked":"Vault","floor":16},{"not_picked":["JustLucky","FlurryOfBlows"],"picked":"Protect+1","floor":18},{"not_picked":["CarveReality","BowlingBash","Perseverance+1"],"picked":"SKIP","floor":18},{"not_picked":["Prostrate","Consecrate"],"picked":"ThirdEye+1","floor":20},{"not_picked":["BattleHymn","Nirvana"],"picked":"Wireheading","floor":20},{"not_picked":["Worship","TalkToTheHand"],"picked":"EmptyMind","floor":21},{"not_picked":["WreathOfFlame","FearNoEvil","FlurryOfBlows+1"],"picked":"SKIP","floor":21},{"not_picked":["EmptyFist","Sanctity"],"picked":"Blasphemy","floor":24}],"player_experience":2004737,"relics_obtained":[{"floor":6,"key":"Prayer Wheel"},{"floor":9,"key":"InkBottle"},{"floor":13,"key":"Bag of Marbles"},{"floor":14,"key":"PreservedInsect"},{"floor":24,"key":"GoldenEye"},{"floor":24,"key":"Frozen Egg 2"},{"floor":26,"key":"Sundial"}],"event_choices":[{"damage_healed":0,"gold_gain":0,"player_choice":"Leave","damage_taken":0,"max_hp_gain":0,"max_hp_loss":0,"event_name":"The Cleric","floor":2,"gold_loss":0},{"damage_healed":0,"gold_gain":0,"player_choice":"Success","damage_taken":26,"relics_obtained":["Ancient Tea Set"],"max_hp_gain":0,"max_hp_loss":0,"event_name":"Scrap Ooze","floor":5,"gold_loss":0},{"damage_healed":0,"gold_gain":0,"player_choice":"Simplicity","damage_taken":0,"max_hp_gain":0,"max_hp_loss":0,"event_name":"Back to Basics","floor":19,"gold_loss":0,"cards_upgraded":["Strike_P","Strike_P","Strike_P","Strike_P","Defend_P","Defend_P","Defend_P","Defend_P"]},{"damage_healed":0,"gold_gain":0,"player_choice":"Became a vampire","damage_taken":0,"max_hp_gain":0,"max_hp_loss":21,"event_name":"Vampires","floor":22,"gold_loss":0,"cards_obtained":["Bite","Bite","Bite","Bite","Bite"]}],"is_beta":false,"boss_relics":[{"not_picked":["HolyWater","Fusion Hammer"],"picked":"Black Star"}],"items_purged_floors":[],"is_endless":false,"potions_floor_spawned":[1,7,10,18,20],"killed_by":"Book of Stabbing","ascension_level":20}