{"gold_per_floor":[119,128,53,76,76,76,1,1,70,111,137,137,137,159,159,159],"floor_reached":16,"playtime":285,"items_purged":["Defend_P"],"score":246,"play_id":"f1772c58-39f5-4c7a-9674-ed81e239591f","local_time":"20230126181541","is_ascension_mode":true,"campfire_choices":[{"data":"WheelKick","floor":6,"key":"SMITH"},{"data":"Eruption","floor":8,"key":"SMITH"},{"data":"BowlingBash","floor":12,"key":"SMITH"},{"data":"Protect","floor":15,"key":"SMITH"}],"neow_cost":"NONE","seed_source_timestamp":860852804100700,"circlet_count":0,"master_deck":["AscendersBane","Strike_P","Strike_P","Strike_P","Defend_P","Defend_P","Defend_P","Eruption+1","Vigilance","Evaluate+1","WheelKick+1","EmptyMind","BowlingBash+1","Protect+1"],"relics":["PureWater","NeowsBlessing","CeramicFish","HornCleat","Bronze Scales"],"potions_floor_usage":[],"damage_taken":[{"damage":0,"enemies":"Jaw Worm","floor":1,"turns":1},{"damage":0,"enemies":"Small Slimes","floor":4,"turns":2},{"damage":0,"enemies":"Gremlin Nob","floor":10,"turns":1},{"damage":0,"enemies":"Cultist","floor":11,"turns":2},{"damage":0,"enemies":"Large Slime","floor":14,"turns":2},{"damage":59,"enemies":"Hexaghost","floor":16,"turns":11}],"seed_played":"-6543748482752006820","potions_obtained":[{"floor":10,"key":"StancePotion"},{"floor":14,"key":"BlessingOfTheForge"}],"is_trial":false,"path_per_floor":["M","?","?","M","?","R","$","R","T","E","M","R","?","M","R","B"],"character_chosen":"WATCHER","items_purchased":[],"campfire_rested":0,"item_purchase_floors":[],"current_hp_per_floor":[61,61,61,61,54,54,54,54,54,54,54,54,54,54,54,0],"gold":159,"neow_bonus":"THREE_ENEMY_KILL","is_prod":false,"is_daily":false,"chose_seed":false,"campfire_upgraded":4,"win_rate":0,"timestamp":1674753341,"path_taken":["M","?","?","M","?","R","$","R","T","E","M","R","?","M","R","BOSS"],"build_version":"2022-12-18","purchased_purges":1,"victory":false,"max_hp_per_floor":[68,68,68,68,68,68,68,68,68,68,68,68,68,68,68,68],"card_choices":[{"not_picked":["Consecrate","InnerPeace"],"picked":"Evaluate","floor":1},{"not_picked":["Vengeance","PathToVictory"],"picked":"WheelKick","floor":4},{"not_picked":["Indignation","LikeWater"],"picked":"EmptyMind","floor":10},{"not_picked":["JustLucky","PathToVictory"],"picked":"BowlingBash","floor":11},{"not_picked":["Sanctity","Wireheading"],"picked":"Protect","floor":14}],"player_experience":2064113,"relics_obtained":[{"floor":9,"key":"HornCleat"},{"floor":10,"key":"Bronze Scales"}],"event_choices":[{"damage_healed":0,"gold_gain":0,"player_choice":"Box","damage_taken":0,"relics_obtained":["CeramicFish"],"max_hp_gain":0,"max_hp_loss":0,"event_name":"Big Fish","floor":2,"gold_loss":0,"cards_obtained":["Regret"]},{"cards_removed":["Regret"],"damage_healed":0,"gold_gain":0,"player_choice":"Card Removal","damage_taken":0,"max_hp_gain":0,"max_hp_loss":0,"event_name":"The Cleric","floor":3,"gold_loss":75},{"cards_removed":["Strike_P"],"damage_healed":0,"gold_gain":0,"player_choice":"Card Removal","damage_taken":7,"max_hp_gain":0,"max_hp_loss":0,"event_name":"Golden Wing","floor":5,"gold_loss":0},{"damage_healed":0,"gold_gain":0,"player_choice":"Upgraded","damage_taken":0,"max_hp_gain":0,"max_hp_loss":0,"event_name":"Upgrade Shrine","floor":13,"gold_loss":0,"cards_upgraded":["Evaluate"]}],"is_beta":false,"boss_relics":[],"items_purged_floors":[7],"is_endless":false,"potions_floor_spawned":[10,14],"killed_by":"Hexaghost","ascension_level":20}