{"gold_per_floor":[114,264,189,189,206,206,239,239,239,239,271,271,283,5,5,82,82,102,118,118,118],"floor_reached":21,"playtime":504,"items_purged":[],"score":420,"play_id":"390d4a7e-e91e-4380-b5e5-14ae94c7f0c6","local_time":"20230118114631","is_ascension_mode":true,"campfire_choices":[{"data":"Eruption","floor":6,"key":"SMITH"},{"data":"Protect","floor":8,"key":"SMITH"},{"data":"Vigilance","floor":10,"key":"SMITH"},{"data":"SandsOfTime","floor":15,"key":"SMITH"}],"neow_cost":"NONE","seed_source_timestamp":146076390906100,"circlet_count":0,"master_deck":["AscendersBane","Strike_P","Strike_P","Strike_P","Defend_P","Defend_P","Eruption+1","Vigilance+1","FearNoEvil","Protect+1","SandsOfTime+1","MasterReality+1","Conclude","Establishment+1","FlyingSleeves","InnerPeace"],"relics":["PureWater","NeowsBlessing","Happy Flower","Centennial Puzzle","Frozen Egg 2","Blood Vial","Matryoshka","Empty Cage"],"potions_floor_usage":[11,16,16,19],"damage_taken":[{"damage":0,"enemies":"Jaw Worm","floor":1,"turns":1},{"damage":0,"enemies":"2 Louse","floor":5,"turns":1},{"damage":0,"enemies":"Gremlin Nob","floor":7,"turns":1},{"damage":7,"enemies":"Lagavulin","floor":11,"turns":6},{"damage":1,"enemies":"Cultist","floor":13,"turns":3},{"damage":48,"enemies":"Hexaghost","floor":16,"turns":9},{"damage":9,"enemies":"3 Byrds","floor":18,"turns":6},{"damage":21,"enemies":"Shell Parasite","floor":19,"turns":2},{"damage":43,"enemies":"Snake Plant","floor":21,"turns":6}],"seed_played":"7692225402798247934","potions_obtained":[{"floor":7,"key":"DistilledChaos"},{"floor":11,"key":"Explosive Potion"},{"floor":13,"key":"DistilledChaos"},{"floor":18,"key":"BlessingOfTheForge"}],"is_trial":false,"path_per_floor":["M","?","?","?","M","R","E","R","T","R","E","?","M","$","R","B",null,"M","M","?","M"],"character_chosen":"WATCHER","items_purchased":["Matryoshka"],"campfire_rested":0,"item_purchase_floors":[14],"current_hp_per_floor":[61,61,61,61,61,61,61,61,61,61,54,54,55,55,55,9,53,46,27,41,0],"gold":118,"neow_bonus":"THREE_ENEMY_KILL","is_prod":false,"is_daily":false,"chose_seed":false,"campfire_upgraded":4,"win_rate":0,"timestamp":1674038791,"path_taken":["M","?","?","?","?","R","E","R","T","R","E","?","?","$","R","BOSS","M","M","?","M"],"build_version":"2022-12-18","purchased_purges":0,"victory":false,"max_hp_per_floor":[68,68,68,68,68,68,68,68,68,68,68,68,68,68,68,68,68,68,68,68,68],"card_choices":[{"not_picked":["FlyingSleeves","CutThroughFate"],"picked":"WheelKick","floor":1},{"not_picked":["Swivel","ThirdEye"],"picked":"FearNoEvil","floor":5},{"not_picked":["EmptyMind","ClearTheMind"],"picked":"Protect","floor":7},{"not_picked":["EmptyBody","PathToVictory"],"picked":"SandsOfTime","floor":11},{"not_picked":["Weave","Wireheading+1"],"picked":"Conclude","floor":13},{"not_picked":["Wish","Omniscience"],"picked":"Establishment+1","floor":16},{"not_picked":["ThirdEye","Sanctity"],"picked":"FlyingSleeves","floor":18},{"not_picked":["Protect","Nirvana+1"],"picked":"InnerPeace","floor":19}],"player_experience":2013205,"relics_obtained":[{"floor":7,"key":"Centennial Puzzle"},{"floor":9,"key":"Frozen Egg 2"},{"floor":11,"key":"Blood Vial"}],"event_choices":[{"damage_healed":0,"gold_gain":150,"player_choice":"AGREE","damage_taken":0,"max_hp_gain":0,"max_hp_loss":0,"event_name":"Liars Game","floor":2,"gold_loss":0,"cards_obtained":["Doubt"]},{"cards_removed":["Doubt"],"damage_healed":0,"gold_gain":0,"player_choice":"Card Removal","damage_taken":0,"max_hp_gain":0,"max_hp_loss":0,"event_name":"The Cleric","floor":3,"gold_loss":75},{"cards_removed":["WheelKick"],"damage_healed":0,"gold_gain":0,"player_choice":"Gave Card","damage_taken":0,"relics_obtained":["Happy Flower"],"max_hp_gain":0,"max_hp_loss":0,"event_name":"WeMeetAgain","floor":4,"gold_loss":0},{"damage_healed":0,"gold_gain":0,"cards_transformed":["Defend_P"],"player_choice":"Transformed","damage_taken":0,"max_hp_gain":0,"max_hp_loss":0,"event_name":"Transmorgrifier","floor":12,"gold_loss":0,"cards_obtained":["MasterReality"]},{"damage_healed":14,"gold_gain":0,"player_choice":"Heal","damage_taken":0,"max_hp_gain":0,"max_hp_loss":0,"event_name":"The Library","floor":20,"gold_loss":0}],"is_beta":false,"boss_relics":[{"not_picked":["Snecko Eye","Ectoplasm"],"picked":"Empty Cage"}],"items_purged_floors":[],"is_endless":false,"potions_floor_spawned":[7,11,13,18],"killed_by":"Snake Plant","ascension_level":20}