{"gold_per_floor":[16,32,32,52,63,96,96,128,154,180,210,210,237,237,237,332,332,381,400,400,315,240,240,273,22,73,93,124,124,163,188,188,188],"floor_reached":33,"playtime":2103,"items_purged":[],"score":1012,"play_id":"9f8d7685-134d-4ece-814c-17590d9003a5","local_time":"20230206123846","is_ascension_mode":true,"campfire_choices":[{"data":"Eruption","floor":7,"key":"SMITH"},{"data":"ForeignInfluence","floor":15,"key":"SMITH"},{"data":"Wish","floor":23,"key":"SMITH"},{"data":"MentalFortress","floor":29,"key":"SMITH"},{"data":"TalkToTheHand","floor":32,"key":"SMITH"}],"neow_cost":"NO_GOLD","seed_source_timestamp":875758227536600,"circlet_count":0,"master_deck":["AscendersBane","Strike_P","Strike_P","Defend_P","Eruption+1","Vigilance","Brilliance","CutThroughFate","Conclude","ForeignInfluence+1","Protect","MentalFortress+1","EmptyMind","Wish+1","Blasphemy+1","Establishment+1","Vault+1","InnerPeace","Perseverance+1","Perseverance","TalkToTheHand+1"],"relics":["PureWater","FossilizedHelix","PreservedInsect","Ancient Tea Set","Dream Catcher","Omamori","Torii","Odd Mushroom","Meat on the Bone","Golden Idol","Astrolabe","Art of War","Membership Card","Nunchaku","Anchor","Akabeko"],"potions_floor_usage":[8,10,11],"damage_taken":[{"damage":0,"enemies":"Jaw Worm","floor":1,"turns":4},{"damage":0,"enemies":"Cultist","floor":2,"turns":2},{"damage":0,"enemies":"2 Louse","floor":4,"turns":2},{"damage":0,"enemies":"Large Slime","floor":5,"turns":2},{"damage":0,"enemies":"Gremlin Nob","floor":6,"turns":2},{"damage":0,"enemies":"3 Sentries","floor":8,"turns":3},{"damage":0,"enemies":"Lagavulin","floor":10,"turns":3},{"damage":0,"enemies":"The Mushroom Lair","floor":11,"turns":3},{"damage":0,"enemies":"Gremlin Nob","floor":13,"turns":3},{"damage":0,"enemies":"Slime Boss","floor":16,"turns":7},{"damage":0,"enemies":"Spheric Guardian","floor":18,"turns":2},{"damage":23,"enemies":"Shell Parasite","floor":19,"turns":6},{"damage":7,"enemies":"Book of Stabbing","floor":24,"turns":6},{"damage":4,"enemies":"Chosen and Byrds","floor":27,"turns":7},{"damage":12,"enemies":"Gremlin Leader","floor":28,"turns":4},{"damage":0,"enemies":"Slavers","floor":30,"turns":4},{"damage":6,"enemies":"Shelled Parasite and Fungi","floor":31,"turns":5},{"damage":51,"enemies":"Champ","floor":33,"turns":13}],"seed_played":"-2740288521810696882","potions_obtained":[{"floor":2,"key":"Strength Potion"},{"floor":4,"key":"BottledMiracle"},{"floor":8,"key":"DuplicationPotion"},{"floor":30,"key":"Explosive Potion"},{"floor":31,"key":"LiquidBronze"}],"is_trial":false,"path_per_floor":["M","M","?","M","M","E","R","E","T","E","?","?","E","?","R","B",null,"M","M","?","?","?","R","E","$","T","M","E","R","E","M","R","B"],"character_chosen":"WATCHER","items_purchased":["Membership Card","Nunchaku"],"campfire_rested":0,"item_purchase_floors":[25,25],"current_hp_per_floor":[61,61,61,61,61,61,61,61,61,61,61,54,54,31,31,43,62,62,39,39,39,39,39,44,44,44,40,40,40,40,46,46,0],"gold":188,"neow_bonus":"ONE_RARE_RELIC","is_prod":false,"is_daily":false,"chose_seed":false,"campfire_upgraded":5,"win_rate":0,"timestamp":1675683526,"path_taken":["M","M","?","M","?","E","R","E","T","E","?","?","E","?","R","BOSS","M","M","?","?","?","R","E","$","T","M","E","R","E","M","R","BOSS"],"build_version":"2022-12-18","purchased_purges":0,"victory":false,"max_hp_per_floor":[68,68,68,68,68,68,68,68,68,68,68,68,68,68,68,68,68,68,68,68,68,68,68,68,68,68,68,68,68,68,68,68,68],"card_choices":[{"not_picked":["Crescendo","Meditate"],"picked":"FlurryOfBlows","floor":1},{"not_picked":["SashWhip","Consecrate"],"picked":"Brilliance","floor":2},{"not_picked":["CrushJoints","FollowUp"],"picked":"CutThroughFate","floor":4},{"not_picked":["Consecrate","SashWhip"],"picked":"Conclude","floor":5},{"not_picked":["ThirdEye","Wireheading"],"picked":"ForeignInfluence","floor":6},{"not_picked":["Consecrate","SandsOfTime","Crescendo"],"picked":"SKIP","floor":8},{"not_picked":["Establishment","Collect"],"picked":"Protect","floor":10},{"not_picked":["EmptyMind","SandsOfTime"],"picked":"MentalFortress","floor":11},{"not_picked":["BattleHymn","BowlingBash"],"picked":"EmptyMind","floor":13},{"not_picked":["LessonLearned","Vault"],"picked":"Wish","floor":16},{"not_picked":["FollowUp","Crescendo+1"],"picked":"InnerPeace","floor":18},{"not_picked":["Meditate","Nirvana"],"picked":"Perseverance+1","floor":19},{"not_picked":["LikeWater","Adaptation"],"picked":"TalkToTheHand","floor":24},{"not_picked":["FlurryOfBlows+1","Evaluate+1","Crescendo"],"picked":"SKIP","floor":27},{"not_picked":["Perseverance","LikeWater","CrushJoints"],"picked":"SKIP","floor":28},{"not_picked":["Consecrate+1","JustLucky","ThirdEye"],"picked":"SKIP","floor":30},{"not_picked":["EmptyBody+1","PathToVictory","EmptyFist"],"picked":"SKIP","floor":31}],"player_experience":2101803,"relics_obtained":[{"floor":6,"key":"Ancient Tea Set"},{"floor":8,"key":"Dream Catcher"},{"floor":9,"key":"Omamori"},{"floor":10,"key":"Torii"},{"floor":11,"key":"Odd Mushroom"},{"floor":13,"key":"Meat on the Bone"},{"floor":28,"key":"Anchor"},{"floor":30,"key":"Akabeko"}],"event_choices":[{"cards_removed":["FlurryOfBlows"],"damage_healed":0,"gold_gain":0,"player_choice":"Gave Card","damage_taken":0,"relics_obtained":["PreservedInsect"],"max_hp_gain":0,"max_hp_loss":0,"event_name":"WeMeetAgain","floor":3,"gold_loss":0},{"damage_healed":0,"gold_gain":0,"player_choice":"Fought Mushrooms","damage_taken":0,"max_hp_gain":0,"max_hp_loss":0,"event_name":"Mushrooms","floor":11,"gold_loss":0},{"cards_removed":["Defend_P"],"damage_healed":0,"gold_gain":0,"player_choice":"Card Removal","damage_taken":7,"max_hp_gain":0,"max_hp_loss":0,"event_name":"Golden Wing","floor":12,"gold_loss":0},{"damage_healed":0,"gold_gain":0,"player_choice":"Take Damage","damage_taken":23,"relics_obtained":["Golden Idol"],"max_hp_gain":0,"max_hp_loss":0,"event_name":"Golden Idol","floor":14,"gold_loss":0},{"damage_healed":0,"gold_gain":0,"player_choice":"Read","damage_taken":0,"max_hp_gain":0,"max_hp_loss":0,"event_name":"The Library","floor":20,"gold_loss":0,"cards_obtained":["Perseverance"]},{"damage_healed":0,"gold_gain":0,"player_choice":"Obtained Relic","damage_taken":0,"relics_obtained":["Art of War"],"max_hp_gain":0,"max_hp_loss":0,"event_name":"Addict","floor":21,"gold_loss":85},{"cards_removed":["Defend_P"],"damage_healed":0,"gold_gain":0,"player_choice":"Gave Gold","damage_taken":0,"max_hp_gain":0,"max_hp_loss":0,"event_name":"Beggar","floor":22,"gold_loss":75}],"is_beta":false,"boss_relics":[{"not_picked":["SlaversCollar","Fusion Hammer"],"picked":"Astrolabe"}],"items_purged_floors":[],"is_endless":false,"potions_floor_spawned":[2,4,6,8,30,31],"killed_by":"Champ","ascension_level":20}