{"gold_per_floor":[116,116,14,28,103,103,136,136,136,148,168,168],"floor_reached":12,"playtime":313,"items_purged":[],"score":156,"play_id":"e0a10525-adb7-4652-ac28-19f69d5f5450","local_time":"20230206114323","is_ascension_mode":true,"campfire_choices":[{"data":"LessonLearned","floor":6,"key":"SMITH"},{"floor":8,"key":"REST"}],"neow_cost":"TEN_PERCENT_HP_LOSS","seed_source_timestamp":874226752749100,"circlet_count":0,"master_deck":["AscendersBane","Strike_P","Strike_P+1","Strike_P","Strike_P","Defend_P","Defend_P","Defend_P","Defend_P","Eruption","Vigilance","FlurryOfBlows","Meditate","Prostrate+1","SignatureMove","LessonLearned+1","FlurryOfBlows","FollowUp","MentalFortress"],"relics":["PureWater","Unceasing Top","WingedGreaves","Question Card"],"potions_floor_usage":[12],"damage_taken":[{"damage":5,"enemies":"2 Louse","floor":1,"turns":4},{"damage":0,"enemies":"Cultist","floor":4,"turns":2},{"damage":25,"enemies":"Lagavulin","floor":7,"turns":4},{"damage":0,"enemies":"Small Slimes","floor":10,"turns":3},{"damage":13,"enemies":"2 Fungi Beasts","floor":11,"turns":2},{"damage":57,"enemies":"Gremlin Nob","floor":12,"turns":4}],"seed_played":"-7211663253261758200","potions_obtained":[{"floor":1,"key":"SpeedPotion"},{"floor":10,"key":"Regen Potion"}],"is_trial":false,"path_per_floor":["M","?","$","M","?","R","E","R","T","M","M","E"],"character_chosen":"WATCHER","items_purchased":["Prostrate","SignatureMove"],"campfire_rested":1,"item_purchase_floors":[3,3],"current_hp_per_floor":[56,56,56,56,45,45,20,38,38,38,25,0],"gold":168,"neow_bonus":"ONE_RARE_RELIC","is_prod":false,"is_daily":false,"chose_seed":false,"campfire_upgraded":1,"win_rate":0,"timestamp":1675680203,"path_taken":["M","?","$","?","?","R","E","R","T","M","M","E"],"build_version":"2022-12-18","purchased_purges":0,"victory":false,"max_hp_per_floor":[62,62,62,62,62,62,62,62,62,62,62,62],"card_choices":[{"not_picked":["SashWhip","EmptyFist"],"picked":"FlurryOfBlows","floor":1},{"not_picked":["Evaluate","ThirdEye"],"picked":"LessonLearned","floor":4},{"not_picked":["Fasting2","EmptyFist"],"picked":"FlurryOfBlows","floor":7},{"not_picked":["Vengeance","JustLucky","SashWhip"],"picked":"FollowUp","floor":10},{"not_picked":["ThirdEye","SandsOfTime","SignatureMove"],"picked":"MentalFortress","floor":11}],"player_experience":2100297,"relics_obtained":[{"floor":7,"key":"WingedGreaves"},{"floor":9,"key":"Question Card"}],"event_choices":[{"damage_healed":0,"gold_gain":0,"player_choice":"1 cards matched","damage_taken":0,"max_hp_gain":0,"max_hp_loss":0,"event_name":"Match and Keep!","floor":2,"gold_loss":0,"cards_obtained":["Meditate"]},{"damage_healed":0,"gold_gain":75,"player_choice":"Gather Gold","damage_taken":11,"max_hp_gain":0,"max_hp_loss":0,"event_name":"World of Goop","floor":5,"gold_loss":0}],"is_beta":false,"boss_relics":[],"items_purged_floors":[],"is_endless":false,"potions_floor_spawned":[1,10],"killed_by":"Gremlin Nob","ascension_level":20}