{"gold_per_floor":[119,29,43,43,43,43,73,91,91,122,19,51,51,51,51,129,129,144,154,154,4,14,41,59,79,104,117,150,200,235,248,248,319,319,331,331,346,358,358,358],"floor_reached":40,"playtime":1326,"items_purged":[],"score":1182,"play_id":"43529073-b151-4416-9f63-a0c70b2cce7a","local_time":"20230130205735","is_ascension_mode":true,"campfire_choices":[{"data":"Ragnarok","floor":6,"key":"SMITH"},{"floor":13,"key":"REST"},{"data":"Protect","floor":15,"key":"SMITH"},{"floor":32,"key":"REST"}],"neow_cost":"NONE","seed_source_timestamp":301653061903400,"circlet_count":0,"master_deck":["AscendersBane","Strike_P","Strike_P+1","Strike_P","Defend_P+1","Defend_P+1","Defend_P","Eruption","Vigilance","BowlingBash","Ragnarok+1","Swivel+1","Prostrate","Protect+1","Vengeance","Panacea","MentalFortress","Ragnarok","Indignation","Wallop","DevaForm","Fasting2+1","Adaptation+1","SandsOfTime","Collect","Omniscience","LessonLearned","BattleHymn","Adaptation+1"],"relics":["PureWater","NeowsBlessing","Lizard Tail","Dead Branch","Darkstone Periapt","War Paint","Snecko Eye","MutagenicStrength","Boot","PreservedInsect","Vajra","Bottled Tornado","Cursed Key"],"potions_floor_usage":[10,23,23,28,33,35],"damage_taken":[{"damage":0,"enemies":"Small Slimes","floor":1,"turns":1},{"damage":0,"enemies":"Jaw Worm","floor":3,"turns":1},{"damage":0,"enemies":"Lagavulin","floor":7,"turns":1},{"damage":0,"enemies":"Cultist","floor":8,"turns":3},{"damage":20,"enemies":"3 Sentries","floor":10,"turns":4},{"damage":0,"enemies":"Lagavulin","floor":12,"turns":4},{"damage":0,"enemies":"The Guardian","floor":16,"turns":9},{"damage":2,"enemies":"Shell Parasite","floor":18,"turns":2},{"damage":6,"enemies":"2 Thieves","floor":19,"turns":2},{"damage":25,"enemies":"Chosen and Byrds","floor":22,"turns":5},{"damage":37,"enemies":"Book of Stabbing","floor":23,"turns":3},{"damage":0,"enemies":"Sentry and Sphere","floor":24,"turns":3},{"damage":0,"enemies":"Snecko","floor":25,"turns":3},{"damage":1,"enemies":"Snake Plant","floor":27,"turns":2},{"damage":21,"enemies":"Gremlin Leader","floor":28,"turns":4},{"damage":0,"enemies":"Slavers","floor":30,"turns":1},{"damage":0,"enemies":"Centurion and Healer","floor":31,"turns":3},{"damage":19,"enemies":"Automaton","floor":33,"turns":5},{"damage":9,"enemies":"3 Shapes","floor":35,"turns":5},{"damage":16,"enemies":"3 Darklings","floor":37,"turns":3},{"damage":0,"enemies":"Spire Growth","floor":38,"turns":2},{"damage":33,"enemies":"Reptomancer","floor":40,"turns":2}],"seed_played":"3619018936685129680","potions_obtained":[{"floor":1,"key":"EssenceOfSteel"},{"floor":8,"key":"GamblersBrew"},{"floor":16,"key":"BlessingOfTheForge"},{"floor":18,"key":"PowerPotion"},{"floor":19,"key":"BottledMiracle"},{"floor":27,"key":"Fire Potion"},{"floor":30,"key":"Energy Potion"},{"floor":33,"key":"Swift Potion"}],"is_trial":false,"path_per_floor":["M","$","M","?","?","R","E","M","T","E","$","E","R","?","R","B",null,"M","M","?","$","M","E","M","M","T","M","E","?","E","M","R","B",null,"M","?","M","M","?","E"],"character_chosen":"WATCHER","items_purchased":["Ragnarok","Panacea","DevaForm"],"campfire_rested":2,"item_purchase_floors":[2,11,21],"current_hp_per_floor":[61,61,61,41,41,41,41,41,41,21,21,21,41,41,41,41,61,59,53,53,53,28,34,34,34,34,33,12,12,12,12,32,13,54,45,45,29,29,29,0],"gold":358,"neow_bonus":"THREE_ENEMY_KILL","is_prod":false,"is_daily":false,"chose_seed":false,"campfire_upgraded":2,"win_rate":0,"timestamp":1675108655,"path_taken":["M","$","M","?","?","R","E","M","T","E","?","E","R","?","R","BOSS","M","M","?","$","M","E","M","M","T","M","E","?","E","M","R","BOSS","M","?","?","M","?","E"],"build_version":"2022-12-18","purchased_purges":0,"victory":false,"max_hp_per_floor":[68,68,68,68,68,68,68,68,68,68,68,68,68,68,68,68,68,68,68,68,68,68,68,68,68,68,68,68,68,68,68,68,68,68,68,68,68,68,68,68],"card_choices":[{"not_picked":["Wallop","ForeignInfluence"],"picked":"BowlingBash","floor":1},{"not_picked":["EmptyFist","Protect"],"picked":"Swivel","floor":3},{"not_picked":["SashWhip","Vengeance"],"picked":"Prostrate","floor":7},{"not_picked":["FearNoEvil","ThirdEye"],"picked":"Protect","floor":8},{"not_picked":["SandsOfTime","Omniscience"],"picked":"Vengeance","floor":10},{"not_picked":["EmptyFist","WindmillStrike"],"picked":"MentalFortress","floor":12},{"not_picked":["Wish","Scrawl"],"picked":"Ragnarok","floor":16},{"not_picked":["FlyingSleeves","PathToVictory+1"],"picked":"Indignation","floor":18},{"not_picked":["SashWhip+1","Evaluate"],"picked":"Wallop","floor":19},{"not_picked":["JustLucky","CutThroughFate+1"],"picked":"Fasting2","floor":22},{"not_picked":["Study+1","EmptyBody"],"picked":"Adaptation+1","floor":23},{"not_picked":["Prostrate","Wallop"],"picked":"SandsOfTime","floor":24},{"not_picked":["FlyingSleeves","ThirdEye","Consecrate+1"],"picked":"SKIP","floor":25},{"not_picked":["BowlingBash","Halt+1"],"picked":"Collect","floor":27},{"not_picked":["Worship","CutThroughFate+1"],"picked":"Omniscience","floor":28},{"not_picked":["WreathOfFlame","JustLucky","EmptyFist"],"picked":"SKIP","floor":30},{"not_picked":["Prostrate","CutThroughFate+1","Consecrate"],"picked":"SKIP","floor":31},{"not_picked":["MasterReality","DevaForm"],"picked":"LessonLearned","floor":33},{"not_picked":["EmptyBody+1","FlyingSleeves","CutThroughFate"],"picked":"SKIP","floor":35},{"not_picked":["Prostrate","SashWhip+1","InnerPeace"],"picked":"SKIP","floor":37},{"not_picked":["Indignation+1","Consecrate"],"picked":"Adaptation+1","floor":38}],"player_experience":2074524,"relics_obtained":[{"floor":7,"key":"Lizard Tail"},{"floor":9,"key":"Dead Branch"},{"floor":10,"key":"Darkstone Periapt"},{"floor":12,"key":"War Paint"},{"floor":23,"key":"Boot"},{"floor":26,"key":"PreservedInsect"},{"floor":28,"key":"Vajra"},{"floor":30,"key":"Bottled Tornado"}],"event_choices":[{"damage_healed":0,"gold_gain":0,"player_choice":"Entered Light","damage_taken":20,"max_hp_gain":0,"max_hp_loss":0,"event_name":"Shining Light","floor":4,"gold_loss":0,"cards_upgraded":["Strike_P","Swivel"]},{"damage_healed":0,"gold_gain":0,"player_choice":"Ignored","damage_taken":0,"max_hp_gain":0,"max_hp_loss":0,"event_name":"Liars Game","floor":5,"gold_loss":0},{"cards_removed":["Defend_P"],"damage_healed":0,"gold_gain":0,"player_choice":"Forget","damage_taken":0,"max_hp_gain":0,"max_hp_loss":0,"event_name":"Living Wall","floor":14,"gold_loss":0},{"damage_healed":0,"gold_gain":0,"player_choice":"Inject Mutagens","damage_taken":0,"relics_obtained":["MutagenicStrength"],"max_hp_gain":0,"max_hp_loss":0,"event_name":"Drug Dealer","floor":20,"gold_loss":0},{"damage_healed":0,"gold_gain":50,"player_choice":"Pray","damage_taken":0,"max_hp_gain":0,"max_hp_loss":0,"event_name":"Golden Shrine","floor":29,"gold_loss":0},{"damage_healed":0,"gold_gain":0,"cards_transformed":["Strike_P"],"player_choice":"Transformed","damage_taken":0,"max_hp_gain":0,"max_hp_loss":0,"event_name":"Transmorgrifier","floor":36,"gold_loss":0,"cards_obtained":["BattleHymn"]},{"damage_healed":0,"gold_gain":0,"player_choice":"Forge","damage_taken":0,"max_hp_gain":0,"max_hp_loss":0,"event_name":"Accursed Blacksmith","floor":39,"gold_loss":0,"cards_upgraded":["Fasting2"]}],"is_beta":false,"boss_relics":[{"not_picked":["HolyWater","Fusion Hammer"],"picked":"Snecko Eye"},{"not_picked":["Velvet Choker","Runic Dome"],"picked":"Cursed Key"}],"items_purged_floors":[],"is_endless":false,"potions_floor_spawned":[1,8,16,18,19,22,27,30,33],"killed_by":"Reptomancer","ascension_level":20}