{"gold_per_floor":[118,136,6,6,6,6,39,53,53,88,118,118,130,405,405,476,476,492,492,537,94,110,110,110],"floor_reached":24,"playtime":706,"items_purged":["Defend_P","Regret"],"score":462,"play_id":"b627e4f7-7d12-4132-8f16-27625e121969","local_time":"20230202223046","is_ascension_mode":true,"campfire_choices":[{"data":"BattleHymn","floor":6,"key":"SMITH"},{"data":"Wish","floor":12,"key":"SMITH"},{"floor":15,"key":"REST"},{"floor":23,"key":"REST"}],"neow_cost":"NONE","seed_source_timestamp":567070876868400,"circlet_count":0,"master_deck":["AscendersBane","Strike_P","Defend_P","Defend_P","Eruption+1","Vigilance","FlyingSleeves+1","BattleHymn+1","FollowUp","Wish+1","MentalFortress","Worship","Halt","LessonLearned","Sanctity+1","ConjureBlade+1","MasterReality+1","ReachHeaven+1","Establishment"],"relics":["PureWater","NeowsBlessing","Vajra","Yang","Akabeko","Astrolabe","Strawberry"],"potions_floor_usage":[22,24,24],"damage_taken":[{"damage":0,"enemies":"Jaw Worm","floor":1,"turns":1},{"damage":0,"enemies":"2 Louse","floor":2,"turns":1},{"damage":0,"enemies":"Lagavulin","floor":7,"turns":1},{"damage":0,"enemies":"Cultist","floor":8,"turns":2},{"damage":0,"enemies":"Large Slime","floor":10,"turns":4},{"damage":22,"enemies":"3 Sentries","floor":11,"turns":7},{"damage":9,"enemies":"Red Slaver","floor":13,"turns":3},{"damage":35,"enemies":"Slime Boss","floor":16,"turns":4},{"damage":29,"enemies":"Shell Parasite","floor":18,"turns":7},{"damage":0,"enemies":"Chosen","floor":20,"turns":3},{"damage":27,"enemies":"Sentry and Sphere","floor":22,"turns":5},{"damage":32,"enemies":"Slavers","floor":24,"turns":3}],"seed_played":"860555188594507638","potions_obtained":[{"floor":2,"key":"ColorlessPotion"},{"floor":10,"key":"FearPotion"},{"floor":13,"key":"StancePotion"},{"floor":22,"key":"DistilledChaos"}],"is_trial":false,"path_per_floor":["M","M","$","?","?","R","E","M","T","M","E","R","M","?","R","B",null,"M","T","M","$","M","R","E"],"character_chosen":"WATCHER","items_purchased":["FollowUp","Establishment","Strawberry"],"campfire_rested":2,"item_purchase_floors":[3,21,21],"current_hp_per_floor":[61,61,61,54,54,54,54,54,54,54,32,32,23,23,43,8,53,24,24,24,31,4,26,0],"gold":110,"neow_bonus":"THREE_ENEMY_KILL","is_prod":false,"is_daily":false,"chose_seed":false,"campfire_upgraded":2,"win_rate":0,"timestamp":1675373446,"path_taken":["M","M","$","?","?","R","E","?","T","M","E","R","M","?","R","BOSS","M","?","M","$","M","R","E"],"build_version":"2022-12-18","purchased_purges":2,"victory":false,"max_hp_per_floor":[68,68,68,68,68,68,68,68,68,68,68,68,68,68,68,68,68,68,68,68,75,75,75,75],"card_choices":[{"not_picked":["FollowUp","JustLucky"],"picked":"FlyingSleeves","floor":1},{"not_picked":["Halt","Prostrate"],"picked":"BattleHymn","floor":2},{"not_picked":["Halt","CrushJoints"],"picked":"Wish","floor":7},{"not_picked":["PathToVictory","CrushJoints"],"picked":"MentalFortress","floor":8},{"not_picked":["Prostrate","Study","WreathOfFlame"],"picked":"SKIP","floor":10},{"not_picked":["FlyingSleeves","Omniscience"],"picked":"Worship","floor":11},{"not_picked":["CutThroughFate","Prostrate"],"picked":"Halt","floor":13},{"not_picked":["Omniscience","Vault"],"picked":"LessonLearned","floor":16},{"not_picked":["Prostrate","PathToVictory"],"picked":"ReachHeaven","floor":18},{"not_picked":["EmptyFist","FlyingSleeves","BowlingBash"],"picked":"SKIP","floor":20},{"not_picked":["TalkToTheHand+1","Crescendo","Halt"],"picked":"SKIP","floor":22}],"player_experience":2093450,"relics_obtained":[{"floor":7,"key":"Vajra"},{"floor":9,"key":"Yang"},{"floor":11,"key":"Akabeko"}],"event_choices":[{"cards_removed":["Strike_P"],"damage_healed":0,"gold_gain":0,"player_choice":"Card Removal","damage_taken":7,"max_hp_gain":0,"max_hp_loss":0,"event_name":"Golden Wing","floor":4,"gold_loss":0},{"damage_healed":0,"gold_gain":0,"player_choice":"Upgraded","damage_taken":0,"max_hp_gain":0,"max_hp_loss":0,"event_name":"Upgrade Shrine","floor":5,"gold_loss":0,"cards_upgraded":["Eruption"]},{"damage_healed":0,"gold_gain":275,"player_choice":"Desecrate","damage_taken":0,"max_hp_gain":0,"max_hp_loss":0,"event_name":"Golden Shrine","floor":14,"gold_loss":0,"cards_obtained":["Regret"]}],"is_beta":false,"boss_relics":[{"not_picked":["Ectoplasm","Sozu"],"picked":"Astrolabe"}],"items_purged_floors":[3,21],"is_endless":false,"potions_floor_spawned":[2,10,13,16,22],"killed_by":"Slavers","ascension_level":20}