{"gold_per_floor":[109,109,34,34,184,184,184,184,184,209,220,252,252,287,287,361,361,373,373,384,384,299,299,331,343],"floor_reached":25,"playtime":1193,"items_purged":[],"score":566,"play_id":"885f0e85-417c-4e6e-9e19-479e0525995a","local_time":"20230206120328","is_ascension_mode":true,"campfire_choices":[{"data":"Eruption","floor":6,"key":"SMITH"},{"data":"BowlingBash","floor":8,"key":"SMITH"},{"data":"WaveOfTheHand","floor":13,"key":"SMITH"},{"data":"FlyingSleeves","floor":15,"key":"SMITH"},{"data":"Vigilance","floor":23,"key":"SMITH"}],"neow_cost":"NONE","seed_source_timestamp":874550745928200,"circlet_count":0,"master_deck":["AscendersBane","Strike_P","Strike_P","Strike_P","Defend_P","Defend_P","Defend_P","Eruption+1","Vigilance+1","BowlingBash+1","WaveOfTheHand+1","Evaluate","FlyingSleeves+1","Brilliance","Weave","Brilliance","Indignation+1","Prostrate","DeusExMachina"],"relics":["PureWater","NeowsBlessing","Pocketwatch","Matryoshka","Gremlin Horn","Mummified Hand","Shuriken","Kunai","Black Star","Sundial","MawBank","The Courier"],"potions_floor_usage":[20],"damage_taken":[{"damage":0,"enemies":"Small Slimes","floor":1,"turns":1},{"damage":0,"enemies":"3 Sentries","floor":10,"turns":1},{"damage":0,"enemies":"Jaw Worm","floor":11,"turns":1},{"damage":31,"enemies":"Lagavulin","floor":12,"turns":7},{"damage":0,"enemies":"Gremlin Nob","floor":14,"turns":2},{"damage":12,"enemies":"The Guardian","floor":16,"turns":10},{"damage":0,"enemies":"Chosen","floor":18,"turns":3},{"damage":4,"enemies":"3 Byrds","floor":20,"turns":3},{"damage":39,"enemies":"Slavers","floor":24,"turns":4},{"damage":18,"enemies":"Snake Plant","floor":25,"turns":2}],"seed_played":"8493647038304736638","potions_obtained":[{"floor":14,"key":"BottledMiracle"},{"floor":16,"key":"LiquidBronze"},{"floor":24,"key":"LiquidBronze"}],"is_trial":false,"path_per_floor":["M","?","?","T","?","R","T","R","T","E","M","E","R","E","R","B",null,"M","?","M","?","?","R","E","M"],"character_chosen":"WATCHER","items_purchased":[],"campfire_rested":0,"item_purchase_floors":[],"current_hp_per_floor":[61,61,61,61,61,61,61,61,61,61,61,30,30,30,30,18,56,56,56,52,52,52,52,13,0],"gold":343,"neow_bonus":"THREE_ENEMY_KILL","is_prod":false,"is_daily":false,"chose_seed":false,"campfire_upgraded":5,"win_rate":0,"timestamp":1675681408,"path_taken":["M","?","?","?","?","R","?","R","T","E","M","E","R","E","R","BOSS","M","?","M","?","?","R","E","?"],"build_version":"2022-12-18","purchased_purges":0,"victory":false,"max_hp_per_floor":[68,68,68,68,68,68,68,68,68,68,68,68,68,68,68,68,68,68,68,68,68,68,68,68,68],"card_choices":[{"not_picked":["ThirdEye","JustLucky"],"picked":"BowlingBash","floor":1},{"not_picked":["JustLucky","Fasting2"],"picked":"Evaluate","floor":10},{"not_picked":["DeceiveReality","Sanctity"],"picked":"FlyingSleeves","floor":11},{"not_picked":["FlyingSleeves","Sanctity"],"picked":"Brilliance","floor":12},{"not_picked":["FlyingSleeves","Prostrate"],"picked":"Weave","floor":14},{"not_picked":["LessonLearned","MasterReality"],"picked":"Brilliance","floor":16},{"not_picked":["BattleHymn","ThirdEye"],"picked":"Indignation+1","floor":18},{"not_picked":["SignatureMove","Wallop","CutThroughFate"],"picked":"SKIP","floor":20},{"not_picked":["ThirdEye","Crescendo"],"picked":"DeusExMachina","floor":24}],"player_experience":2100610,"relics_obtained":[{"floor":4,"key":"Pocketwatch"},{"floor":7,"key":"Matryoshka"},{"floor":9,"key":"Gremlin Horn"},{"floor":10,"key":"Mummified Hand"},{"floor":12,"key":"Shuriken"},{"floor":14,"key":"Kunai"},{"floor":24,"key":"MawBank"},{"floor":24,"key":"The Courier"}],"event_choices":[{"damage_healed":0,"gold_gain":0,"cards_transformed":["Defend_P"],"player_choice":"Change","damage_taken":0,"max_hp_gain":0,"max_hp_loss":0,"event_name":"Living Wall","floor":2,"gold_loss":0,"cards_obtained":["WaveOfTheHand"]},{"cards_removed":["Strike_P"],"damage_healed":0,"gold_gain":0,"player_choice":"Card Removal","damage_taken":0,"max_hp_gain":0,"max_hp_loss":0,"event_name":"The Cleric","floor":3,"gold_loss":75},{"damage_healed":0,"gold_gain":150,"player_choice":"AGREE","damage_taken":0,"max_hp_gain":0,"max_hp_loss":0,"event_name":"Liars Game","floor":5,"gold_loss":0,"cards_obtained":["Doubt"]},{"damage_healed":0,"gold_gain":0,"player_choice":"Read","damage_taken":0,"max_hp_gain":0,"max_hp_loss":0,"event_name":"The Library","floor":19,"gold_loss":0,"cards_obtained":["Prostrate"]},{"cards_removed":["Doubt"],"damage_healed":0,"gold_gain":0,"player_choice":"Elegance","damage_taken":0,"max_hp_gain":0,"max_hp_loss":0,"event_name":"Back to Basics","floor":21,"gold_loss":0},{"damage_healed":0,"gold_gain":0,"player_choice":"Obtained Relic","damage_taken":0,"relics_obtained":["Sundial"],"max_hp_gain":0,"max_hp_loss":0,"event_name":"Addict","floor":22,"gold_loss":85}],"is_beta":false,"boss_relics":[{"not_picked":["VioletLotus","Pandora\u0027s Box"],"picked":"Black Star"}],"items_purged_floors":[],"is_endless":false,"potions_floor_spawned":[14,16,24],"killed_by":"Snake Plant","ascension_level":20}