{"gold_per_floor":[116,79,79,79,92,92,132,220,220,254,8,8,42,69,69,162,234,256,283,567,567,567,567,153,162,162,206,239,270,47,88,88,88],"floor_reached":33,"playtime":1210,"items_purged":["Injury","Regret"],"score":652,"play_id":"824d12c9-9904-49c0-a6bf-405a69c28a52","local_time":"20230220223358","is_ascension_mode":true,"campfire_choices":[{"data":"PathToVictory","floor":6,"key":"SMITH"},{"data":"PathToVictory","floor":12,"key":"SMITH"},{"data":"ThirdEye","floor":15,"key":"SMITH"},{"data":"Protect","floor":23,"key":"SMITH"},{"floor":32,"key":"REST"}],"neow_cost":"NONE","seed_source_timestamp":2121974018217700,"circlet_count":0,"master_deck":["AscendersBane","Eruption","Vigilance","PathToVictory+1","WreathOfFlame","PathToVictory+1","Omniscience","ThirdEye+1","Collect","MasterReality","Establishment","FlurryOfBlows","ForeignInfluence","EmptyBody","Vault","Protect+1","BattleHymn","Crescendo","Nirvana","Pray","Wireheading","Writhe","Protect","PathToVictory"],"relics":["PureWater","NeowsBlessing","Golden Idol","Juzu Bracelet","CeramicFish","Pear","Lee\u0027s Waffle","Pandora\u0027s Box","Membership Card","PreservedInsect","Centennial Puzzle","Dead Branch","InkBottle","Torii","Letter Opener","Chemical X","Mummified Hand","Kunai"],"potions_floor_usage":[8,8,27],"damage_taken":[{"damage":0,"enemies":"2 Louse","floor":1,"turns":1},{"damage":0,"enemies":"Small Slimes","floor":5,"turns":1},{"damage":0,"enemies":"3 Sentries","floor":7,"turns":2},{"damage":45,"enemies":"3 Sentries","floor":8,"turns":16},{"damage":1,"enemies":"Cultist","floor":10,"turns":3},{"damage":9,"enemies":"Lots of Slimes","floor":13,"turns":4},{"damage":22,"enemies":"3 Louse","floor":14,"turns":4},{"damage":38,"enemies":"The Guardian","floor":16,"turns":6},{"damage":21,"enemies":"3 Byrds","floor":18,"turns":5},{"damage":24,"enemies":"Spheric Guardian","floor":19,"turns":7},{"damage":3,"enemies":"Gremlin Leader","floor":27,"turns":5},{"damage":1,"enemies":"Snecko","floor":28,"turns":5},{"damage":6,"enemies":"Book of Stabbing","floor":29,"turns":3},{"damage":23,"enemies":"Gremlin Leader","floor":31,"turns":4},{"damage":70,"enemies":"Collector","floor":33,"turns":2}],"seed_played":"7785542431029431430","potions_obtained":[{"floor":4,"key":"GamblersBrew"},{"floor":4,"key":"Dexterity Potion"},{"floor":8,"key":"FearPotion"},{"floor":14,"key":"FearPotion"},{"floor":16,"key":"BottledMiracle"},{"floor":28,"key":"LiquidBronze"}],"is_trial":false,"path_per_floor":["M","$","?","?","M","R","E","?","T","M","$","R","M","M","R","B",null,"M","M","?","?","?","R","$","?","T","E","M","E","$","E","R","B"],"character_chosen":"WATCHER","items_purchased":["WreathOfFlame","Lee\u0027s Waffle","Membership Card","PreservedInsect","Centennial Puzzle","Wireheading","Chemical X","Mummified Hand"],"campfire_rested":1,"item_purchase_floors":[2,11,24,24,24,24,30,30],"current_hp_per_floor":[61,61,61,61,61,61,61,16,26,25,85,85,76,54,54,16,68,47,23,23,40,40,40,40,40,40,37,36,30,30,7,32,0],"gold":88,"neow_bonus":"THREE_ENEMY_KILL","is_prod":false,"is_daily":false,"chose_seed":false,"campfire_upgraded":4,"win_rate":0,"timestamp":1676928838,"path_taken":["M","$","?","?","?","R","E","?","T","M","$","R","M","M","R","BOSS","M","M","?","?","?","R","?","?","T","E","M","E","?","E","R","BOSS"],"build_version":"2022-12-18","purchased_purges":2,"victory":false,"max_hp_per_floor":[68,68,68,68,68,68,68,68,78,78,85,85,85,85,85,85,85,85,85,85,85,85,85,85,85,85,85,85,85,85,85,85,85],"card_choices":[{"not_picked":["CrushJoints","ThirdEye"],"picked":"PathToVictory","floor":1},{"not_picked":["Crescendo","MentalFortress"],"picked":"PathToVictory","floor":5},{"not_picked":["CrushJoints","Fasting2","CarveReality"],"picked":"SKIP","floor":7},{"not_picked":["JustLucky","Crescendo"],"picked":"Omniscience","floor":8},{"not_picked":["ClearTheMind","JustLucky"],"picked":"ThirdEye","floor":10},{"not_picked":["Vengeance","FlurryOfBlows"],"picked":"Collect","floor":13},{"not_picked":["WaveOfTheHand","FlurryOfBlows"],"picked":"MasterReality","floor":14},{"not_picked":["FlurryOfBlows","BowlingBash"],"picked":"Nirvana","floor":18},{"not_picked":["Halt+1","FlyingSleeves"],"picked":"Pray","floor":19},{"not_picked":["FlyingSleeves","EmptyMind"],"picked":"Protect","floor":27},{"not_picked":["Protect","LikeWater"],"picked":"PathToVictory","floor":28},{"not_picked":["SandsOfTime","Blasphemy","FlyingSleeves"],"picked":"SKIP","floor":29},{"not_picked":["Adaptation","SignatureMove","EmptyFist"],"picked":"SKIP","floor":31}],"player_experience":2126843,"relics_obtained":[{"floor":7,"key":"Juzu Bracelet"},{"floor":8,"key":"CeramicFish"},{"floor":9,"key":"Pear"},{"floor":26,"key":"InkBottle"},{"floor":27,"key":"Torii"},{"floor":29,"key":"Letter Opener"},{"floor":31,"key":"Kunai"}],"event_choices":[{"damage_healed":0,"gold_gain":0,"player_choice":"Take Wound","damage_taken":0,"relics_obtained":["Golden Idol"],"max_hp_gain":0,"max_hp_loss":0,"event_name":"Golden Idol","floor":3,"gold_loss":0,"cards_obtained":["Injury"]},{"damage_healed":0,"gold_gain":0,"player_choice":"Got Potions","damage_taken":0,"max_hp_gain":0,"max_hp_loss":0,"event_name":"Lab","floor":4,"gold_loss":0},{"damage_healed":0,"gold_gain":0,"player_choice":"Searched \u00271\u0027 times","damage_taken":0,"max_hp_gain":0,"max_hp_loss":0,"event_name":"Dead Adventurer","floor":8,"gold_loss":0},{"damage_healed":0,"gold_gain":275,"player_choice":"Desecrate","damage_taken":0,"max_hp_gain":0,"max_hp_loss":0,"event_name":"Golden Shrine","floor":20,"gold_loss":0,"cards_obtained":["Regret"]},{"damage_healed":17,"gold_gain":0,"player_choice":"Heal","damage_taken":0,"max_hp_gain":0,"max_hp_loss":0,"event_name":"The Library","floor":21,"gold_loss":0},{"damage_healed":0,"gold_gain":0,"player_choice":"0 cards matched","damage_taken":0,"max_hp_gain":0,"max_hp_loss":0,"event_name":"Match and Keep!","floor":22,"gold_loss":0,"cards_obtained":[]},{"damage_healed":0,"gold_gain":0,"player_choice":"Opened","damage_taken":0,"relics_obtained":["Dead Branch"],"max_hp_gain":0,"max_hp_loss":0,"event_name":"The Mausoleum","floor":25,"gold_loss":0,"cards_obtained":["Writhe"]}],"is_beta":false,"boss_relics":[{"not_picked":["Cursed Key","Black Star"],"picked":"Pandora\u0027s Box"}],"items_purged_floors":[11,24],"is_endless":false,"potions_floor_spawned":[8,14,16,28,31],"killed_by":"Collector","ascension_level":20}