{"gold_per_floor":[109,259,275,275,295,295,326,326,375,410,410],"floor_reached":11,"playtime":223,"items_purged":[],"score":162,"play_id":"e9c022ca-e7b4-4d4d-8613-a5df1ef0ecf6","local_time":"20230226104755","is_ascension_mode":true,"campfire_choices":[{"data":"Eruption","floor":6,"key":"SMITH"},{"floor":8,"key":"REST"}],"neow_cost":"NONE","seed_source_timestamp":4774819618600,"circlet_count":0,"master_deck":["AscendersBane","Strike_P","Strike_P","Strike_P","Strike_P","Defend_P","Defend_P","Defend_P","Defend_P","Eruption+1","Vigilance","PathToVictory","Doubt","Conclude+1","Collect","Ragnarok","Protect"],"relics":["PureWater","NeowsBlessing","Pen Nib","Bag of Marbles","Meat on the Bone"],"potions_floor_usage":[7,10,11],"damage_taken":[{"damage":0,"enemies":"Small Slimes","floor":1,"turns":1},{"damage":0,"enemies":"Jaw Worm","floor":3,"turns":1},{"damage":0,"enemies":"Cultist","floor":5,"turns":1},{"damage":58,"enemies":"Lagavulin","floor":7,"turns":11},{"damage":16,"enemies":"Gremlin Nob","floor":10,"turns":3},{"damage":7,"enemies":"Lots of Slimes","floor":11,"turns":2}],"seed_played":"3907201183584703630","potions_obtained":[{"floor":1,"key":"GamblersBrew"},{"floor":7,"key":"Swift Potion"},{"floor":10,"key":"SkillPotion"}],"is_trial":false,"path_per_floor":["M","?","M","?","M","R","E","R","T","E","M"],"character_chosen":"WATCHER","items_purchased":[],"campfire_rested":1,"item_purchase_floors":[],"current_hp_per_floor":[61,61,61,61,61,61,3,23,23,7,0],"gold":410,"neow_bonus":"THREE_ENEMY_KILL","is_prod":false,"is_daily":false,"chose_seed":false,"campfire_upgraded":1,"win_rate":0,"timestamp":1677404875,"path_taken":["M","?","M","?","?","R","E","R","T","E","?"],"build_version":"2022-12-18","purchased_purges":0,"victory":false,"max_hp_per_floor":[68,68,68,68,68,68,68,68,68,68,68],"card_choices":[{"not_picked":["Swivel","ThirdEye"],"picked":"PathToVictory","floor":1},{"not_picked":["ThirdEye","CrushJoints"],"picked":"Conclude","floor":3},{"not_picked":["ThirdEye","Halt"],"picked":"Collect","floor":5},{"not_picked":["WreathOfFlame","Protect"],"picked":"Ragnarok","floor":7},{"not_picked":["WheelKick","FlurryOfBlows"],"picked":"Protect","floor":10}],"player_experience":2165379,"relics_obtained":[{"floor":7,"key":"Pen Nib"},{"floor":9,"key":"Bag of Marbles"},{"floor":10,"key":"Meat on the Bone"}],"event_choices":[{"damage_healed":0,"gold_gain":150,"player_choice":"AGREE","damage_taken":0,"max_hp_gain":0,"max_hp_loss":0,"event_name":"Liars Game","floor":2,"gold_loss":0,"cards_obtained":["Doubt"]},{"damage_healed":0,"gold_gain":0,"player_choice":"Upgraded","damage_taken":0,"max_hp_gain":0,"max_hp_loss":0,"event_name":"Upgrade Shrine","floor":4,"gold_loss":0,"cards_upgraded":["Conclude"]}],"is_beta":false,"boss_relics":[],"items_purged_floors":[],"is_endless":false,"potions_floor_spawned":[1,7,10],"killed_by":"Lots of Slimes","ascension_level":20}