{"gold_per_floor":[115,127,202,202,30,61,61,74,125,125,125,149,149,184,184,282,282,302,302,302,92,92,92],"floor_reached":23,"playtime":553,"items_purged":["Writhe"],"score":489,"play_id":"78d235dd-bcd9-4b5c-8e41-d260172f9a8f","local_time":"20230227173706","is_ascension_mode":true,"campfire_choices":[{"data":"LessonLearned","floor":7,"key":"SMITH"},{"data":"ReachHeaven","floor":11,"key":"SMITH"},{"floor":15,"key":"REST"}],"neow_cost":"NONE","seed_source_timestamp":5093554375600,"circlet_count":0,"master_deck":["AscendersBane","Strike_P","Strike_P+1","Strike_P","Strike_P","Defend_P+1","Defend_P","Defend_P","Defend_P+1","Eruption","Vigilance+1","ThirdEye","PathToVictory","LessonLearned+1","DeusExMachina","ReachHeaven+1","Protect","WreathOfFlame","MasterReality","Necronomicurse"],"relics":["PureWater","NeowsBlessing","Golden Idol","Art of War","Smiling Mask","Spirit Poop","Bag of Preparation","Blue Candle","SlaversCollar","Sundial","Sling","Necronomicon"],"potions_floor_usage":[14,18,23],"damage_taken":[{"damage":0,"enemies":"Cultist","floor":1,"turns":1},{"damage":0,"enemies":"2 Louse","floor":2,"turns":1},{"damage":0,"enemies":"3 Sentries","floor":6,"turns":3},{"damage":14,"enemies":"Jaw Worm","floor":8,"turns":5},{"damage":28,"enemies":"Gremlin Gang","floor":12,"turns":4},{"damage":0,"enemies":"Gremlin Nob","floor":14,"turns":3},{"damage":24,"enemies":"Slime Boss","floor":16,"turns":7},{"damage":10,"enemies":"Shell Parasite","floor":18,"turns":8},{"damage":40,"enemies":"Gremlin Leader","floor":23,"turns":4}],"seed_played":"-4803369438404013251","potions_obtained":[{"floor":1,"key":"FearPotion"},{"floor":16,"key":"Fire Potion"},{"floor":18,"key":"SkillPotion"}],"is_trial":false,"path_per_floor":["M","M","?","?","$","E","R","M","T","?","R","M","T","E","R","B",null,"M","?","?","$","?","E"],"character_chosen":"WATCHER","items_purchased":["LessonLearned","Sling"],"campfire_rested":1,"item_purchase_floors":[5,21],"current_hp_per_floor":[61,61,50,50,50,50,50,36,36,36,36,8,8,8,28,4,52,42,56,56,56,35,0],"gold":92,"neow_bonus":"THREE_ENEMY_KILL","is_prod":false,"is_daily":false,"chose_seed":false,"campfire_upgraded":2,"win_rate":0,"timestamp":1677515826,"path_taken":["M","M","?","?","$","E","R","M","T","?","R","?","?","E","R","BOSS","M","?","?","$","?","E"],"build_version":"2022-12-18","purchased_purges":1,"victory":false,"max_hp_per_floor":[68,68,68,68,68,68,68,68,68,68,68,68,68,68,68,68,68,68,68,68,68,68,68],"card_choices":[{"not_picked":["DeceiveReality","FlyingSleeves"],"picked":"ThirdEye","floor":1},{"not_picked":["Protect","JustLucky"],"picked":"PathToVictory","floor":2},{"not_picked":["FollowUp","CarveReality"],"picked":"DeusExMachina","floor":6},{"not_picked":["ClearTheMind","EmptyFist"],"picked":"ReachHeaven","floor":8},{"not_picked":["Consecrate","CarveReality"],"picked":"Protect","floor":12},{"not_picked":["FollowUp","EmptyBody"],"picked":"WreathOfFlame","floor":14},{"not_picked":["Ragnarok","ConjureBlade"],"picked":"MasterReality","floor":16},{"not_picked":["ThirdEye","JustLucky","FlurryOfBlows"],"picked":"SKIP","floor":18}],"player_experience":2179967,"relics_obtained":[{"floor":6,"key":"Art of War"},{"floor":9,"key":"Smiling Mask"},{"floor":13,"key":"Bag of Preparation"},{"floor":14,"key":"Blue Candle"},{"floor":22,"key":"Necronomicon"}],"event_choices":[{"damage_healed":0,"gold_gain":75,"player_choice":"Gather Gold","damage_taken":11,"max_hp_gain":0,"max_hp_loss":0,"event_name":"World of Goop","floor":3,"gold_loss":0},{"damage_healed":0,"gold_gain":0,"player_choice":"Take Wound","damage_taken":0,"relics_obtained":["Golden Idol"],"max_hp_gain":0,"max_hp_loss":0,"event_name":"Golden Idol","floor":4,"gold_loss":0,"cards_obtained":["Injury"]},{"cards_removed":["Injury"],"damage_healed":0,"gold_gain":0,"player_choice":"Offered Curse","damage_taken":0,"relics_obtained":["Spirit Poop"],"max_hp_gain":0,"max_hp_loss":0,"event_name":"Bonfire Elementals","floor":10,"gold_loss":0},{"damage_healed":14,"gold_gain":0,"player_choice":"Heal","damage_taken":0,"max_hp_gain":0,"max_hp_loss":0,"event_name":"The Library","floor":19,"gold_loss":0},{"damage_healed":0,"gold_gain":0,"player_choice":"Opened","damage_taken":0,"relics_obtained":["Sundial"],"max_hp_gain":0,"max_hp_loss":0,"event_name":"The Mausoleum","floor":20,"gold_loss":0,"cards_obtained":["Writhe"]},{"damage_healed":0,"gold_gain":0,"player_choice":"Obtained Book","damage_taken":21,"max_hp_gain":0,"max_hp_loss":0,"event_name":"Cursed Tome","floor":22,"gold_loss":0}],"is_beta":false,"boss_relics":[{"not_picked":["Sozu","Empty Cage"],"picked":"SlaversCollar"}],"items_purged_floors":[21],"is_endless":false,"potions_floor_spawned":[1,16,18],"killed_by":"Gremlin Leader","ascension_level":20}