{"gold_per_floor":[115,131,131,56,36,70,88,88,112,112,132,162,179,21,21,21],"floor_reached":16,"playtime":294,"items_purged":[],"score":270,"play_id":"e0026f0f-d847-4156-a916-77a4450a6c0f","local_time":"20230225152927","is_ascension_mode":true,"campfire_choices":[{"data":"Eruption","floor":8,"key":"SMITH"},{"data":"BowlingBash","floor":10,"key":"SMITH"},{"data":"Devotion","floor":15,"key":"SMITH"}],"neow_cost":"NONE","seed_source_timestamp":2529436234170300,"circlet_count":0,"master_deck":["AscendersBane","Strike_P","Strike_P","Strike_P","Strike_P","Defend_P","Defend_P","Defend_P","Defend_P","Eruption+1","Vigilance","Indignation","FlyingSleeves","DeusExMachina","CutThroughFate","BowlingBash+1","Tantrum","Devotion+1"],"relics":["PureWater","NeowsBlessing","Bag of Preparation","Ornamental Fan","Oddly Smooth Stone","Singing Bowl","PreservedInsect"],"potions_floor_usage":[12],"damage_taken":[{"damage":0,"enemies":"2 Louse","floor":1,"turns":2},{"damage":0,"enemies":"Jaw Worm","floor":2,"turns":1},{"damage":0,"enemies":"Gremlin Nob","floor":6,"turns":1},{"damage":0,"enemies":"Cultist","floor":7,"turns":2},{"damage":0,"enemies":"Red Slaver","floor":11,"turns":1},{"damage":1,"enemies":"3 Sentries","floor":12,"turns":3},{"damage":0,"enemies":"Looter","floor":13,"turns":2},{"damage":44,"enemies":"The Guardian","floor":16,"turns":8}],"seed_played":"-5824370560421939544","potions_obtained":[{"floor":1,"key":"Strength Potion"},{"floor":2,"key":"Energy Potion"},{"floor":7,"key":"Strength Potion"}],"is_trial":false,"path_per_floor":["M","M","?","$","?","E","M","R","T","R","M","E","M","$","R","B"],"character_chosen":"WATCHER","items_purchased":["DeusExMachina","PreservedInsect"],"campfire_rested":0,"item_purchase_floors":[4,14],"current_hp_per_floor":[61,61,43,43,43,43,43,43,43,43,43,42,44,44,44,0],"gold":21,"neow_bonus":"THREE_ENEMY_KILL","is_prod":false,"is_daily":false,"chose_seed":false,"campfire_upgraded":3,"win_rate":0,"timestamp":1677335367,"path_taken":["M","M","?","$","?","E","M","R","T","R","?","E","M","?","R","BOSS"],"build_version":"2022-12-18","purchased_purges":0,"victory":false,"max_hp_per_floor":[68,68,68,68,68,68,68,68,68,68,68,68,70,70,70,70],"card_choices":[{"not_picked":["CarveReality","ClearTheMind"],"picked":"Indignation","floor":1},{"not_picked":["Evaluate","PathToVictory"],"picked":"FlyingSleeves","floor":2},{"not_picked":["JustLucky","PathToVictory"],"picked":"CutThroughFate","floor":6},{"not_picked":["Brilliance","CrushJoints"],"picked":"BowlingBash","floor":7},{"not_picked":["Vengeance","FlurryOfBlows"],"picked":"Tantrum","floor":11},{"not_picked":["WreathOfFlame","Wallop"],"picked":"Devotion","floor":12},{"not_picked":["FollowUp","Swivel","Nirvana"],"picked":"Singing Bowl","floor":13}],"player_experience":2146112,"relics_obtained":[{"floor":6,"key":"Ornamental Fan"},{"floor":9,"key":"Oddly Smooth Stone"},{"floor":12,"key":"Singing Bowl"}],"event_choices":[{"damage_healed":0,"gold_gain":0,"player_choice":"Success","damage_taken":18,"relics_obtained":["Bag of Preparation"],"max_hp_gain":0,"max_hp_loss":0,"event_name":"Scrap Ooze","floor":3,"gold_loss":0},{"damage_healed":0,"gold_gain":0,"player_choice":"Bought 1 Potion","damage_taken":0,"max_hp_gain":0,"max_hp_loss":0,"event_name":"The Woman in Blue","floor":5,"gold_loss":0}],"is_beta":false,"boss_relics":[],"items_purged_floors":[],"is_endless":false,"potions_floor_spawned":[1,2,7],"killed_by":"The Guardian","ascension_level":20}