{"gold_per_floor":[18,18,18,55,55,85,130,130,130,168,199,222,234,288,300,389,401,424,436,448,477,526,538,550],"floor_reached":24,"playtime":1055,"items_purged":[],"score":466,"play_id":"d4905570-69a9-49cb-893e-549082f0b58c","local_time":"20230301155258","is_ascension_mode":true,"campfire_choices":[{"floor":8,"key":"REST"},{"floor":15,"key":"REST"},{"data":"Wish","floor":23,"key":"SMITH"}],"neow_cost":"NO_GOLD","seed_source_timestamp":16307987765000,"circlet_count":0,"master_deck":["AscendersBane","Strike_P","Strike_P","Defend_P","Eruption","Vigilance","Collect+1","Wish+1","ReachHeaven","MentalFortress","ClearTheMind","WaveOfTheHand","Omniscience","Protect","Devotion","Protect","Tantrum+1"],"relics":["PureWater","Blue Candle","Happy Flower","MawBank","Snecko Eye"],"potions_floor_usage":[11,14,16,24],"damage_taken":[{"damage":4,"enemies":"Jaw Worm","floor":1,"turns":5},{"damage":2,"enemies":"2 Louse","floor":4,"turns":4},{"damage":0,"enemies":"Gremlin Nob","floor":6,"turns":2},{"damage":34,"enemies":"Cultist","floor":7,"turns":6},{"damage":5,"enemies":"2 Fungi Beasts","floor":10,"turns":4},{"damage":7,"enemies":"Lagavulin","floor":11,"turns":5},{"damage":5,"enemies":"Red Slaver","floor":12,"turns":3},{"damage":5,"enemies":"3 Louse","floor":14,"turns":4},{"damage":29,"enemies":"The Guardian","floor":16,"turns":11},{"damage":0,"enemies":"2 Thieves","floor":18,"turns":4},{"damage":0,"enemies":"Shell Parasite","floor":21,"turns":5},{"damage":12,"enemies":"Chosen and Byrds","floor":22,"turns":6},{"damage":62,"enemies":"Gremlin Leader","floor":24,"turns":4}],"seed_played":"3831480698401393875","potions_obtained":[{"floor":6,"key":"Fruit Juice"},{"floor":10,"key":"EssenceOfSteel"},{"floor":11,"key":"Weak Potion"},{"floor":18,"key":"Weak Potion"},{"floor":20,"key":"Ambrosia"},{"floor":20,"key":"Fire Potion"},{"floor":21,"key":"Strength Potion"}],"is_trial":false,"path_per_floor":["M","?","?","M","?","E","M","R","T","M","E","M","?","M","R","B",null,"M","?","?","M","M","R","E"],"character_chosen":"WATCHER","items_purchased":[],"campfire_rested":2,"item_purchase_floors":[],"current_hp_per_floor":[57,57,50,48,48,48,14,34,34,29,22,17,17,17,38,9,57,57,57,57,57,45,45,0],"gold":550,"neow_bonus":"REMOVE_TWO","is_prod":false,"is_daily":false,"chose_seed":false,"campfire_upgraded":1,"win_rate":0,"timestamp":1677682378,"path_taken":["M","?","?","M","?","E","M","R","T","M","E","?","?","?","R","BOSS","M","?","?","M","M","R","E"],"build_version":"2022-12-18","purchased_purges":0,"victory":false,"max_hp_per_floor":[68,68,68,68,68,68,68,68,68,68,68,68,68,73,73,73,73,73,73,73,73,73,73,73],"card_choices":[{"not_picked":["Evaluate","Study"],"picked":"Collect","floor":1},{"not_picked":["Conclude","Evaluate"],"picked":"ReachHeaven","floor":4},{"not_picked":["CrushJoints","CutThroughFate"],"picked":"MentalFortress","floor":6},{"not_picked":["JustLucky","CrushJoints"],"picked":"ClearTheMind","floor":7},{"not_picked":["Nirvana","Consecrate"],"picked":"WaveOfTheHand","floor":10},{"not_picked":["FlurryOfBlows","Fasting2"],"picked":"Omniscience","floor":11},{"not_picked":["ClearTheMind","Meditate"],"picked":"Protect","floor":12},{"not_picked":["FollowUp","ClearTheMind","Study"],"picked":"SKIP","floor":14},{"not_picked":["Judgement","Scrawl"],"picked":"Devotion","floor":16},{"not_picked":["PathToVictory","TalkToTheHand"],"picked":"Protect","floor":18},{"not_picked":["ReachHeaven","Consecrate","CrushJoints"],"picked":"SKIP","floor":21},{"not_picked":["CutThroughFate","Crescendo"],"picked":"Tantrum+1","floor":22}],"player_experience":2181117,"relics_obtained":[{"floor":6,"key":"Blue Candle"},{"floor":9,"key":"Happy Flower"},{"floor":11,"key":"MawBank"}],"event_choices":[{"damage_healed":0,"gold_gain":0,"cards_transformed":["Defend_P"],"player_choice":"Change","damage_taken":0,"max_hp_gain":0,"max_hp_loss":0,"event_name":"Living Wall","floor":2,"gold_loss":0,"cards_obtained":["Wish"]},{"cards_removed":["Strike_P"],"damage_healed":0,"gold_gain":0,"player_choice":"Card Removal","damage_taken":7,"max_hp_gain":0,"max_hp_loss":0,"event_name":"Golden Wing","floor":3,"gold_loss":0},{"damage_healed":0,"gold_gain":0,"player_choice":"Upgraded","damage_taken":0,"max_hp_gain":0,"max_hp_loss":0,"event_name":"Upgrade Shrine","floor":5,"gold_loss":0,"cards_upgraded":["Collect"]},{"cards_removed":["Defend_P"],"damage_healed":0,"gold_gain":0,"player_choice":"Purged","damage_taken":0,"max_hp_gain":0,"max_hp_loss":0,"event_name":"Purifier","floor":13,"gold_loss":0},{"damage_healed":0,"gold_gain":0,"player_choice":"Ignored","damage_taken":0,"max_hp_gain":0,"max_hp_loss":0,"event_name":"Vampires","floor":19,"gold_loss":0},{"damage_healed":0,"gold_gain":0,"player_choice":"Got Potions","damage_taken":0,"max_hp_gain":0,"max_hp_loss":0,"event_name":"Lab","floor":20,"gold_loss":0}],"is_beta":false,"boss_relics":[{"not_picked":["Busted Crown","Philosopher\u0027s Stone"],"picked":"Snecko Eye"}],"items_purged_floors":[],"is_endless":false,"potions_floor_spawned":[6,10,11,18,21],"killed_by":"Gremlin Leader","ascension_level":20}