{"gold_per_floor":[118,118,118,138,103,137,137,172,172,197,209,224,224,224,224,298,298,311,69,85,44,44,74,74,74],"floor_reached":25,"playtime":734,"items_purged":["Decay"],"score":574,"play_id":"486d565d-d20f-48cc-ab86-e2eb2943dfa5","local_time":"20230226133809","is_ascension_mode":true,"campfire_choices":[{"data":"Eruption","floor":7,"key":"SMITH"},{"floor":13,"key":"REST"},{"data":"Protect","floor":15,"key":"SMITH"}],"neow_cost":"NONE","seed_source_timestamp":14477783636600,"circlet_count":0,"master_deck":["AscendersBane","Strike_P+1","Strike_P+1","Strike_P+1","Strike_P+1","Defend_P+1","Defend_P+1","Defend_P+1","Eruption+1","Vigilance","CarveReality","Protect+1","ForeignInfluence+1","BowlingBash","Scrawl+1","Crescendo+1","Evaluate+1","ConjureBlade+1","WaveOfTheHand+1","EmptyBody+1","Study","Necronomicurse","Vengeance+1"],"relics":["HolyWater","NeowsBlessing","Toxic Egg 2","Mercury Hourglass","Mummified Hand","Calipers","Oddly Smooth Stone","Necronomicon","Pantograph"],"potions_floor_usage":[8,10,16,20,23],"damage_taken":[{"damage":0,"enemies":"2 Louse","floor":1,"turns":1},{"damage":0,"enemies":"Small Slimes","floor":4,"turns":1},{"damage":0,"enemies":"Lagavulin","floor":6,"turns":1},{"damage":33,"enemies":"3 Sentries","floor":8,"turns":6},{"damage":6,"enemies":"Gremlin Nob","floor":10,"turns":3},{"damage":0,"enemies":"Cultist","floor":11,"turns":3},{"damage":0,"enemies":"3 Louse","floor":12,"turns":2},{"damage":31,"enemies":"The Guardian","floor":16,"turns":9},{"damage":6,"enemies":"Spheric Guardian","floor":18,"turns":4},{"damage":0,"enemies":"3 Byrds","floor":20,"turns":4},{"damage":0,"enemies":"Slavers","floor":23,"turns":2},{"damage":28,"enemies":"Gremlin Leader","floor":25,"turns":1}],"seed_played":"4881824567065763875","potions_obtained":[{"floor":4,"key":"Weak Potion"},{"floor":6,"key":"DistilledChaos"},{"floor":8,"key":"BlessingOfTheForge"},{"floor":16,"key":"Block Potion"},{"floor":18,"key":"Swift Potion"}],"is_trial":false,"path_per_floor":["M","?","?","M","?","E","R","E","T","E","M","M","R","?","R","B",null,"M","$","M","$","?","E","?","E"],"character_chosen":"WATCHER","items_purchased":["Oddly Smooth Stone","Study"],"campfire_rested":1,"item_purchase_floors":[19,21],"current_hp_per_floor":[61,54,34,34,51,51,51,18,18,12,12,12,32,32,32,1,51,45,45,45,45,24,24,24,0],"gold":74,"neow_bonus":"THREE_ENEMY_KILL","is_prod":false,"is_daily":false,"chose_seed":false,"campfire_upgraded":2,"win_rate":0,"timestamp":1677415089,"path_taken":["M","?","?","M","?","E","R","E","T","E","M","M","R","?","R","BOSS","M","$","M","?","?","E","?","E"],"build_version":"2022-12-18","purchased_purges":1,"victory":false,"max_hp_per_floor":[68,68,68,68,68,68,68,68,68,68,68,68,68,68,68,68,68,68,68,68,68,68,68,68,68],"card_choices":[{"not_picked":["ClearTheMind","EmptyFist"],"picked":"CarveReality","floor":1},{"not_picked":["CrushJoints","FlurryOfBlows"],"picked":"Protect","floor":4},{"not_picked":["DeceiveReality+1","FlurryOfBlows"],"picked":"ForeignInfluence+1","floor":6},{"not_picked":["Consecrate","TalkToTheHand"],"picked":"BowlingBash","floor":8},{"not_picked":["Protect+1","MentalFortress"],"picked":"Scrawl+1","floor":10},{"not_picked":["Study","Wireheading"],"picked":"Crescendo+1","floor":11},{"not_picked":["ClearTheMind+1","CrushJoints"],"picked":"Evaluate+1","floor":12},{"not_picked":["Wish+1","Brilliance"],"picked":"ConjureBlade+1","floor":16},{"not_picked":["FlyingSleeves","PathToVictory+1"],"picked":"WaveOfTheHand+1","floor":18},{"not_picked":["Consecrate","CarveReality"],"picked":"EmptyBody+1","floor":20},{"not_picked":["Perseverance+1","Indignation+1"],"picked":"Vengeance+1","floor":23}],"player_experience":2167459,"relics_obtained":[{"floor":6,"key":"Toxic Egg 2"},{"floor":8,"key":"Mercury Hourglass"},{"floor":9,"key":"Mummified Hand"},{"floor":10,"key":"Calipers"},{"floor":22,"key":"Necronomicon"},{"floor":23,"key":"Pantograph"}],"event_choices":[{"cards_removed":["Defend_P"],"damage_healed":0,"gold_gain":0,"player_choice":"Card Removal","damage_taken":7,"max_hp_gain":0,"max_hp_loss":0,"event_name":"Golden Wing","floor":2,"gold_loss":0},{"damage_healed":0,"gold_gain":0,"player_choice":"Entered Light","damage_taken":20,"max_hp_gain":0,"max_hp_loss":0,"event_name":"Shining Light","floor":3,"gold_loss":0,"cards_upgraded":["Defend_P","Strike_P"]},{"damage_healed":17,"gold_gain":0,"player_choice":"Healed","damage_taken":0,"max_hp_gain":0,"max_hp_loss":0,"event_name":"The Cleric","floor":5,"gold_loss":35},{"damage_healed":0,"gold_gain":0,"player_choice":"Cursed","damage_taken":0,"max_hp_gain":0,"max_hp_loss":0,"event_name":"Wheel of Change","floor":14,"gold_loss":0,"cards_obtained":["Decay"]},{"damage_healed":0,"gold_gain":0,"player_choice":"Obtained Book","damage_taken":21,"max_hp_gain":0,"max_hp_loss":0,"event_name":"Cursed Tome","floor":22,"gold_loss":0},{"damage_healed":0,"gold_gain":0,"player_choice":"Simplicity","damage_taken":0,"max_hp_gain":0,"max_hp_loss":0,"event_name":"Back to Basics","floor":24,"gold_loss":0,"cards_upgraded":["Strike_P","Strike_P","Strike_P","Defend_P","Defend_P"]}],"is_beta":false,"boss_relics":[{"not_picked":["Empty Cage","Tiny House"],"picked":"HolyWater"}],"items_purged_floors":[19],"is_endless":false,"potions_floor_spawned":[4,6,8,16,18],"killed_by":"Gremlin Leader","ascension_level":20}