{"gold_per_floor":[110,260,260,17,17,48,48,63,63,63,63],"floor_reached":11,"playtime":248,"items_purged":["Doubt"],"score":138,"play_id":"a245e7ba-f614-4753-8487-8300aee4b4b2","local_time":"20230225153346","is_ascension_mode":true,"campfire_choices":[{"floor":7,"key":"REST"},{"data":"MentalFortress","floor":10,"key":"SMITH"}],"neow_cost":"CURSE","seed_source_timestamp":2529741543123900,"circlet_count":0,"master_deck":["AscendersBane","Strike_P","Strike_P","Strike_P","Strike_P","Defend_P","Defend_P","Defend_P","Eruption","Vigilance","Vengeance","Tantrum","MentalFortress+1","FearNoEvil","BowlingBash"],"relics":["PureWater","Bird Faced Urn","TeardropLocket","Anchor"],"potions_floor_usage":[11],"damage_taken":[{"damage":3,"enemies":"Small Slimes","floor":1,"turns":7},{"damage":47,"enemies":"3 Sentries","floor":6,"turns":10},{"damage":0,"enemies":"2 Louse","floor":8,"turns":2},{"damage":40,"enemies":"Lagavulin","floor":11,"turns":2}],"seed_played":"-1376186929777187357","potions_obtained":[{"floor":6,"key":"PowerPotion"}],"is_trial":false,"path_per_floor":["M","?","?","$","?","E","R","M","T","R","E"],"character_chosen":"WATCHER","items_purchased":["Tantrum","MentalFortress"],"campfire_rested":1,"item_purchase_floors":[4,4],"current_hp_per_floor":[58,58,58,58,51,6,26,26,26,26,0],"gold":63,"neow_bonus":"ONE_RARE_RELIC","is_prod":false,"is_daily":false,"chose_seed":false,"campfire_upgraded":1,"win_rate":0,"timestamp":1677335626,"path_taken":["M","?","?","$","?","E","R","?","T","R","E"],"build_version":"2022-12-18","purchased_purges":1,"victory":false,"max_hp_per_floor":[68,68,68,68,68,68,68,68,68,68,68],"card_choices":[{"not_picked":["Sanctity","Protect"],"picked":"Vengeance","floor":1},{"not_picked":["InnerPeace","Evaluate"],"picked":"FearNoEvil","floor":6},{"not_picked":["CarveReality","EmptyMind"],"picked":"BowlingBash","floor":8}],"player_experience":2146406,"relics_obtained":[{"floor":6,"key":"TeardropLocket"},{"floor":9,"key":"Anchor"}],"event_choices":[{"damage_healed":0,"gold_gain":150,"player_choice":"AGREE","damage_taken":0,"max_hp_gain":0,"max_hp_loss":0,"event_name":"Liars Game","floor":2,"gold_loss":0,"cards_obtained":["Doubt"]},{"cards_removed":["Doubt"],"damage_healed":0,"gold_gain":0,"player_choice":"Forget","damage_taken":0,"max_hp_gain":0,"max_hp_loss":0,"event_name":"Living Wall","floor":3,"gold_loss":0},{"cards_removed":["Defend_P"],"damage_healed":0,"gold_gain":0,"player_choice":"Card Removal","damage_taken":7,"max_hp_gain":0,"max_hp_loss":0,"event_name":"Golden Wing","floor":5,"gold_loss":0}],"is_beta":false,"boss_relics":[],"items_purged_floors":[4],"is_endless":false,"potions_floor_spawned":[6],"killed_by":"Lagavulin","ascension_level":20}