{"gold_per_floor":[117,136,286,286,10,45,45,72,95,115,138,73,115,137,137,137],"floor_reached":16,"playtime":272,"items_purged":["Doubt"],"score":340,"play_id":"5682f126-c7ee-4617-9591-469f9d4a1bd3","local_time":"20230225221547","is_ascension_mode":true,"campfire_choices":[{"data":"ConjureBlade","floor":7,"key":"SMITH"},{"floor":15,"key":"REST"}],"neow_cost":"NONE","seed_source_timestamp":2553838509783800,"circlet_count":0,"master_deck":["AscendersBane","Strike_P","Strike_P","Strike_P","Strike_P","Defend_P","Defend_P","Defend_P","Defend_P","Eruption","Vigilance","Prostrate","Adaptation","Pray","ConjureBlade+1","Devotion","ClearTheMind","WreathOfFlame","WheelKick","Ragnarok"],"relics":["PureWater","NeowsBlessing","CeramicFish","Letter Opener","Bronze Scales","Damaru"],"potions_floor_usage":[13,16],"damage_taken":[{"damage":0,"enemies":"Cultist","floor":1,"turns":1},{"damage":0,"enemies":"2 Louse","floor":2,"turns":2},{"damage":0,"enemies":"Gremlin Nob","floor":6,"turns":1},{"damage":0,"enemies":"Lagavulin","floor":8,"turns":4},{"damage":8,"enemies":"Jaw Worm","floor":10,"turns":3},{"damage":3,"enemies":"Blue Slaver","floor":11,"turns":2},{"damage":40,"enemies":"Gremlin Nob","floor":13,"turns":5},{"damage":14,"enemies":"Red Slaver","floor":14,"turns":5},{"damage":26,"enemies":"The Guardian","floor":16,"turns":2}],"seed_played":"4154860806845393514","potions_obtained":[{"floor":6,"key":"Ancient Potion"},{"floor":10,"key":"Dexterity Potion"}],"is_trial":false,"path_per_floor":["M","M","?","?","$","E","R","E","T","M","M","$","E","M","R","B"],"character_chosen":"WATCHER","items_purchased":["Pray","ConjureBlade","WreathOfFlame"],"campfire_rested":1,"item_purchase_floors":[5,5,12],"current_hp_per_floor":[61,61,61,66,66,66,66,66,66,58,55,55,15,1,22,0],"gold":137,"neow_bonus":"THREE_ENEMY_KILL","is_prod":false,"is_daily":false,"chose_seed":false,"campfire_upgraded":1,"win_rate":0,"timestamp":1677359747,"path_taken":["M","?","?","?","?","E","R","E","T","M","M","$","E","M","R","BOSS"],"build_version":"2022-12-18","purchased_purges":1,"victory":false,"max_hp_per_floor":[68,68,68,73,73,73,73,73,73,73,73,73,73,73,73,73],"card_choices":[{"not_picked":["FollowUp","Study"],"picked":"Prostrate","floor":1},{"not_picked":["DeceiveReality","Protect"],"picked":"Adaptation","floor":2},{"not_picked":["TalkToTheHand","SandsOfTime"],"picked":"Devotion","floor":6},{"not_picked":["PathToVictory","JustLucky","EmptyFist"],"picked":"SKIP","floor":8},{"not_picked":["SashWhip","Halt","EmptyBody"],"picked":"SKIP","floor":10},{"not_picked":["Halt","Prostrate"],"picked":"ClearTheMind","floor":11},{"not_picked":["FlyingSleeves","TalkToTheHand"],"picked":"WheelKick","floor":13},{"not_picked":["Crescendo","ThirdEye"],"picked":"Ragnarok","floor":14}],"player_experience":2160081,"relics_obtained":[{"floor":6,"key":"CeramicFish"},{"floor":8,"key":"Letter Opener"},{"floor":9,"key":"Bronze Scales"},{"floor":13,"key":"Damaru"}],"event_choices":[{"damage_healed":0,"gold_gain":150,"player_choice":"AGREE","damage_taken":0,"max_hp_gain":0,"max_hp_loss":0,"event_name":"Liars Game","floor":3,"gold_loss":0,"cards_obtained":["Doubt"]},{"damage_healed":0,"gold_gain":0,"player_choice":"Donut","damage_taken":0,"max_hp_gain":5,"max_hp_loss":0,"event_name":"Big Fish","floor":4,"gold_loss":0}],"is_beta":false,"boss_relics":[],"items_purged_floors":[5],"is_endless":false,"potions_floor_spawned":[6,10],"killed_by":"The Guardian","ascension_level":20}