{"gold_per_floor":[118,118,134,209,209,235,200,200,200,234,252,252],"floor_reached":12,"playtime":273,"items_purged":[],"score":222,"play_id":"b4664073-6f59-415b-b003-a05d733a612f","local_time":"20230225144709","is_ascension_mode":true,"campfire_choices":[{"data":"Blasphemy","floor":8,"key":"SMITH"}],"neow_cost":"NONE","seed_source_timestamp":2526920322799200,"circlet_count":0,"master_deck":["AscendersBane","Strike_P","Strike_P","Strike_P","Strike_P","Defend_P","Defend_P","Defend_P+1","Defend_P+1","Eruption","Vigilance","Swivel","FlyingSleeves","Blasphemy+1","WaveOfTheHand","FollowUp"],"relics":["PureWater","NeowsBlessing","Bird Faced Urn","Boot","Blue Candle","Dream Catcher"],"potions_floor_usage":[12,12],"damage_taken":[{"damage":0,"enemies":"Small Slimes","floor":1,"turns":1},{"damage":0,"enemies":"Jaw Worm","floor":3,"turns":1},{"damage":0,"enemies":"Lagavulin","floor":6,"turns":1},{"damage":8,"enemies":"Gremlin Nob","floor":10,"turns":3},{"damage":9,"enemies":"2 Louse","floor":11,"turns":2},{"damage":14,"enemies":"3 Sentries","floor":12,"turns":6}],"seed_played":"-2195256164012469920","potions_obtained":[{"floor":3,"key":"Strength Potion"},{"floor":11,"key":"SpeedPotion"}],"is_trial":false,"path_per_floor":["M","?","M","?","?","E","?","R","T","E","M","E"],"character_chosen":"WATCHER","items_purchased":[],"campfire_rested":0,"item_purchase_floors":[],"current_hp_per_floor":[61,43,43,32,12,12,29,29,29,21,12,0],"gold":252,"neow_bonus":"THREE_ENEMY_KILL","is_prod":false,"is_daily":false,"chose_seed":false,"campfire_upgraded":1,"win_rate":0,"timestamp":1677332829,"path_taken":["M","?","M","?","?","E","?","R","T","E","M","E"],"build_version":"2022-12-18","purchased_purges":0,"victory":false,"max_hp_per_floor":[68,68,68,68,68,68,68,68,68,68,68,68],"card_choices":[{"not_picked":["CutThroughFate","PathToVictory"],"picked":"Swivel","floor":1},{"not_picked":["FollowUp","EmptyFist"],"picked":"FlyingSleeves","floor":3},{"not_picked":["JustLucky","Swivel"],"picked":"Blasphemy","floor":6},{"not_picked":["Tantrum","EmptyMind"],"picked":"WaveOfTheHand","floor":10},{"not_picked":["ClearTheMind","Crescendo"],"picked":"FollowUp","floor":11}],"player_experience":2143684,"relics_obtained":[{"floor":6,"key":"Boot"},{"floor":9,"key":"Blue Candle"},{"floor":10,"key":"Dream Catcher"}],"event_choices":[{"damage_healed":0,"gold_gain":0,"player_choice":"Success","damage_taken":18,"relics_obtained":["Bird Faced Urn"],"max_hp_gain":0,"max_hp_loss":0,"event_name":"Scrap Ooze","floor":2,"gold_loss":0},{"damage_healed":0,"gold_gain":75,"player_choice":"Gather Gold","damage_taken":11,"max_hp_gain":0,"max_hp_loss":0,"event_name":"World of Goop","floor":4,"gold_loss":0},{"damage_healed":0,"gold_gain":0,"player_choice":"Entered Light","damage_taken":20,"max_hp_gain":0,"max_hp_loss":0,"event_name":"Shining Light","floor":5,"gold_loss":0,"cards_upgraded":["Defend_P","Defend_P"]},{"damage_healed":17,"gold_gain":0,"player_choice":"Healed","damage_taken":0,"max_hp_gain":0,"max_hp_loss":0,"event_name":"The Cleric","floor":7,"gold_loss":35}],"is_beta":false,"boss_relics":[],"items_purged_floors":[],"is_endless":false,"potions_floor_spawned":[3,11],"killed_by":"3 Sentries","ascension_level":20}