{"gold_per_floor":[111,111,128,128,138,138,150,177,177,206,206,206],"floor_reached":12,"playtime":317,"items_purged":[],"score":176,"play_id":"0bd1599d-71bf-4910-bc02-32eefe878287","local_time":"20230225153911","is_ascension_mode":true,"campfire_choices":[{"data":"Judgement","floor":6,"key":"SMITH"},{"floor":11,"key":"REST"}],"neow_cost":"NONE","seed_source_timestamp":2529997372859300,"circlet_count":0,"master_deck":["AscendersBane","Strike_P","Strike_P","Strike_P","Strike_P","Defend_P","Defend_P","Defend_P","Defend_P","Eruption","Vigilance+1","FlurryOfBlows","Judgement+1","Pain","EmptyBody","LikeWater","FlurryOfBlows","LessonLearned","ClearTheMind"],"relics":["PureWater","NeowsBlessing","Damaru","Pear","Shuriken"],"potions_floor_usage":[10,10,10,10],"damage_taken":[{"damage":0,"enemies":"Jaw Worm","floor":1,"turns":1},{"damage":0,"enemies":"Cultist","floor":3,"turns":1},{"damage":0,"enemies":"Small Slimes","floor":5,"turns":1},{"damage":3,"enemies":"Looter","floor":7,"turns":3},{"damage":52,"enemies":"Gremlin Nob","floor":8,"turns":5},{"damage":7,"enemies":"Lagavulin","floor":10,"turns":6},{"damage":37,"enemies":"3 Sentries","floor":12,"turns":10}],"seed_played":"4276331446594283857","potions_obtained":[{"floor":1,"key":"BottledMiracle"},{"floor":3,"key":"Dexterity Potion"},{"floor":4,"key":"EntropicBrew"}],"is_trial":false,"path_per_floor":["M","?","M","?","M","R","M","E","T","E","R","E"],"character_chosen":"WATCHER","items_purchased":[],"campfire_rested":1,"item_purchase_floors":[],"current_hp_per_floor":[61,61,61,61,61,61,58,6,16,9,32,0],"gold":206,"neow_bonus":"THREE_ENEMY_KILL","is_prod":false,"is_daily":false,"chose_seed":false,"campfire_upgraded":1,"win_rate":0,"timestamp":1677335951,"path_taken":["M","?","?","?","?","R","M","E","T","E","R","E"],"build_version":"2022-12-18","purchased_purges":0,"victory":false,"max_hp_per_floor":[68,68,68,68,68,68,68,68,78,78,78,78],"card_choices":[{"not_picked":["MentalFortress","ThirdEye"],"picked":"FlurryOfBlows","floor":1},{"not_picked":["JustLucky","SashWhip"],"picked":"EmptyBody","floor":3},{"not_picked":["Swivel","FlyingSleeves"],"picked":"LikeWater","floor":5},{"not_picked":["Protect","Collect"],"picked":"FlurryOfBlows","floor":7},{"not_picked":["EmptyFist","ReachHeaven"],"picked":"LessonLearned","floor":8},{"not_picked":["BowlingBash","Meditate"],"picked":"ClearTheMind","floor":10}],"player_experience":2146654,"relics_obtained":[{"floor":8,"key":"Damaru"},{"floor":9,"key":"Pear"},{"floor":10,"key":"Shuriken"}],"event_choices":[{"damage_healed":0,"gold_gain":0,"player_choice":"2 cards matched","damage_taken":0,"max_hp_gain":0,"max_hp_loss":0,"event_name":"Match and Keep!","floor":2,"gold_loss":0,"cards_obtained":["Judgement","Pain"]},{"damage_healed":0,"gold_gain":0,"player_choice":"Got Potions","damage_taken":0,"max_hp_gain":0,"max_hp_loss":0,"event_name":"Lab","floor":4,"gold_loss":0}],"is_beta":false,"boss_relics":[],"items_purged_floors":[],"is_endless":false,"potions_floor_spawned":[1,3,7],"killed_by":"3 Sentries","ascension_level":20}