{"gold_per_floor":[118,137,62,87,62,96,96,121,169,185,185,197,223,223,223,223],"floor_reached":16,"playtime":395,"items_purged":[],"score":286,"play_id":"3ee7d849-5f95-4fe0-8f56-240c8e549609","local_time":"20230225213125","is_ascension_mode":true,"campfire_choices":[{"data":"Eruption","floor":7,"key":"SMITH"},{"data":"Vigilance","floor":15,"key":"SMITH"}],"neow_cost":"NONE","seed_source_timestamp":2551053587245400,"circlet_count":0,"master_deck":["AscendersBane","Strike_P","Strike_P","Strike_P","Defend_P","Defend_P","Defend_P","Defend_P","Eruption+1","Vigilance+1","FlurryOfBlows","EmptyBody","SashWhip","Wireheading","MentalFortress+1","Sanctity","Collect","FlurryOfBlows"],"relics":["PureWater","NeowsBlessing","PreservedInsect","Damaru","Dream Catcher","Centennial Puzzle","InkBottle"],"potions_floor_usage":[16,16],"damage_taken":[{"damage":0,"enemies":"Jaw Worm","floor":1,"turns":1},{"damage":0,"enemies":"Cultist","floor":2,"turns":1},{"damage":0,"enemies":"3 Sentries","floor":6,"turns":1},{"damage":30,"enemies":"Gremlin Nob","floor":8,"turns":4},{"damage":0,"enemies":"2 Louse","floor":10,"turns":3},{"damage":2,"enemies":"Blue Slaver","floor":12,"turns":5},{"damage":9,"enemies":"Lagavulin","floor":13,"turns":7},{"damage":20,"enemies":"Slime Boss","floor":16,"turns":7}],"seed_played":"-6635323606218466458","potions_obtained":[{"floor":8,"key":"Ambrosia"},{"floor":12,"key":"SkillPotion"}],"is_trial":false,"path_per_floor":["M","M","?","T","$","E","R","E","T","M","?","M","E","?","R","B"],"character_chosen":"WATCHER","items_purchased":["SashWhip"],"campfire_rested":0,"item_purchase_floors":[5],"current_hp_per_floor":[61,61,61,61,61,61,61,31,31,31,31,29,20,20,20,0],"gold":223,"neow_bonus":"THREE_ENEMY_KILL","is_prod":false,"is_daily":false,"chose_seed":false,"campfire_upgraded":2,"win_rate":0,"timestamp":1677357085,"path_taken":["M","M","?","?","$","E","R","E","T","?","?","M","E","?","R","BOSS"],"build_version":"2022-12-18","purchased_purges":0,"victory":false,"max_hp_per_floor":[68,68,68,68,68,68,68,68,68,68,68,68,68,68,68,68],"card_choices":[{"not_picked":["ThirdEye","CrushJoints"],"picked":"FlurryOfBlows","floor":1},{"not_picked":["ThirdEye","Protect"],"picked":"EmptyBody","floor":2},{"not_picked":["FlurryOfBlows","Crescendo"],"picked":"Wireheading","floor":6},{"not_picked":["Consecrate","Adaptation"],"picked":"MentalFortress","floor":8},{"not_picked":["SashWhip","Wireheading"],"picked":"Sanctity","floor":10},{"not_picked":["SashWhip","Crescendo"],"picked":"Collect","floor":12},{"not_picked":["Establishment","ThirdEye"],"picked":"FlurryOfBlows","floor":13}],"player_experience":2157359,"relics_obtained":[{"floor":4,"key":"PreservedInsect"},{"floor":6,"key":"Damaru"},{"floor":8,"key":"Dream Catcher"},{"floor":9,"key":"Centennial Puzzle"},{"floor":13,"key":"InkBottle"}],"event_choices":[{"cards_removed":["Strike_P"],"damage_healed":0,"gold_gain":0,"player_choice":"Card Removal","damage_taken":0,"max_hp_gain":0,"max_hp_loss":0,"event_name":"The Cleric","floor":3,"gold_loss":75},{"damage_healed":0,"gold_gain":0,"player_choice":"Ignored","damage_taken":0,"max_hp_gain":0,"max_hp_loss":0,"event_name":"Shining Light","floor":11,"gold_loss":0},{"damage_healed":0,"gold_gain":0,"player_choice":"Upgraded","damage_taken":0,"max_hp_gain":0,"max_hp_loss":0,"event_name":"Upgrade Shrine","floor":14,"gold_loss":0,"cards_upgraded":["MentalFortress"]}],"is_beta":false,"boss_relics":[],"items_purged_floors":[],"is_endless":false,"potions_floor_spawned":[8,12,13],"killed_by":"Slime Boss","ascension_level":20}