{"gold_per_floor":[118,128,2,52,71,97,97,128,128,141,152,180,192,26,26,97,147,158,46,46,58,58,58,88,88,112,112,112,132,166,166],"floor_reached":31,"playtime":1028,"items_purged":["Strike_P"],"score":711,"play_id":"396426c8-b2f9-4a34-b5b7-6e9f4d35e097","local_time":"20230225150437","is_ascension_mode":true,"campfire_choices":[{"floor":7,"key":"REST"},{"data":"Pray","floor":15,"key":"SMITH"},{"data":"Worship","floor":23,"key":"SMITH"},{"floor":27,"key":"REST"}],"neow_cost":"NONE","seed_source_timestamp":2527212080871100,"circlet_count":0,"master_deck":["AscendersBane","Strike_P+1","Strike_P+1","Strike_P+1","Defend_P+1","Defend_P+1","Defend_P+1","Defend_P+1","Eruption","Vigilance+1","Prostrate","TalkToTheHand","Pray+1","Bandage Up","SandsOfTime","InnerPeace","MasterReality","CutThroughFate","WreathOfFlame","Adaptation","CutThroughFate","Brilliance","BattleHymn","Worship+1","DeceiveReality"],"relics":["PureWater","NeowsBlessing","Pen Nib","Pear","Lantern","Akabeko","Lee\u0027s Waffle","Tiny House","Tiny Chest","Potion Belt","CaptainsWheel","Yang"],"potions_floor_usage":[12,21,24,30,31],"damage_taken":[{"damage":0,"enemies":"Cultist","floor":1,"turns":1},{"damage":0,"enemies":"Small Slimes","floor":2,"turns":2},{"damage":0,"enemies":"Jaw Worm","floor":5,"turns":1},{"damage":55,"enemies":"Gremlin Nob","floor":6,"turns":5},{"damage":4,"enemies":"Lagavulin","floor":8,"turns":5},{"damage":4,"enemies":"Blue Slaver","floor":10,"turns":5},{"damage":11,"enemies":"Exordium Thugs","floor":11,"turns":5},{"damage":0,"enemies":"Gremlin Nob","floor":12,"turns":2},{"damage":0,"enemies":"2 Fungi Beasts","floor":13,"turns":3},{"damage":49,"enemies":"The Guardian","floor":16,"turns":12},{"damage":25,"enemies":"Spheric Guardian","floor":18,"turns":5},{"damage":2,"enemies":"Shell Parasite","floor":21,"turns":3},{"damage":27,"enemies":"Gremlin Leader","floor":24,"turns":5},{"damage":40,"enemies":"3 Cultists","floor":29,"turns":5},{"damage":9,"enemies":"Book of Stabbing","floor":30,"turns":4},{"damage":36,"enemies":"Shelled Parasite and Fungi","floor":31,"turns":4}],"seed_played":"-7762952795360250391","potions_obtained":[{"floor":2,"key":"LiquidMemories"},{"floor":6,"key":"Block Potion"},{"floor":13,"key":"ColorlessPotion"},{"floor":24,"key":"CultistPotion"},{"floor":30,"key":"SteroidPotion"}],"is_trial":false,"path_per_floor":["M","M","$","?","M","E","R","E","T","M","M","E","M","$","R","B",null,"M","$","?","M","?","R","E","$","T","R","T","M","E","M"],"character_chosen":"WATCHER","items_purchased":["Pray","Bandage Up","Lee\u0027s Waffle","DeceiveReality"],"campfire_rested":2,"item_purchase_floors":[3,3,14,19],"current_hp_per_floor":[61,61,61,61,61,6,26,36,36,36,29,29,29,85,85,40,79,58,58,58,56,56,56,33,33,33,60,60,24,19,0],"gold":166,"neow_bonus":"THREE_ENEMY_KILL","is_prod":false,"is_daily":false,"chose_seed":false,"campfire_upgraded":2,"win_rate":0,"timestamp":1677333877,"path_taken":["M","?","$","?","M","E","R","E","T","?","?","E","M","$","R","BOSS","M","$","?","?","?","R","E","?","T","R","?","M","E","M"],"build_version":"2022-12-18","purchased_purges":1,"victory":false,"max_hp_per_floor":[68,68,68,68,68,68,68,78,78,78,78,78,78,85,85,85,90,90,90,90,90,90,90,90,90,90,90,90,90,90,90],"card_choices":[{"not_picked":["Crescendo","Evaluate"],"picked":"Prostrate","floor":1},{"not_picked":["JustLucky","Halt"],"picked":"TalkToTheHand","floor":2},{"not_picked":["FlyingSleeves","Nirvana"],"picked":"SandsOfTime","floor":5},{"not_picked":["ClearTheMind","BowlingBash"],"picked":"InnerPeace","floor":6},{"not_picked":["EmptyFist","InnerPeace"],"picked":"MasterReality","floor":8},{"not_picked":["FlurryOfBlows","Nirvana"],"picked":"CutThroughFate","floor":10},{"not_picked":["EmptyBody","CutThroughFate"],"picked":"WreathOfFlame","floor":11},{"not_picked":["Halt","ClearTheMind"],"picked":"Adaptation","floor":12},{"not_picked":["ClearTheMind","Consecrate"],"picked":"CutThroughFate","floor":13},{"not_picked":["MasterReality","Wish"],"picked":"Brilliance","floor":16},{"not_picked":["Wireheading","WreathOfFlame"],"picked":"BattleHymn","floor":17},{"not_picked":["FollowUp","Weave"],"picked":"Worship","floor":18},{"not_picked":["SashWhip","Swivel","Evaluate"],"picked":"SKIP","floor":21},{"not_picked":["Meditate","Fasting2","ClearTheMind"],"picked":"SKIP","floor":24},{"not_picked":["JustLucky","ThirdEye","Halt"],"picked":"SKIP","floor":29},{"not_picked":["WaveOfTheHand","CarveReality","Protect"],"picked":"SKIP","floor":30}],"player_experience":2143957,"relics_obtained":[{"floor":6,"key":"Pen Nib"},{"floor":8,"key":"Pear"},{"floor":9,"key":"Lantern"},{"floor":12,"key":"Akabeko"},{"floor":24,"key":"Tiny Chest"},{"floor":26,"key":"Potion Belt"},{"floor":28,"key":"CaptainsWheel"},{"floor":30,"key":"Yang"}],"event_choices":[{"damage_healed":0,"gold_gain":50,"player_choice":"Pray","damage_taken":0,"max_hp_gain":0,"max_hp_loss":0,"event_name":"Golden Shrine","floor":4,"gold_loss":0},{"damage_healed":0,"gold_gain":0,"player_choice":"0 cards matched","damage_taken":0,"max_hp_gain":0,"max_hp_loss":0,"event_name":"Match and Keep!","floor":20,"gold_loss":0,"cards_obtained":[]},{"damage_healed":0,"gold_gain":0,"player_choice":"Simplicity","damage_taken":0,"max_hp_gain":0,"max_hp_loss":0,"event_name":"Back to Basics","floor":22,"gold_loss":0,"cards_upgraded":["Strike_P","Strike_P","Strike_P","Defend_P","Defend_P","Defend_P","Defend_P"]}],"is_beta":false,"boss_relics":[{"not_picked":["Fusion Hammer","Velvet Choker"],"picked":"Tiny House"}],"items_purged_floors":[19],"is_endless":false,"potions_floor_spawned":[2,6,10,13,24,30],"killed_by":"Shelled Parasite and Fungi","ascension_level":20}