{"gold_per_floor":[109,125,125,135,149,149,184,184,184,184,216,58,77,1,1,1],"floor_reached":16,"playtime":430,"items_purged":[],"score":220,"play_id":"ef9b5158-97df-4948-a3fd-b4e8eba4cf41","local_time":"20230309222437","is_ascension_mode":true,"campfire_choices":[{"data":"Eruption","floor":6,"key":"SMITH"},{"floor":8,"key":"REST"},{"data":"MentalFortress","floor":15,"key":"SMITH"}],"neow_cost":"NONE","seed_source_timestamp":731645815464000,"circlet_count":0,"master_deck":["AscendersBane","Strike_P","Strike_P","Strike_P","Strike_P","Defend_P","Defend_P","Defend_P","Defend_P","Eruption+1","Vigilance","Evaluate","FearNoEvil","BowlingBash","Halt","MentalFortress+1","Evaluate","Study","MentalFortress"],"relics":["PureWater","NeowsBlessing","Ornamental Fan","Bottled Tornado","Yang","Pear","ClockworkSouvenir"],"potions_floor_usage":[7,7,16],"damage_taken":[{"damage":0,"enemies":"Jaw Worm","floor":1,"turns":1},{"damage":0,"enemies":"Small Slimes","floor":2,"turns":1},{"damage":0,"enemies":"Cultist","floor":4,"turns":1},{"damage":12,"enemies":"Red Slaver","floor":5,"turns":4},{"damage":34,"enemies":"Lagavulin","floor":7,"turns":8},{"damage":20,"enemies":"3 Sentries","floor":11,"turns":8},{"damage":4,"enemies":"Exordium Thugs","floor":13,"turns":4},{"damage":22,"enemies":"Hexaghost","floor":16,"turns":9}],"seed_played":"-6133577367916649712","potions_obtained":[{"floor":2,"key":"BlessingOfTheForge"},{"floor":4,"key":"Explosive Potion"},{"floor":11,"key":"BottledMiracle"}],"is_trial":false,"path_per_floor":["M","M","?","M","M","R","E","R","T","?","E","$","M","$","R","B"],"character_chosen":"WATCHER","items_purchased":["ClockworkSouvenir","MentalFortress"],"campfire_rested":1,"item_purchase_floors":[12,14],"current_hp_per_floor":[61,61,66,66,54,54,20,41,41,36,26,26,22,22,22,0],"gold":1,"neow_bonus":"THREE_ENEMY_KILL","is_prod":false,"is_daily":false,"chose_seed":false,"campfire_upgraded":2,"win_rate":0,"timestamp":1678397077,"path_taken":["M","M","?","M","M","R","E","R","T","?","E","$","M","$","R","BOSS"],"build_version":"2022-12-18","purchased_purges":0,"victory":false,"max_hp_per_floor":[68,68,73,73,73,73,73,73,73,73,83,83,83,83,83,83],"card_choices":[{"not_picked":["Crescendo","FlyingSleeves"],"picked":"Evaluate","floor":1},{"not_picked":["Halt","SpiritShield"],"picked":"FearNoEvil","floor":2},{"not_picked":["WheelKick","Crescendo"],"picked":"BowlingBash","floor":4},{"not_picked":["PathToVictory","BowlingBash"],"picked":"Halt","floor":5},{"not_picked":["BattleHymn","FlyingSleeves"],"picked":"MentalFortress","floor":7},{"not_picked":["CutThroughFate","ThirdEye"],"picked":"Evaluate","floor":11},{"not_picked":["ThirdEye","PathToVictory"],"picked":"Study","floor":13}],"player_experience":2220681,"relics_obtained":[{"floor":7,"key":"Ornamental Fan"},{"floor":9,"key":"Bottled Tornado"},{"floor":11,"key":"Pear"}],"event_choices":[{"damage_healed":0,"gold_gain":0,"player_choice":"Donut","damage_taken":0,"max_hp_gain":5,"max_hp_loss":0,"event_name":"Big Fish","floor":3,"gold_loss":0},{"damage_healed":0,"gold_gain":0,"player_choice":"Success","damage_taken":5,"relics_obtained":["Yang"],"max_hp_gain":0,"max_hp_loss":0,"event_name":"Scrap Ooze","floor":10,"gold_loss":0}],"is_beta":false,"boss_relics":[],"items_purged_floors":[],"is_endless":false,"potions_floor_spawned":[2,4,11],"killed_by":"Hexaghost","ascension_level":20}