{"gold_per_floor":[19,36,52,67,67,96,96,21,47,47,78,92,123,123,123,195,195,210,210,210,221,49,84,84,9,33,33,48,48,73,73,73,146,146,158,204,204,214,228,228],"floor_reached":40,"playtime":1417,"items_purged":["Strike_P"],"score":984,"play_id":"403deec9-75f5-462d-9268-364edacd9cfa","local_time":"20230313215136","is_ascension_mode":true,"campfire_choices":[{"floor":7,"key":"REST"},{"data":"LessonLearned","floor":10,"key":"SMITH"},{"floor":15,"key":"REST"},{"floor":24,"key":"REST"},{"floor":32,"key":"REST"}],"neow_cost":"NO_GOLD","seed_source_timestamp":1074282923444200,"circlet_count":0,"master_deck":["AscendersBane","Strike_P+1","Strike_P+1","Strike_P+1","Defend_P+1","Defend_P+1","Eruption+1","Vigilance+1","LessonLearned+1","Prostrate+1","Pray+1","FlyingSleeves+1","SandsOfTime+1","Vault+1","Protect","EmptyMind","Prostrate","Worship+1","Establishment+1","ClearTheMind","Necronomicurse","DeusExMachina+1","Meditate+1","WheelKick","ConjureBlade","Study+1","LikeWater+1"],"relics":["PureWater","Regal Pillow","Whetstone","Bronze Scales","Shuriken","Fusion Hammer","Necronomicon","Anchor","Strawberry","Tiny Chest","Omamori","Mummified Hand","SacredBark"],"potions_floor_usage":[23,30,30,35],"damage_taken":[{"damage":0,"enemies":"Small Slimes","floor":1,"turns":3},{"damage":3,"enemies":"Jaw Worm","floor":2,"turns":4},{"damage":6,"enemies":"2 Louse","floor":3,"turns":2},{"damage":13,"enemies":"Blue Slaver","floor":4,"turns":4},{"damage":16,"enemies":"Gremlin Nob","floor":6,"turns":3},{"damage":11,"enemies":"Lagavulin","floor":11,"turns":7},{"damage":3,"enemies":"2 Fungi Beasts","floor":12,"turns":4},{"damage":16,"enemies":"Gremlin Nob","floor":13,"turns":3},{"damage":0,"enemies":"Slime Boss","floor":16,"turns":7},{"damage":17,"enemies":"Chosen","floor":18,"turns":6},{"damage":0,"enemies":"Spheric Guardian","floor":21,"turns":4},{"damage":7,"enemies":"Gremlin Leader","floor":23,"turns":4},{"damage":14,"enemies":"3 Cultists","floor":28,"turns":6},{"damage":1,"enemies":"Book of Stabbing","floor":30,"turns":4},{"damage":37,"enemies":"Champ","floor":33,"turns":8},{"damage":15,"enemies":"3 Darklings","floor":35,"turns":4},{"damage":13,"enemies":"3 Shapes","floor":38,"turns":6},{"damage":31,"enemies":"Spire Growth","floor":39,"turns":5},{"damage":9,"enemies":"Nemesis","floor":40,"turns":2}],"seed_played":"7818348374897202767","potions_obtained":[{"floor":1,"key":"LiquidBronze"},{"floor":2,"key":"EssenceOfSteel"},{"floor":11,"key":"Weak Potion"},{"floor":28,"key":"GamblersBrew"},{"floor":30,"key":"PowerPotion"},{"floor":33,"key":"EssenceOfSteel"},{"floor":39,"key":"AttackPotion"}],"is_trial":false,"path_per_floor":["M","M","M","M","?","E","R","$","T","R","E","M","E","?","R","B",null,"M","?","?","M","$","E","R","?","T","$","M","?","E","T","R","B",null,"M","T","?","M","M","E"],"character_chosen":"WATCHER","items_purchased":["Anchor"],"campfire_rested":4,"item_purchase_floors":[22],"current_hp_per_floor":[61,58,52,39,39,23,58,58,58,58,47,44,28,28,63,63,67,50,29,29,29,29,29,66,66,66,66,52,31,30,30,69,32,68,53,53,53,40,9,0],"gold":228,"neow_bonus":"THREE_RARE_CARDS","is_prod":false,"is_daily":false,"chose_seed":false,"campfire_upgraded":1,"win_rate":0,"timestamp":1678740696,"path_taken":["M","M","M","M","?","E","R","$","T","R","E","M","E","?","R","BOSS","M","?","?","M","$","E","R","?","T","?","M","?","E","?","R","BOSS","M","?","?","M","M","E"],"build_version":"2022-12-18","purchased_purges":1,"victory":false,"max_hp_per_floor":[68,68,68,68,68,68,68,68,68,68,68,68,68,68,68,68,68,68,68,68,68,68,75,75,75,75,75,75,80,80,80,80,80,80,80,80,76,76,76,76],"card_choices":[{"not_picked":["Devotion","Brilliance"],"picked":"LessonLearned","floor":0},{"not_picked":["Study","Meditate"],"picked":"Prostrate","floor":1},{"not_picked":["ClearTheMind","EmptyBody"],"picked":"Pray","floor":2},{"not_picked":["Weave","EmptyBody"],"picked":"FlyingSleeves","floor":3},{"not_picked":["CrushJoints","Vengeance"],"picked":"SandsOfTime","floor":4},{"not_picked":["BowlingBash","CrushJoints"],"picked":"Protect","floor":6},{"not_picked":["CutThroughFate","Fasting2"],"picked":"EmptyMind","floor":11},{"not_picked":["LessonLearned","ReachHeaven"],"picked":"Prostrate","floor":12},{"not_picked":["Halt","JustLucky"],"picked":"Worship","floor":13},{"not_picked":["Alpha","Blasphemy"],"picked":"Establishment","floor":16},{"not_picked":["Wallop","Consecrate"],"picked":"ClearTheMind","floor":18},{"not_picked":["FearNoEvil","Tantrum","Conclude"],"picked":"SKIP","floor":21},{"not_picked":["InnerPeace","FlurryOfBlows"],"picked":"DeusExMachina","floor":23},{"not_picked":["InnerPeace","CutThroughFate"],"picked":"Meditate","floor":28},{"not_picked":["EmptyBody","SashWhip"],"picked":"WheelKick","floor":30},{"not_picked":["DeusExMachina","Judgement"],"picked":"ConjureBlade","floor":33},{"not_picked":["Crescendo+1","ClearTheMind","Study+1"],"picked":"SKIP","floor":35},{"not_picked":["Crescendo+1","ClearTheMind"],"picked":"Study+1","floor":35},{"not_picked":["Consecrate","Vengeance+1"],"picked":"LikeWater+1","floor":38},{"not_picked":["JustLucky","TalkToTheHand","FearNoEvil"],"picked":"SKIP","floor":39}],"player_experience":2229703,"relics_obtained":[{"floor":6,"key":"Regal Pillow"},{"floor":9,"key":"Whetstone"},{"floor":11,"key":"Bronze Scales"},{"floor":13,"key":"Shuriken"},{"floor":19,"key":"Necronomicon"},{"floor":23,"key":"Strawberry"},{"floor":26,"key":"Tiny Chest"},{"floor":30,"key":"Omamori"},{"floor":31,"key":"Mummified Hand"}],"event_choices":[{"damage_healed":0,"gold_gain":0,"cards_transformed":["Defend_P"],"player_choice":"Change","damage_taken":0,"max_hp_gain":0,"max_hp_loss":0,"event_name":"Living Wall","floor":5,"gold_loss":0,"cards_obtained":["Vault"]},{"damage_healed":0,"gold_gain":0,"player_choice":"Ignored","damage_taken":0,"max_hp_gain":0,"max_hp_loss":0,"event_name":"Shining Light","floor":14,"gold_loss":0},{"damage_healed":0,"gold_gain":0,"player_choice":"Obtained Book","damage_taken":21,"max_hp_gain":0,"max_hp_loss":0,"event_name":"Cursed Tome","floor":19,"gold_loss":0},{"damage_healed":0,"gold_gain":0,"player_choice":"Ignored","damage_taken":0,"max_hp_gain":0,"max_hp_loss":0,"event_name":"Vampires","floor":20,"gold_loss":0},{"cards_removed":["Defend_P"],"damage_healed":0,"gold_gain":0,"player_choice":"Gave Gold","damage_taken":0,"max_hp_gain":0,"max_hp_loss":0,"event_name":"Beggar","floor":25,"gold_loss":75},{"damage_healed":0,"gold_gain":0,"player_choice":"Shed Blood","damage_taken":26,"max_hp_gain":5,"max_hp_loss":0,"event_name":"Forgotten Altar","floor":29,"gold_loss":0},{"damage_healed":0,"gold_gain":0,"player_choice":"Max HP","damage_taken":0,"max_hp_gain":0,"max_hp_loss":4,"event_name":"Winding Halls","floor":37,"gold_loss":0}],"is_beta":false,"boss_relics":[{"not_picked":["Sozu","Tiny House"],"picked":"Fusion Hammer"},{"not_picked":["Snecko Eye","Black Star"],"picked":"SacredBark"}],"items_purged_floors":[8],"is_endless":false,"potions_floor_spawned":[1,2,3,11,28,30,33,39],"killed_by":"Nemesis","ascension_level":20}