{"gold_per_floor":[110,110,110,124,45,84,107,107,107,138,161,195,208,208],"floor_reached":14,"playtime":424,"items_purged":[],"score":220,"play_id":"b170adaa-23eb-462c-af7b-79ce735cabbd","local_time":"20230315222706","is_ascension_mode":true,"campfire_choices":[{"floor":8,"key":"REST"}],"neow_cost":"NONE","seed_source_timestamp":1250174340490500,"circlet_count":0,"master_deck":["AscendersBane","Strike_P","Strike_P","Strike_P","Strike_P","Defend_P","Defend_P","Defend_P","Eruption","Vigilance","BowlingBash","SpiritShield","Injury","Pray","Worship","WheelKick","FlurryOfBlows","Prostrate","EmptyMind","FollowUp"],"special_seed":0,"relics":["Runic Dome","Golden Idol","Thread and Needle","CaptainsWheel","Kunai","Eternal Feather"],"potions_floor_usage":[12,12,13],"damage_taken":[{"damage":9.0,"enemies":"2 Louse","floor":1.0,"turns":4.0},{"damage":4.0,"enemies":"Jaw Worm","floor":4.0,"turns":5.0},{"damage":38,"enemies":"Lagavulin","floor":6,"turns":9},{"damage":0,"enemies":"Small Slimes","floor":7,"turns":4},{"damage":11,"enemies":"3 Sentries","floor":10,"turns":5},{"damage":0,"enemies":"Exordium Wildlife","floor":11,"turns":4},{"damage":15,"enemies":"Gremlin Nob","floor":12,"turns":4},{"damage":0,"enemies":"Gremlin Gang","floor":13,"turns":2},{"damage":12,"enemies":"3 Sentries","floor":14,"turns":2}],"seed_played":"4945043375504222600","potions_obtained":[{"floor":10,"key":"ColorlessPotion"},{"floor":11,"key":"BlessingOfTheForge"},{"floor":12,"key":"Explosive Potion"}],"is_trial":false,"path_per_floor":["M","?","?","M","$","E","M","R","T","E","M","E","M","E"],"character_chosen":"WATCHER","items_purchased":["Worship"],"campfire_rested":1,"item_purchase_floors":[5],"current_hp_per_floor":[52,52,52,48,48,10,10,30,30,19,19,4,4,0],"gold":208,"neow_bonus":"BOSS_RELIC","is_prod":false,"is_daily":false,"chose_seed":false,"campfire_upgraded":0,"win_rate":0,"timestamp":1678915626,"path_taken":["M","?","?","M","$","E","M","R","T","E","M","E","M","E"],"build_version":"2022-12-18","purchased_purges":0,"victory":false,"max_hp_per_floor":[68,68,68,68,68,68,68,68,68,68,68,68,68,68],"card_choices":[{"not_picked":["JustLucky","FlyingSleeves"],"picked":"BowlingBash","floor":1.0},{"not_picked":["ThirdEye","Crescendo"],"picked":"Pray","floor":4.0},{"not_picked":["Evaluate","CrushJoints"],"picked":"WheelKick","floor":6},{"not_picked":["Tantrum","SashWhip","FlyingSleeves"],"picked":"SKIP","floor":7},{"not_picked":["ConjureBlade","Swivel"],"picked":"FlurryOfBlows","floor":10},{"not_picked":["PathToVictory","WindmillStrike"],"picked":"Prostrate","floor":11},{"not_picked":["Study","SignatureMove"],"picked":"EmptyMind","floor":12},{"not_picked":["Crescendo","EmptyMind"],"picked":"FollowUp","floor":13}],"player_experience":2241583,"relics_obtained":[{"floor":6,"key":"Thread and Needle"},{"floor":9,"key":"CaptainsWheel"},{"floor":10,"key":"Kunai"},{"floor":12,"key":"Eternal Feather"}],"event_choices":[{"damage_healed":0.0,"max_hp_gain":0.0,"max_hp_loss":0.0,"gold_gain":0.0,"cards_transformed":["Defend_P"],"event_name":"Living Wall","player_choice":"Change","floor":2.0,"gold_loss":0.0,"damage_taken":0.0,"cards_obtained":["SpiritShield"]},{"damage_healed":0.0,"max_hp_gain":0.0,"max_hp_loss":0.0,"gold_gain":0.0,"event_name":"Golden Idol","player_choice":"Take Wound","floor":3.0,"gold_loss":0.0,"damage_taken":0.0,"relics_obtained":["Golden Idol"],"cards_obtained":["Injury"]}],"is_beta":false,"boss_relics":[],"items_purged_floors":[],"is_endless":false,"potions_floor_spawned":[10,11,12],"killed_by":"3 Sentries","ascension_level":20}