{"gold_per_floor":[111,70,70,70,90,117,117,152,152,169,186,186,211,230,230,306,306,318,338,355,30,48,77,88,88],"floor_reached":25,"playtime":958,"items_purged":[],"score":540,"play_id":"79796dca-e13f-48cf-960e-649dd04eb1b7","local_time":"20230314204018","is_ascension_mode":true,"campfire_choices":[{"data":"LessonLearned","floor":7,"key":"SMITH"},{"data":"LikeWater","floor":15,"key":"SMITH"}],"neow_cost":"NONE","seed_source_timestamp":1156868148998000,"circlet_count":0,"master_deck":["AscendersBane","Strike_P+1","Strike_P+1","Strike_P+1","Strike_P","Defend_P+1","Defend_P","Defend_P+1","Defend_P","Eruption+1","Vigilance","ThirdEye","Tantrum+1","SashWhip","LessonLearned+1","Study+1","Protect","LikeWater+1","SandsOfTime+1","SandsOfTime+1","Alpha","EmptyBody+1","Vengeance+1","InnerPeace","Protect+1"],"relics":["PureWater","NeowsBlessing","Torii","Yang","FossilizedHelix","Pen Nib","Cursed Key","Bag of Preparation","Anchor","Toxic Egg 2"],"potions_floor_usage":[12,13,16,19,23,23,25,25],"damage_taken":[{"damage":0,"enemies":"Jaw Worm","floor":1,"turns":1},{"damage":0,"enemies":"2 Louse","floor":5,"turns":1},{"damage":0,"enemies":"Lagavulin","floor":6,"turns":1},{"damage":1,"enemies":"Gremlin Nob","floor":8,"turns":3},{"damage":1,"enemies":"Cultist","floor":10,"turns":5},{"damage":0,"enemies":"Gremlin Gang","floor":11,"turns":3},{"damage":2,"enemies":"3 Sentries","floor":13,"turns":9},{"damage":1,"enemies":"Exordium Thugs","floor":14,"turns":5},{"damage":6,"enemies":"Hexaghost","floor":16,"turns":6},{"damage":22,"enemies":"2 Thieves","floor":18,"turns":4},{"damage":0,"enemies":"Spheric Guardian","floor":19,"turns":3},{"damage":1,"enemies":"Snecko","floor":20,"turns":6},{"damage":0,"enemies":"Centurion and Healer","floor":22,"turns":4},{"damage":16,"enemies":"Gremlin Leader","floor":23,"turns":6},{"damage":23,"enemies":"Snake Plant","floor":24,"turns":5},{"damage":13,"enemies":"Slavers","floor":25,"turns":3}],"seed_played":"-674727429101689334","potions_obtained":[{"floor":6,"key":"LiquidMemories"},{"floor":8,"key":"Weak Potion"},{"floor":12,"key":"Fruit Juice"},{"floor":12,"key":"Energy Potion"},{"floor":13,"key":"PowerPotion"},{"floor":16,"key":"Energy Potion"},{"floor":22,"key":"Swift Potion"},{"floor":23,"key":"ColorlessPotion"},{"floor":24,"key":"LiquidMemories"}],"is_trial":false,"path_per_floor":["M","$","?","?","M","E","R","E","T","M","M","?","E","M","R","B",null,"M","M","M","$","M","E","M","E"],"character_chosen":"WATCHER","items_purchased":["Tantrum","Bag of Preparation","Anchor"],"campfire_rested":0,"item_purchase_floors":[2,21,21],"current_hp_per_floor":[61,61,61,41,41,41,41,40,40,39,39,44,42,41,41,35,64,42,42,41,41,41,25,2,0],"gold":88,"neow_bonus":"THREE_ENEMY_KILL","is_prod":false,"is_daily":false,"chose_seed":false,"campfire_upgraded":2,"win_rate":0,"timestamp":1678822818,"path_taken":["M","$","?","?","M","E","R","E","T","M","M","?","E","?","R","BOSS","M","M","M","$","M","E","M","E"],"build_version":"2022-12-18","purchased_purges":0,"victory":false,"max_hp_per_floor":[68,68,68,68,68,68,68,68,68,68,68,73,73,73,73,73,73,73,73,73,73,73,73,73,73],"card_choices":[{"not_picked":["Crescendo","FlyingSleeves"],"picked":"ThirdEye","floor":1},{"not_picked":["PathToVictory","ClearTheMind"],"picked":"SashWhip","floor":5},{"not_picked":["Protect","Devotion"],"picked":"LessonLearned","floor":6},{"not_picked":["BowlingBash","JustLucky"],"picked":"Study","floor":8},{"not_picked":["TalkToTheHand","EmptyBody"],"picked":"Protect","floor":10},{"not_picked":["CrushJoints","Prostrate"],"picked":"LikeWater","floor":11},{"not_picked":["Swivel","JustLucky"],"picked":"SandsOfTime","floor":13},{"not_picked":["Halt","CutThroughFate"],"picked":"SandsOfTime","floor":14},{"not_picked":["ConjureBlade","Brilliance"],"picked":"Alpha","floor":16},{"not_picked":["Nirvana+1","JustLucky","BowlingBash"],"picked":"SKIP","floor":18},{"not_picked":["Prostrate","FlurryOfBlows"],"picked":"EmptyBody+1","floor":19},{"not_picked":["CrushJoints","FollowUp"],"picked":"Vengeance+1","floor":20},{"not_picked":["PathToVictory","FollowUp+1"],"picked":"InnerPeace","floor":22},{"not_picked":["PathToVictory+1","LessonLearned","EmptyFist"],"picked":"SKIP","floor":23},{"not_picked":["PathToVictory+1","Consecrate"],"picked":"Protect+1","floor":24}],"player_experience":2234277,"relics_obtained":[{"floor":6,"key":"Torii"},{"floor":8,"key":"Yang"},{"floor":9,"key":"FossilizedHelix"},{"floor":13,"key":"Pen Nib"},{"floor":23,"key":"Toxic Egg 2"}],"event_choices":[{"damage_healed":0,"gold_gain":0,"player_choice":"Leave","damage_taken":0,"max_hp_gain":0,"max_hp_loss":0,"event_name":"The Cleric","floor":3,"gold_loss":0},{"damage_healed":0,"gold_gain":0,"player_choice":"Entered Light","damage_taken":20,"max_hp_gain":0,"max_hp_loss":0,"event_name":"Shining Light","floor":4,"gold_loss":0,"cards_upgraded":["Tantrum","Strike_P"]},{"damage_healed":0,"gold_gain":0,"player_choice":"Got Potions","damage_taken":0,"max_hp_gain":0,"max_hp_loss":0,"event_name":"Lab","floor":12,"gold_loss":0}],"is_beta":false,"boss_relics":[{"not_picked":["Coffee Dripper","Velvet Choker"],"picked":"Cursed Key"}],"items_purged_floors":[],"is_endless":false,"potions_floor_spawned":[6,8,11,13,16,22,23,24],"killed_by":"Slavers","ascension_level":20}