{"gold_per_floor":[118,118,133,153,164,195,195,223,223,223,223,258,270,285,285,356,356,368,397,312,79,79,79,79],"floor_reached":24,"playtime":762,"items_purged":["Strike_P"],"score":428,"play_id":"3bbf7947-463a-4835-baa0-378f6ae7777b","local_time":"20230315221913","is_ascension_mode":true,"campfire_choices":[{"data":"LikeWater","floor":7,"key":"SMITH"},{"data":"Prostrate","floor":10,"key":"SMITH"},{"data":"LikeWater","floor":15,"key":"SMITH"},{"floor":23,"key":"REST"}],"neow_cost":"TEN_PERCENT_HP_LOSS","seed_source_timestamp":1249402537783800,"circlet_count":0,"master_deck":["AscendersBane","Strike_P","Strike_P","Strike_P","Defend_P","Defend_P","Defend_P+1","Defend_P","Eruption+1","Vigilance","LikeWater+1","ThirdEye","Prostrate","ReachHeaven","Perseverance","Prostrate+1","Blasphemy","LikeWater+1","Prostrate","Alpha+1","LikeWater+1","ClearTheMind"],"relics":["PureWater","StoneCalendar","Bag of Marbles","Akabeko","Mummified Hand","Incense Burner","VioletLotus","Red Mask","War Paint","DollysMirror"],"potions_floor_usage":[4,8,16,19],"damage_taken":[{"damage":2,"enemies":"Cultist","floor":1,"turns":5},{"damage":2,"enemies":"Jaw Worm","floor":3,"turns":7},{"damage":2,"enemies":"Small Slimes","floor":4,"turns":5},{"damage":6,"enemies":"Looter","floor":5,"turns":5},{"damage":10,"enemies":"Lagavulin","floor":6,"turns":6},{"damage":3,"enemies":"3 Sentries","floor":8,"turns":7},{"damage":1,"enemies":"Lagavulin","floor":12,"turns":5},{"damage":0,"enemies":"Large Slime","floor":13,"turns":4},{"damage":0,"enemies":"2 Fungi Beasts","floor":14,"turns":4},{"damage":39,"enemies":"The Guardian","floor":16,"turns":9},{"damage":15,"enemies":"Shell Parasite","floor":18,"turns":6},{"damage":7,"enemies":"Masked Bandits","floor":19,"turns":3},{"damage":58,"enemies":"Gremlin Leader","floor":24,"turns":2}],"seed_played":"5281807271833729302","potions_obtained":[{"floor":1,"key":"Weak Potion"},{"floor":5,"key":"Energy Potion"},{"floor":6,"key":"Energy Potion"},{"floor":12,"key":"Regen Potion"},{"floor":18,"key":"ColorlessPotion"}],"is_trial":false,"path_per_floor":["M","?","M","M","M","E","R","E","T","R","?","E","M","M","R","B",null,"M","?","?","$","?","R","E"],"character_chosen":"WATCHER","items_purchased":["DollysMirror"],"campfire_rested":1,"item_purchase_floors":[21],"current_hp_per_floor":[59,59,57,55,49,39,39,36,36,36,36,35,35,35,35,11,49,34,27,27,27,27,45,0],"gold":79,"neow_bonus":"ONE_RARE_RELIC","is_prod":false,"is_daily":false,"chose_seed":false,"campfire_upgraded":3,"win_rate":0,"timestamp":1678915153,"path_taken":["M","?","M","?","M","E","R","E","T","R","?","E","M","M","R","BOSS","M","?","?","$","?","R","E"],"build_version":"2022-12-18","purchased_purges":1,"victory":false,"max_hp_per_floor":[62,62,62,62,62,62,62,62,62,62,62,62,62,62,62,62,62,62,62,62,62,62,62,62],"card_choices":[{"not_picked":["FearNoEvil","Crescendo"],"picked":"LikeWater","floor":1},{"not_picked":["FlurryOfBlows","SashWhip"],"picked":"ThirdEye","floor":3},{"not_picked":["WreathOfFlame","WheelKick"],"picked":"Prostrate","floor":4},{"not_picked":["Perseverance","Vengeance"],"picked":"ReachHeaven","floor":5},{"not_picked":["ThirdEye","Halt"],"picked":"Perseverance","floor":6},{"not_picked":["Consecrate","SashWhip"],"picked":"Prostrate","floor":8},{"not_picked":["ReachHeaven","JustLucky"],"picked":"Blasphemy","floor":12},{"not_picked":["Weave","ThirdEye"],"picked":"LikeWater","floor":13},{"not_picked":["Consecrate","Wireheading"],"picked":"Prostrate","floor":14},{"not_picked":["LessonLearned","Vault"],"picked":"Alpha","floor":16},{"not_picked":["EmptyFist","Consecrate","FlurryOfBlows"],"picked":"SKIP","floor":18}],"player_experience":2240821,"relics_obtained":[{"floor":6,"key":"Bag of Marbles"},{"floor":8,"key":"Akabeko"},{"floor":9,"key":"Mummified Hand"},{"floor":12,"key":"Incense Burner"},{"floor":19,"key":"Red Mask"}],"event_choices":[{"damage_healed":0,"gold_gain":0,"player_choice":"Upgraded","damage_taken":0,"max_hp_gain":0,"max_hp_loss":0,"event_name":"Upgrade Shrine","floor":2,"gold_loss":0,"cards_upgraded":["Eruption"]},{"damage_healed":0,"gold_gain":0,"player_choice":"Ignored","damage_taken":0,"max_hp_gain":0,"max_hp_loss":0,"event_name":"Liars Game","floor":11,"gold_loss":0},{"damage_healed":0,"gold_gain":0,"player_choice":"Fought Bandits","damage_taken":0,"max_hp_gain":0,"max_hp_loss":0,"event_name":"Masked Bandits","floor":19,"gold_loss":0},{"damage_healed":0,"gold_gain":0,"player_choice":"Obtained Relic","damage_taken":0,"relics_obtained":["War Paint"],"max_hp_gain":0,"max_hp_loss":0,"event_name":"Addict","floor":20,"gold_loss":85},{"damage_healed":0,"gold_gain":0,"player_choice":"Read","damage_taken":0,"max_hp_gain":0,"max_hp_loss":0,"event_name":"The Library","floor":22,"gold_loss":0,"cards_obtained":["ClearTheMind"]}],"is_beta":false,"boss_relics":[{"not_picked":["Fusion Hammer","SlaversCollar"],"picked":"VioletLotus"}],"items_purged_floors":[21],"is_endless":false,"potions_floor_spawned":[1,5,6,12,13,18],"killed_by":"Gremlin Leader","ascension_level":20}