{"gold_per_floor":[111,31,31,31,31,31,56,70,96,119,119,157,157,183,183,269,269,283,299,57,57],"floor_reached":21,"playtime":691,"items_purged":["Strike_P"],"score":424,"play_id":"df8a9935-9b9c-4e3a-adb2-17ef190d077a","local_time":"20230310171734","is_ascension_mode":true,"campfire_choices":[{"data":"Eruption","floor":6,"key":"SMITH"},{"data":"LikeWater","floor":11,"key":"SMITH"},{"data":"LikeWater","floor":13,"key":"SMITH"},{"floor":15,"key":"REST"}],"neow_cost":"NONE","seed_source_timestamp":799362270246500,"circlet_count":0,"master_deck":["AscendersBane","Strike_P","Strike_P","Defend_P","Defend_P+1","Defend_P+1","Defend_P","Eruption+1","Vigilance","WaveOfTheHand","FearNoEvil","EmptyFist","LikeWater+1","LikeWater+1","Study","BowlingBash","Adaptation","Alpha"],"relics":["PureWater","NeowsBlessing","Orichalcum","CeramicFish","Dream Catcher","Runic Pyramid","Potion Belt"],"potions_floor_usage":[19],"damage_taken":[{"damage":0,"enemies":"2 Louse","floor":1,"turns":1},{"damage":0,"enemies":"Lagavulin","floor":7,"turns":2},{"damage":0,"enemies":"Jaw Worm","floor":8,"turns":1},{"damage":0,"enemies":"Cultist","floor":10,"turns":4},{"damage":12,"enemies":"Gremlin Nob","floor":12,"turns":6},{"damage":0,"enemies":"Large Slime","floor":14,"turns":7},{"damage":11,"enemies":"Slime Boss","floor":16,"turns":11},{"damage":4,"enemies":"3 Byrds","floor":18,"turns":7},{"damage":13,"enemies":"Spheric Guardian","floor":19,"turns":6},{"damage":44,"enemies":"Cultist and Chosen","floor":21,"turns":6}],"seed_played":"-3618790232559668307","potions_obtained":[{"floor":1,"key":"Ambrosia"},{"floor":7,"key":"DuplicationPotion"}],"is_trial":false,"path_per_floor":["M","$","?","$","?","R","E","M","T","M","R","E","R","M","R","B",null,"M","M","$","M"],"character_chosen":"WATCHER","items_purchased":["FearNoEvil","Potion Belt"],"campfire_rested":1,"item_purchase_floors":[2,20],"current_hp_per_floor":[61,61,41,41,41,41,41,41,41,41,41,29,29,29,49,38,61,57,44,44,0],"gold":57,"neow_bonus":"THREE_ENEMY_KILL","is_prod":false,"is_daily":false,"chose_seed":false,"campfire_upgraded":3,"win_rate":0,"timestamp":1678465054,"path_taken":["M","$","?","$","?","R","E","M","T","M","R","E","R","M","R","BOSS","M","M","$","?"],"build_version":"2022-12-18","purchased_purges":1,"victory":false,"max_hp_per_floor":[68,68,68,68,68,68,68,68,68,68,68,68,68,68,68,68,68,68,68,68,68],"card_choices":[{"not_picked":["Study","Fasting2"],"picked":"WaveOfTheHand","floor":1},{"not_picked":["FlurryOfBlows","Prostrate"],"picked":"LikeWater","floor":7},{"not_picked":["BowlingBash","EmptyFist"],"picked":"LikeWater","floor":8},{"not_picked":["SashWhip","Protect"],"picked":"Study","floor":10},{"not_picked":["Consecrate","Protect"],"picked":"BowlingBash","floor":12},{"not_picked":["CrushJoints","Crescendo"],"picked":"Adaptation","floor":14},{"not_picked":["MasterReality","Blasphemy"],"picked":"Alpha","floor":16},{"not_picked":["PathToVictory","CrushJoints","EmptyFist+1"],"picked":"SKIP","floor":18},{"not_picked":["FlyingSleeves","Halt","SashWhip"],"picked":"SKIP","floor":19}],"player_experience":2222932,"relics_obtained":[{"floor":7,"key":"Orichalcum"},{"floor":9,"key":"CeramicFish"},{"floor":12,"key":"Dream Catcher"}],"event_choices":[{"damage_healed":0,"gold_gain":0,"player_choice":"Entered Light","damage_taken":20,"max_hp_gain":0,"max_hp_loss":0,"event_name":"Shining Light","floor":3,"gold_loss":0,"cards_upgraded":["Defend_P","Defend_P"]},{"damage_healed":0,"gold_gain":0,"cards_transformed":["Strike_P"],"player_choice":"Transformed","damage_taken":0,"max_hp_gain":0,"max_hp_loss":0,"event_name":"Transmorgrifier","floor":5,"gold_loss":0,"cards_obtained":["EmptyFist"]}],"is_beta":false,"boss_relics":[{"not_picked":["Snecko Eye","Ectoplasm"],"picked":"Runic Pyramid"}],"items_purged_floors":[20],"is_endless":false,"potions_floor_spawned":[1,7,14],"killed_by":"Cultist and Chosen","ascension_level":20}