{"gold_per_floor":[115,132,112,124,138,163,163,163,163,183,209,209],"floor_reached":12,"playtime":1397,"items_purged":[],"score":180,"play_id":"b2efebcb-2c8e-41d0-ba0f-17808c177afc","local_time":"20230316205046","is_ascension_mode":true,"campfire_choices":[{"data":"Eruption","floor":8,"key":"SMITH"}],"neow_cost":"NONE","seed_source_timestamp":1329861988063100,"circlet_count":0,"master_deck":["AscendersBane","Strike_P","Strike_P","Strike_P","Strike_P","Defend_P","Defend_P","Defend_P","Defend_P","Eruption+1","Vigilance","Prostrate","Adaptation","BattleHymn","Crescendo","FollowUp","Devotion","Collect"],"relics":["PureWater","NeowsBlessing","Bronze Scales","Molten Egg 2","Gambling Chip"],"potions_floor_usage":[6,12],"damage_taken":[{"damage":0,"enemies":"Jaw Worm","floor":1,"turns":1},{"damage":0,"enemies":"Cultist","floor":2,"turns":1},{"damage":0,"enemies":"2 Louse","floor":4,"turns":1},{"damage":4,"enemies":"2 Fungi Beasts","floor":5,"turns":3},{"damage":22,"enemies":"Gremlin Nob","floor":6,"turns":3},{"damage":2,"enemies":"Looter","floor":10,"turns":3},{"damage":35,"enemies":"Lagavulin","floor":11,"turns":4},{"damage":25,"enemies":"The Mushroom Lair","floor":12,"turns":3}],"seed_played":"-706777705438373463","potions_obtained":[{"floor":2,"key":"Dexterity Potion"},{"floor":3,"key":"BottledMiracle"},{"floor":4,"key":"Fruit Juice"}],"is_trial":false,"path_per_floor":["M","M","?","M","M","E","?","R","T","M","E","?"],"character_chosen":"WATCHER","items_purchased":[],"campfire_rested":0,"item_purchase_floors":[],"current_hp_per_floor":[61,61,61,61,57,35,57,57,57,55,20,0],"gold":209,"neow_bonus":"THREE_ENEMY_KILL","is_prod":false,"is_daily":false,"chose_seed":false,"campfire_upgraded":1,"win_rate":0,"timestamp":1678996246,"path_taken":["M","M","?","M","?","E","?","R","T","M","E","?"],"build_version":"2022-12-18","purchased_purges":0,"victory":false,"max_hp_per_floor":[68,68,68,68,68,68,68,68,68,68,68,73],"card_choices":[{"not_picked":["Evaluate","FlurryOfBlows"],"picked":"Prostrate","floor":1},{"not_picked":["Protect","FollowUp"],"picked":"Adaptation","floor":2},{"not_picked":["Prostrate","PathToVictory"],"picked":"BattleHymn","floor":4},{"not_picked":["CutThroughFate","FlurryOfBlows"],"picked":"Crescendo","floor":5},{"not_picked":["JustLucky","FollowUp","Protect"],"picked":"SKIP","floor":6},{"not_picked":["JustLucky","Protect"],"picked":"FollowUp","floor":6},{"not_picked":["PathToVictory","Conclude+1"],"picked":"Devotion","floor":10},{"not_picked":["Crescendo","Indignation"],"picked":"Collect","floor":11}],"player_experience":2244170,"relics_obtained":[{"floor":6,"key":"Bronze Scales"},{"floor":9,"key":"Molten Egg 2"},{"floor":11,"key":"Gambling Chip"}],"event_choices":[{"damage_healed":0,"gold_gain":0,"player_choice":"Bought 1 Potion","damage_taken":0,"max_hp_gain":0,"max_hp_loss":0,"event_name":"The Woman in Blue","floor":3,"gold_loss":0},{"damage_healed":22,"gold_gain":0,"player_choice":"Banana","damage_taken":0,"max_hp_gain":0,"max_hp_loss":0,"event_name":"Big Fish","floor":7,"gold_loss":0},{"damage_healed":0,"gold_gain":0,"player_choice":"Fought Mushrooms","damage_taken":0,"max_hp_gain":0,"max_hp_loss":0,"event_name":"Mushrooms","floor":12,"gold_loss":0}],"is_beta":false,"boss_relics":[],"items_purged_floors":[],"is_endless":false,"potions_floor_spawned":[2,4],"killed_by":"The Mushroom Lair","ascension_level":20}