{"gold_per_floor":[109,109,67,39,53,78,78,111,111,111,124,124,149,167,167,244,244,261,274,274,29,29],"floor_reached":22,"playtime":565,"items_purged":[],"score":504,"play_id":"cc9486e7-b778-4180-90e1-16fbfd528be4","local_time":"20230307233455","is_ascension_mode":true,"campfire_choices":[{"data":"Collect","floor":7,"key":"SMITH"},{"data":"ConjureBlade","floor":12,"key":"SMITH"},{"data":"Collect","floor":15,"key":"SMITH"}],"neow_cost":"NONE","seed_source_timestamp":562922331172500,"circlet_count":0,"master_deck":["AscendersBane","Strike_P","Strike_P","Strike_P","Strike_P","Defend_P","Defend_P","Defend_P","Defend_P","Eruption","Vigilance","Sanctity","Collect+1","SashWhip","Tantrum","ConjureBlade+1","FlurryOfBlows","Sanctity","Collect+1","DeusExMachina","JustLucky"],"relics":["HolyWater","NeowsBlessing","Kunai","Pantograph","Strawberry","Ginger","Question Card","Membership Card","Pen Nib"],"potions_floor_usage":[14,18,22,22],"damage_taken":[{"damage":0,"enemies":"Cultist","floor":1,"turns":1},{"damage":0,"enemies":"2 Louse","floor":5,"turns":1},{"damage":0,"enemies":"3 Sentries","floor":6,"turns":1},{"damage":0,"enemies":"Lagavulin","floor":8,"turns":4},{"damage":0,"enemies":"Jaw Worm","floor":11,"turns":2},{"damage":5,"enemies":"Gremlin Nob","floor":13,"turns":3},{"damage":3,"enemies":"Looter","floor":14,"turns":4},{"damage":42,"enemies":"The Guardian","floor":16,"turns":8},{"damage":24,"enemies":"Chosen","floor":18,"turns":5},{"damage":20,"enemies":"2 Thieves","floor":19,"turns":4},{"damage":43,"enemies":"Masked Bandits","floor":22,"turns":3}],"seed_played":"-2031931822611607867","potions_obtained":[{"floor":5,"key":"AttackPotion"},{"floor":11,"key":"Swift Potion"},{"floor":13,"key":"PowerPotion"},{"floor":14,"key":"SkillPotion"},{"floor":19,"key":"StancePotion"}],"is_trial":false,"path_per_floor":["M","?","$","$","M","E","R","E","T","?","M","R","E","M","R","B",null,"M","M","?","$","?"],"character_chosen":"WATCHER","items_purchased":["Collect","SashWhip","Membership Card","Pen Nib"],"campfire_rested":0,"item_purchase_floors":[3,4,21,21],"current_hp_per_floor":[61,61,61,61,61,61,61,61,68,68,68,68,63,60,60,33,65,41,21,36,36,0],"gold":29,"neow_bonus":"THREE_ENEMY_KILL","is_prod":false,"is_daily":false,"chose_seed":false,"campfire_upgraded":3,"win_rate":0,"timestamp":1678228495,"path_taken":["M","?","?","$","M","E","R","E","T","?","?","R","E","M","R","BOSS","M","?","?","$","?"],"build_version":"2022-12-18","purchased_purges":0,"victory":false,"max_hp_per_floor":[68,68,68,68,68,68,68,68,75,75,75,75,75,75,75,75,75,75,75,75,75,75],"card_choices":[{"not_picked":["ClearTheMind","Swivel"],"picked":"Sanctity","floor":1},{"not_picked":["Perseverance","Halt"],"picked":"Tantrum","floor":5},{"not_picked":["Protect","FlurryOfBlows"],"picked":"ConjureBlade","floor":6},{"not_picked":["Halt","Tantrum","Consecrate"],"picked":"SKIP","floor":8},{"not_picked":["JustLucky","Evaluate"],"picked":"FlurryOfBlows","floor":11},{"not_picked":["CutThroughFate","Protect"],"picked":"Sanctity","floor":13},{"not_picked":["Evaluate","SandsOfTime","Study"],"picked":"Collect","floor":14},{"not_picked":["MasterReality","Alpha","Brilliance"],"picked":"DeusExMachina","floor":16},{"not_picked":["Prostrate","CutThroughFate","Indignation","JustLucky"],"picked":"SKIP","floor":18},{"not_picked":["EmptyFist","TalkToTheHand","Wireheading"],"picked":"JustLucky","floor":19}],"player_experience":2216677,"relics_obtained":[{"floor":6,"key":"Kunai"},{"floor":8,"key":"Pantograph"},{"floor":9,"key":"Strawberry"},{"floor":13,"key":"Question Card"}],"event_choices":[{"damage_healed":0,"gold_gain":0,"player_choice":"0 cards matched","damage_taken":0,"max_hp_gain":0,"max_hp_loss":0,"event_name":"Match and Keep!","floor":2,"gold_loss":0,"cards_obtained":[]},{"damage_healed":0,"gold_gain":0,"player_choice":"Gave Potion","damage_taken":0,"relics_obtained":["Ginger"],"max_hp_gain":0,"max_hp_loss":0,"event_name":"WeMeetAgain","floor":10,"gold_loss":0},{"damage_healed":15,"gold_gain":0,"player_choice":"Heal","damage_taken":0,"max_hp_gain":0,"max_hp_loss":0,"event_name":"The Library","floor":20,"gold_loss":0},{"damage_healed":0,"gold_gain":0,"player_choice":"Fought Bandits","damage_taken":0,"max_hp_gain":0,"max_hp_loss":0,"event_name":"Masked Bandits","floor":22,"gold_loss":0}],"is_beta":false,"boss_relics":[{"not_picked":["Busted Crown","SlaversCollar"],"picked":"HolyWater"}],"items_purged_floors":[],"is_endless":false,"potions_floor_spawned":[5,11,13,14,19],"killed_by":"Masked Bandits","ascension_level":20}