{"gold_per_floor":[111,36,56,56,56,11,11,24,24,24,57,75,110,122,122,195,195,207,223,223],"floor_reached":20,"playtime":738,"items_purged":[],"score":418,"play_id":"9f58eadf-24df-4d55-a9bf-e1f889cdee55","local_time":"20230309224548","is_ascension_mode":true,"campfire_choices":[{"data":"Eruption","floor":7,"key":"SMITH"},{"floor":15,"key":"REST"}],"neow_cost":"CURSE","seed_source_timestamp":732608112815900,"circlet_count":0,"master_deck":["AscendersBane","Strike_P","Strike_P","Strike_P","Strike_P","Defend_P","Defend_P","Eruption+1","Vigilance","LikeWater","Pray","Tantrum","FearNoEvil","Vengeance","EmptyFist+1","CrushJoints+1","MentalFortress","Brilliance+1","Indignation"],"relics":["PureWater","InkBottle","Molten Egg 2","Tiny Chest","VioletLotus"],"potions_floor_usage":[13,18],"damage_taken":[{"damage":1,"enemies":"2 Louse","floor":1,"turns":4},{"damage":4,"enemies":"Small Slimes","floor":3,"turns":4},{"damage":2,"enemies":"Jaw Worm","floor":8,"turns":3},{"damage":17,"enemies":"Lagavulin","floor":11,"turns":5},{"damage":5,"enemies":"Gremlin Gang","floor":12,"turns":4},{"damage":0,"enemies":"Gremlin Nob","floor":13,"turns":2},{"damage":13,"enemies":"Blue Slaver","floor":14,"turns":3},{"damage":12,"enemies":"The Guardian","floor":16,"turns":8},{"damage":0,"enemies":"Chosen","floor":18,"turns":3},{"damage":37,"enemies":"3 Byrds","floor":19,"turns":5},{"damage":32,"enemies":"3 Cultists","floor":20,"turns":3}],"seed_played":"7541795780180619054","potions_obtained":[{"floor":3,"key":"Strength Potion"},{"floor":12,"key":"ColorlessPotion"},{"floor":13,"key":"BottledMiracle"}],"is_trial":false,"path_per_floor":["M","?","M","?","?","$","R","M","T","$","E","M","E","M","R","B",null,"M","M","M"],"character_chosen":"WATCHER","items_purchased":["FearNoEvil"],"campfire_rested":1,"item_purchase_floors":[6],"current_hp_per_floor":[72,72,68,68,61,61,61,59,59,59,42,37,37,24,48,36,69,69,32,0],"gold":223,"neow_bonus":"TWENTY_PERCENT_HP_BONUS","is_prod":false,"is_daily":false,"chose_seed":false,"campfire_upgraded":1,"win_rate":0,"timestamp":1678398348,"path_taken":["M","?","M","?","?","$","R","M","T","$","E","M","E","M","R","BOSS","M","M","M"],"build_version":"2022-12-18","purchased_purges":0,"victory":false,"max_hp_per_floor":[80,80,80,80,80,80,80,80,80,80,80,80,80,80,80,80,80,80,80,80],"card_choices":[{"not_picked":["Consecrate","EmptyBody"],"picked":"LikeWater","floor":1},{"not_picked":["FollowUp","Wallop"],"picked":"Pray","floor":3},{"not_picked":["ForeignInfluence","PathToVictory"],"picked":"Vengeance","floor":8},{"not_picked":["ForeignInfluence","Consecrate+1"],"picked":"EmptyFist+1","floor":11},{"not_picked":["EmptyBody","Swivel"],"picked":"CrushJoints+1","floor":12},{"not_picked":["FearNoEvil+1","ForeignInfluence"],"picked":"MentalFortress","floor":13},{"not_picked":["DeceiveReality","ThirdEye","FlyingSleeves+1"],"picked":"SKIP","floor":14},{"not_picked":["Vault","SpiritShield"],"picked":"Brilliance+1","floor":16},{"not_picked":["SashWhip+1","JustLucky+1","Protect+1"],"picked":"SKIP","floor":18},{"not_picked":["Perseverance","PathToVictory"],"picked":"Indignation","floor":19}],"player_experience":2221533,"relics_obtained":[{"floor":9,"key":"InkBottle"},{"floor":11,"key":"Molten Egg 2"},{"floor":13,"key":"Tiny Chest"}],"event_choices":[{"cards_removed":["Writhe"],"damage_healed":0,"gold_gain":0,"player_choice":"Card Removal","damage_taken":0,"max_hp_gain":0,"max_hp_loss":0,"event_name":"The Cleric","floor":2,"gold_loss":75},{"damage_healed":0,"gold_gain":0,"cards_transformed":["Defend_P"],"player_choice":"Change","damage_taken":0,"max_hp_gain":0,"max_hp_loss":0,"event_name":"Living Wall","floor":4,"gold_loss":0,"cards_obtained":["Tantrum"]},{"cards_removed":["Defend_P"],"damage_healed":0,"gold_gain":0,"player_choice":"Card Removal","damage_taken":7,"max_hp_gain":0,"max_hp_loss":0,"event_name":"Golden Wing","floor":5,"gold_loss":0}],"is_beta":false,"boss_relics":[{"not_picked":["SlaversCollar","Fusion Hammer"],"picked":"VioletLotus"}],"items_purged_floors":[],"is_endless":false,"potions_floor_spawned":[3,12,13,16],"killed_by":"3 Cultists","ascension_level":20}