{"gold_per_floor":[115,115,190,155,174,199,216,245,245,272,291,302,329,341,341,418,418,418,418,428,441,26,26,51,51,51,91,103,131,143,165,177,189],"floor_reached":33,"playtime":953,"items_purged":["Strike_P"],"score":784,"play_id":"7374aa94-a154-4e36-9be3-24064b3235fa","local_time":"20230315220612","is_ascension_mode":true,"campfire_choices":[{"data":"Eruption","floor":15,"key":"SMITH"},{"floor":23,"key":"REST"},{"data":"ConjureBlade","floor":25,"key":"SMITH"},{"floor":32,"key":"REST"}],"neow_cost":"NONE","seed_source_timestamp":1248431078780500,"circlet_count":0,"master_deck":["AscendersBane","Strike_P","Strike_P+1","Strike_P","Defend_P","Defend_P","Defend_P","Eruption+1","Vigilance","Indignation","WindmillStrike+1","MentalFortress","Meditate","Tantrum","Collect+1","Conclude","Adaptation","ConjureBlade+1","FearNoEvil","DeusExMachina","WaveOfTheHand+1"],"relics":["PureWater","NeowsBlessing","Whetstone","White Beast Statue","Toy Ornithopter","Omamori","Juzu Bracelet","Busted Crown","Bag of Preparation","TheAbacus","Centennial Puzzle","MawBank","Ice Cream"],"potions_floor_usage":[10,12,13,13,16,18,21,24,27,27,33,33],"damage_taken":[{"damage":0,"enemies":"Small Slimes","floor":1,"turns":1},{"damage":0,"enemies":"2 Louse","floor":5,"turns":1},{"damage":0,"enemies":"3 Sentries","floor":6,"turns":2},{"damage":0,"enemies":"Cultist","floor":7,"turns":2},{"damage":16,"enemies":"Gremlin Nob","floor":8,"turns":3},{"damage":0,"enemies":"Lagavulin","floor":10,"turns":3},{"damage":1,"enemies":"Red Slaver","floor":11,"turns":2},{"damage":1,"enemies":"Lots of Slimes","floor":12,"turns":2},{"damage":3,"enemies":"3 Sentries","floor":13,"turns":3},{"damage":14,"enemies":"Large Slime","floor":14,"turns":3},{"damage":51,"enemies":"The Guardian","floor":16,"turns":8},{"damage":0,"enemies":"2 Thieves","floor":18,"turns":1},{"damage":12,"enemies":"Chosen","floor":20,"turns":3},{"damage":38,"enemies":"Snake Plant","floor":21,"turns":4},{"damage":15,"enemies":"Slavers","floor":24,"turns":3},{"damage":16,"enemies":"Book of Stabbing","floor":27,"turns":3},{"damage":7,"enemies":"3 Cultists","floor":29,"turns":3},{"damage":0,"enemies":"Chosen and Byrds","floor":31,"turns":3},{"damage":59,"enemies":"Automaton","floor":33,"turns":4}],"seed_played":"-5962730059610251852","potions_obtained":[{"floor":7,"key":"SkillPotion"},{"floor":8,"key":"ColorlessPotion"},{"floor":10,"key":"BottledMiracle"},{"floor":12,"key":"GamblersBrew"},{"floor":13,"key":"Regen Potion"},{"floor":14,"key":"SmokeBomb"},{"floor":16,"key":"LiquidMemories"},{"floor":20,"key":"Energy Potion"},{"floor":21,"key":"GamblersBrew"},{"floor":24,"key":"DuplicationPotion"},{"floor":27,"key":"AttackPotion"},{"floor":29,"key":"ColorlessPotion"}],"is_trial":false,"path_per_floor":["M","?","?","?","M","E","M","E","T","E","M","M","E","M","R","B",null,"M","?","M","M","$","R","E","R","T","E","$","M","?","M","R","B"],"character_chosen":"WATCHER","items_purchased":["Bag of Preparation","TheAbacus"],"campfire_rested":2,"item_purchase_floors":[22,22],"current_hp_per_floor":[61,54,43,60,60,60,60,44,44,49,48,52,59,45,45,14,55,60,60,48,15,15,35,25,25,25,19,19,12,12,12,32,0],"gold":189,"neow_bonus":"THREE_ENEMY_KILL","is_prod":false,"is_daily":false,"chose_seed":false,"campfire_upgraded":2,"win_rate":0,"timestamp":1678914372,"path_taken":["M","?","?","?","M","E","M","E","T","E","M","M","E","M","R","BOSS","M","?","M","M","$","R","E","R","T","E","$","M","?","M","R","BOSS"],"build_version":"2022-12-18","purchased_purges":1,"victory":false,"max_hp_per_floor":[68,68,68,68,68,68,68,68,68,68,68,68,68,68,68,68,68,68,68,68,68,68,68,68,68,68,68,68,68,68,68,68,68],"card_choices":[{"not_picked":["EmptyFist","Consecrate"],"picked":"Indignation","floor":1},{"not_picked":["WaveOfTheHand","Protect"],"picked":"WindmillStrike","floor":5},{"not_picked":["EmptyBody","BattleHymn"],"picked":"MentalFortress","floor":6},{"not_picked":["ThirdEye","EmptyBody"],"picked":"Meditate","floor":7},{"not_picked":["Brilliance","EmptyBody"],"picked":"Tantrum","floor":8},{"not_picked":["CrushJoints","FollowUp"],"picked":"Collect","floor":10},{"not_picked":["Prostrate","JustLucky"],"picked":"Conclude","floor":11},{"not_picked":["DeceiveReality","Conclude"],"picked":"Adaptation","floor":12},{"not_picked":["Evaluate","CrushJoints"],"picked":"ConjureBlade","floor":13},{"not_picked":["Perseverance","Wallop"],"picked":"FearNoEvil","floor":14},{"not_picked":["SpiritShield","Scrawl"],"picked":"DeusExMachina","floor":16},{"not_picked":["Evaluate"],"picked":"SKIP","floor":20},{"not_picked":["BattleHymn"],"picked":"SKIP","floor":21},{"not_picked":["WindmillStrike"],"picked":"SKIP","floor":24},{"not_picked":[],"picked":"WaveOfTheHand+1","floor":27},{"not_picked":["Protect"],"picked":"SKIP","floor":29},{"not_picked":["FlyingSleeves"],"picked":"SKIP","floor":31}],"player_experience":2239868,"relics_obtained":[{"floor":6,"key":"Whetstone"},{"floor":8,"key":"White Beast Statue"},{"floor":9,"key":"Toy Ornithopter"},{"floor":10,"key":"Omamori"},{"floor":13,"key":"Juzu Bracelet"},{"floor":24,"key":"Centennial Puzzle"},{"floor":26,"key":"MawBank"},{"floor":27,"key":"Ice Cream"}],"event_choices":[{"cards_removed":["Defend_P"],"damage_healed":0,"gold_gain":0,"player_choice":"Card Removal","damage_taken":7,"max_hp_gain":0,"max_hp_loss":0,"event_name":"Golden Wing","floor":2,"gold_loss":0},{"damage_healed":0,"gold_gain":75,"player_choice":"Gather Gold","damage_taken":11,"max_hp_gain":0,"max_hp_loss":0,"event_name":"World of Goop","floor":3,"gold_loss":0},{"damage_healed":17,"gold_gain":0,"player_choice":"Healed","damage_taken":0,"max_hp_gain":0,"max_hp_loss":0,"event_name":"The Cleric","floor":4,"gold_loss":35},{"damage_healed":0,"gold_gain":0,"player_choice":"Ignored","damage_taken":0,"max_hp_gain":0,"max_hp_loss":0,"event_name":"N\u0027loth","floor":19,"gold_loss":0},{"damage_healed":0,"gold_gain":0,"player_choice":"Forge","damage_taken":0,"max_hp_gain":0,"max_hp_loss":0,"event_name":"Accursed Blacksmith","floor":30,"gold_loss":0,"cards_upgraded":["Collect"]}],"is_beta":false,"boss_relics":[{"not_picked":["Snecko Eye","Astrolabe"],"picked":"Busted Crown"}],"items_purged_floors":[22],"is_endless":false,"potions_floor_spawned":[7,8,10,11,12,13,14,16,18,20,21,24,27,29,31],"killed_by":"Automaton","ascension_level":20}