{"gold_per_floor":[110,121,82,82,107,137,155,155,155,168,168,196,209,242,242,318,318,334,92,92,144,163,196,196,196],"floor_reached":25,"playtime":610,"items_purged":["Strike_P"],"score":628,"play_id":"2587dab5-e650-44c2-9d30-9785c2667432","local_time":"20230306193343","is_ascension_mode":true,"campfire_choices":[{"data":"WindmillStrike","floor":8,"key":"SMITH"},{"data":"LikeWater","floor":11,"key":"SMITH"},{"data":"Vault","floor":15,"key":"SMITH"},{"floor":24,"key":"REST"}],"neow_cost":"NONE","seed_source_timestamp":462003688903100,"circlet_count":0,"master_deck":["AscendersBane","Strike_P","Strike_P","Strike_P+1","Defend_P","Defend_P","Defend_P","Defend_P","Eruption+1","Vigilance","Meditate","LikeWater+1","Worship","Brilliance","WindmillStrike+1","Vault+1","FlyingSleeves","WreathOfFlame","Scrawl","Vault","FlurryOfBlows","EmptyBody+1"],"relics":["PureWater","NeowsBlessing","Centennial Puzzle","Sundial","Vajra","Damaru","Art of War","Busted Crown","Whetstone","Pen Nib","StrikeDummy"],"potions_floor_usage":[12,23,25],"damage_taken":[{"damage":0,"enemies":"Jaw Worm","floor":1,"turns":1},{"damage":0,"enemies":"2 Louse","floor":2,"turns":2},{"damage":0,"enemies":"Gremlin Nob","floor":6,"turns":1},{"damage":2,"enemies":"Small Slimes","floor":7,"turns":4},{"damage":1,"enemies":"Looter","floor":10,"turns":3},{"damage":8,"enemies":"3 Sentries","floor":12,"turns":7},{"damage":11,"enemies":"Exordium Wildlife","floor":13,"turns":3},{"damage":0,"enemies":"Lagavulin","floor":14,"turns":5},{"damage":33,"enemies":"Slime Boss","floor":16,"turns":5},{"damage":0,"enemies":"Spheric Guardian","floor":18,"turns":5},{"damage":11,"enemies":"Shell Parasite","floor":22,"turns":4},{"damage":21,"enemies":"Book of Stabbing","floor":23,"turns":5},{"damage":42,"enemies":"Gremlin Leader","floor":25,"turns":4}],"seed_played":"-8027902675154036378","potions_obtained":[{"floor":1,"key":"Explosive Potion"},{"floor":7,"key":"Dexterity Potion"},{"floor":14,"key":"BlessingOfTheForge"},{"floor":18,"key":"Explosive Potion"}],"is_trial":false,"path_per_floor":["M","M","$","?","T","E","M","R","T","M","R","E","M","E","R","B",null,"M","$","?","T","M","E","R","E"],"character_chosen":"WATCHER","items_purchased":["Worship","Whetstone"],"campfire_rested":1,"item_purchase_floors":[3,19],"current_hp_per_floor":[61,61,61,66,66,66,64,64,64,63,63,55,44,44,44,11,58,58,58,37,37,26,5,28,0],"gold":196,"neow_bonus":"THREE_ENEMY_KILL","is_prod":false,"is_daily":false,"chose_seed":false,"campfire_upgraded":3,"win_rate":0,"timestamp":1678127623,"path_taken":["M","M","$","?","?","E","M","R","T","M","R","E","M","E","R","BOSS","M","$","?","?","M","E","R","E"],"build_version":"2022-12-18","purchased_purges":1,"victory":false,"max_hp_per_floor":[68,68,68,73,73,73,73,73,73,73,73,73,73,73,73,73,73,73,73,78,78,78,78,78,78],"card_choices":[{"not_picked":["EmptyMind","ThirdEye"],"picked":"Meditate","floor":1},{"not_picked":["CutThroughFate","Protect"],"picked":"LikeWater","floor":2},{"not_picked":["ClearTheMind","Fasting2"],"picked":"Brilliance","floor":6},{"not_picked":["Meditate","TalkToTheHand"],"picked":"WindmillStrike","floor":7},{"not_picked":["Crescendo","ClearTheMind"],"picked":"Vault","floor":10},{"not_picked":["ClearTheMind","SashWhip"],"picked":"FlyingSleeves","floor":12},{"not_picked":["CrushJoints","Fasting2"],"picked":"WreathOfFlame","floor":13},{"not_picked":["FlyingSleeves","EmptyBody"],"picked":"Scrawl","floor":14},{"not_picked":["Ragnarok","Alpha"],"picked":"Vault","floor":16},{"not_picked":["SashWhip"],"picked":"SKIP","floor":18},{"not_picked":[],"picked":"FlurryOfBlows","floor":22},{"not_picked":[],"picked":"EmptyBody+1","floor":23}],"player_experience":2213741,"relics_obtained":[{"floor":5,"key":"Centennial Puzzle"},{"floor":6,"key":"Sundial"},{"floor":9,"key":"Vajra"},{"floor":12,"key":"Damaru"},{"floor":14,"key":"Art of War"},{"floor":21,"key":"Pen Nib"},{"floor":23,"key":"StrikeDummy"}],"event_choices":[{"damage_healed":0,"gold_gain":0,"player_choice":"Donut","damage_taken":0,"max_hp_gain":5,"max_hp_loss":0,"event_name":"Big Fish","floor":4,"gold_loss":0},{"damage_healed":0,"gold_gain":0,"player_choice":"Shed Blood","damage_taken":26,"max_hp_gain":5,"max_hp_loss":0,"event_name":"Forgotten Altar","floor":20,"gold_loss":0}],"is_beta":false,"boss_relics":[{"not_picked":["Cursed Key","Philosopher\u0027s Stone"],"picked":"Busted Crown"}],"items_purged_floors":[19],"is_endless":false,"potions_floor_spawned":[1,7,14,18,22],"killed_by":"Gremlin Leader","ascension_level":20}