{"gold_per_floor":[109,259,259,283,283,326,346,19,42,77,35,49,72,72],"floor_reached":14,"playtime":893,"items_purged":["Doubt"],"score":250,"play_id":"96f77290-afc6-4da9-a7ed-bbcc7fad2a73","local_time":"20230316200427","is_ascension_mode":true,"campfire_choices":[],"neow_cost":"NONE","seed_source_timestamp":1327586352113900,"circlet_count":0,"master_deck":["AscendersBane","Strike_P","Strike_P","Strike_P","Strike_P","Defend_P","Defend_P","Defend_P","Defend_P","Eruption","Vigilance","CutThroughFate","Injury","Pray","FearNoEvil","Ragnarok","Pray","Scrawl","WreathOfFlame","Prostrate","Prostrate"],"relics":["PureWater","NeowsBlessing","Golden Idol","Vajra","Toolbox","Prayer Wheel"],"potions_floor_usage":[10,14],"damage_taken":[{"damage":0,"enemies":"Jaw Worm","floor":1,"turns":1},{"damage":0,"enemies":"2 Louse","floor":4,"turns":1},{"damage":0,"enemies":"Lagavulin","floor":6,"turns":1},{"damage":0,"enemies":"Small Slimes","floor":7,"turns":5},{"damage":20,"enemies":"3 Sentries","floor":10,"turns":5},{"damage":13,"enemies":"Red Slaver","floor":12,"turns":3},{"damage":32,"enemies":"Exordium Thugs","floor":13,"turns":4},{"damage":6,"enemies":"Lagavulin","floor":14,"turns":3}],"seed_played":"-6310897761606575520","potions_obtained":[{"floor":7,"key":"AttackPotion"},{"floor":12,"key":"Dexterity Potion"},{"floor":13,"key":"StancePotion"}],"is_trial":false,"path_per_floor":["M","?","?","M","?","E","M","$","T","E","$","M","M","E"],"character_chosen":"WATCHER","items_purchased":["Toolbox","Pray","WreathOfFlame"],"campfire_rested":0,"item_purchase_floors":[8,8,11],"current_hp_per_floor":[61,61,61,61,68,68,68,68,68,48,48,35,3,0],"gold":72,"neow_bonus":"THREE_ENEMY_KILL","is_prod":false,"is_daily":false,"chose_seed":false,"campfire_upgraded":0,"win_rate":0,"timestamp":1678993467,"path_taken":["M","?","?","M","?","E","?","$","T","E","?","?","M","E"],"build_version":"2022-12-18","purchased_purges":1,"victory":false,"max_hp_per_floor":[68,68,68,68,68,68,68,68,68,68,68,68,68,68],"card_choices":[{"not_picked":["FlurryOfBlows","Weave"],"picked":"CutThroughFate","floor":1},{"not_picked":["Meditate","Protect"],"picked":"Pray","floor":4},{"not_picked":["EmptyBody","Prostrate"],"picked":"FearNoEvil","floor":6},{"not_picked":["Crescendo","FollowUp"],"picked":"Ragnarok","floor":7},{"not_picked":["SandsOfTime","Consecrate"],"picked":"Scrawl","floor":10},{"not_picked":["Nirvana","EmptyFist"],"picked":"Prostrate","floor":12},{"not_picked":["EmptyMind","PathToVictory","Prostrate"],"picked":"SKIP","floor":12},{"not_picked":["EmptyMind","PathToVictory"],"picked":"Prostrate","floor":12},{"not_picked":["CutThroughFate","SashWhip","Study"],"picked":"SKIP","floor":13},{"not_picked":["EmptyFist","ClearTheMind","Alpha"],"picked":"SKIP","floor":13}],"player_experience":2242007,"relics_obtained":[{"floor":6,"key":"Vajra"},{"floor":10,"key":"Prayer Wheel"}],"event_choices":[{"damage_healed":0,"gold_gain":150,"player_choice":"AGREE","damage_taken":0,"max_hp_gain":0,"max_hp_loss":0,"event_name":"Liars Game","floor":2,"gold_loss":0,"cards_obtained":["Doubt"]},{"damage_healed":0,"gold_gain":0,"player_choice":"Take Wound","damage_taken":0,"relics_obtained":["Golden Idol"],"max_hp_gain":0,"max_hp_loss":0,"event_name":"Golden Idol","floor":3,"gold_loss":0,"cards_obtained":["Injury"]},{"damage_healed":7,"gold_gain":0,"player_choice":"Full Heal","damage_taken":0,"max_hp_gain":0,"max_hp_loss":0,"event_name":"Wheel of Change","floor":5,"gold_loss":0}],"is_beta":false,"boss_relics":[],"items_purged_floors":[8],"is_endless":false,"potions_floor_spawned":[7,12,13],"killed_by":"Lagavulin","ascension_level":20}