{"gold_per_floor":[112,131,143,156,40,40,74,91,91,102,102],"floor_reached":11,"playtime":403,"items_purged":["Strike_P"],"score":154,"play_id":"192a0064-ccca-491f-9efe-18d4e079ca35","local_time":"20230309221717","is_ascension_mode":true,"campfire_choices":[{"data":"Fasting2","floor":6,"key":"SMITH"}],"neow_cost":"NONE","seed_source_timestamp":731232342723000,"circlet_count":0,"master_deck":["AscendersBane","Strike_P","Strike_P","Strike_P","Defend_P","Defend_P","Defend_P","Defend_P","Eruption","Vigilance","InnerPeace","MentalFortress","Fasting2+1","EmptyFist","Worship","LikeWater","Wallop"],"relics":["Velvet Choker","Omamori","Toxic Egg 2"],"potions_floor_usage":[11,11],"damage_taken":[{"damage":0,"enemies":"Jaw Worm","floor":1,"turns":3},{"damage":1,"enemies":"Small Slimes","floor":2,"turns":5},{"damage":0,"enemies":"Cultist","floor":3,"turns":4},{"damage":21,"enemies":"3 Louse","floor":4,"turns":6},{"damage":3,"enemies":"Lagavulin","floor":7,"turns":6},{"damage":13,"enemies":"Exordium Thugs","floor":8,"turns":4},{"damage":4,"enemies":"2 Fungi Beasts","floor":10,"turns":4},{"damage":29,"enemies":"Gremlin Nob","floor":11,"turns":3}],"seed_played":"6224282124708959469","potions_obtained":[{"floor":7,"key":"EssenceOfSteel"},{"floor":10,"key":"BottledMiracle"}],"is_trial":false,"path_per_floor":["M","M","M","M","$","R","E","M","T","M","E"],"character_chosen":"WATCHER","items_purchased":["Worship"],"campfire_rested":0,"item_purchase_floors":[5],"current_hp_per_floor":[61,60,60,39,39,39,36,23,23,19,0],"gold":102,"neow_bonus":"BOSS_RELIC","is_prod":false,"is_daily":false,"chose_seed":false,"campfire_upgraded":1,"win_rate":0,"timestamp":1678396637,"path_taken":["M","M","M","M","$","R","E","M","T","M","E"],"build_version":"2022-12-18","purchased_purges":1,"victory":false,"max_hp_per_floor":[68,68,68,68,68,68,68,68,68,68,68],"card_choices":[{"not_picked":["EmptyFist","Prostrate"],"picked":"InnerPeace","floor":1},{"not_picked":["Prostrate","FollowUp"],"picked":"MentalFortress","floor":2},{"not_picked":["WheelKick","EmptyFist"],"picked":"Fasting2","floor":3},{"not_picked":["PathToVictory","Evaluate"],"picked":"EmptyFist","floor":4},{"not_picked":["EmptyFist","FlurryOfBlows","Prostrate"],"picked":"SKIP","floor":7},{"not_picked":["InnerPeace","Collect"],"picked":"LikeWater","floor":8},{"not_picked":["WindmillStrike","LikeWater"],"picked":"Wallop","floor":10}],"player_experience":2220278,"relics_obtained":[{"floor":7,"key":"Omamori"},{"floor":9,"key":"Toxic Egg 2"}],"event_choices":[],"is_beta":false,"boss_relics":[],"items_purged_floors":[5],"is_endless":false,"potions_floor_spawned":[7,10],"killed_by":"Gremlin Nob","ascension_level":20}