{"gold_per_floor":[13,23,23,36,36,64,82,116,116,116,175,191,191,220,220,291,291,302,311,336,362,74,74,74],"floor_reached":24,"playtime":999,"items_purged":["Strike_P"],"score":607,"play_id":"6f09d1bb-b03e-493d-a7d5-5d30f3d49c12","local_time":"20230315090110","is_ascension_mode":true,"campfire_choices":[{"floor":13,"key":"REST"},{"data":"Eruption","floor":15,"key":"SMITH"},{"floor":23,"key":"RECALL"}],"neow_cost":"NO_GOLD","seed_source_timestamp":1201279437724100,"circlet_count":0,"master_deck":["AscendersBane","Strike_P","Strike_P","Defend_P","Defend_P","Defend_P","Eruption+1","Vigilance","BowlingBash","Adaptation","SashWhip","SpiritShield","Tantrum","Evaluate","Consecrate","EmptyFist","Wish","LessonLearned","MentalFortress+1","Shame","EmptyBody+1","FlurryOfBlows","CutThroughFate"],"relics":["PureWater","Bird Faced Urn","Unceasing Top","Shuriken","Ice Cream","Fusion Hammer","CeramicFish","Lee\u0027s Waffle"],"potions_floor_usage":[6,6,8,11,21,21],"damage_taken":[{"damage":1,"enemies":"Small Slimes","floor":1,"turns":4},{"damage":2,"enemies":"Cultist","floor":2,"turns":3},{"damage":0,"enemies":"2 Louse","floor":4,"turns":3},{"damage":30,"enemies":"Gremlin Nob","floor":6,"turns":4},{"damage":4,"enemies":"Blue Slaver","floor":7,"turns":5},{"damage":0,"enemies":"Lagavulin","floor":8,"turns":3},{"damage":56,"enemies":"Lagavulin Event","floor":11,"turns":9},{"damage":0,"enemies":"Large Slime","floor":12,"turns":4},{"damage":14,"enemies":"3 Sentries","floor":14,"turns":3},{"damage":0,"enemies":"Slime Boss","floor":16,"turns":4},{"damage":13,"enemies":"3 Byrds","floor":18,"turns":4},{"damage":21,"enemies":"Chosen","floor":20,"turns":5},{"damage":11,"enemies":"Snake Plant","floor":21,"turns":6},{"damage":98,"enemies":"Slavers","floor":24,"turns":6}],"seed_played":"35515713450382263","potions_obtained":[{"floor":1,"key":"StancePotion"},{"floor":2,"key":"Weak Potion"},{"floor":7,"key":"FearPotion"},{"floor":8,"key":"BlessingOfTheForge"},{"floor":14,"key":"SpeedPotion"},{"floor":16,"key":"SpeedPotion"},{"floor":20,"key":"DistilledChaos"}],"is_trial":false,"path_per_floor":["M","M","?","M","?","E","M","E","T","?","?","M","R","E","R","B",null,"M","?","M","M","$","R","E"],"character_chosen":"WATCHER","items_purchased":["Lee\u0027s Waffle","CutThroughFate"],"campfire_rested":1,"item_purchase_floors":[22,22],"current_hp_per_floor":[72,70,70,70,63,33,31,33,33,59,5,7,31,19,19,21,65,54,54,37,30,87,87,0],"gold":74,"neow_bonus":"TWENTY_PERCENT_HP_BONUS","is_prod":false,"is_daily":false,"chose_seed":false,"campfire_upgraded":1,"win_rate":0,"timestamp":1678867270,"path_taken":["M","M","?","?","?","E","M","E","T","?","?","?","R","E","R","BOSS","M","?","M","M","$","R","E"],"build_version":"2022-12-18","purchased_purges":1,"victory":false,"max_hp_per_floor":[80,80,80,80,80,80,80,80,80,80,80,80,80,80,80,80,80,80,80,80,80,87,87,87],"card_choices":[{"not_picked":["Vengeance","SashWhip"],"picked":"BowlingBash","floor":1},{"not_picked":["Sanctity","Halt"],"picked":"Adaptation","floor":2},{"not_picked":["Fasting2","FollowUp"],"picked":"SashWhip","floor":4},{"not_picked":["Adaptation","Evaluate"],"picked":"SpiritShield","floor":6},{"not_picked":["Crescendo","Protect"],"picked":"Tantrum","floor":7},{"not_picked":["WindmillStrike","EmptyMind"],"picked":"Evaluate","floor":8},{"not_picked":["Pray","PathToVictory"],"picked":"Consecrate","floor":11},{"not_picked":["SashWhip","Evaluate"],"picked":"EmptyFist","floor":12},{"not_picked":["Vengeance","Tantrum"],"picked":"Wish","floor":14},{"not_picked":["Judgement","ConjureBlade"],"picked":"LessonLearned","floor":16},{"not_picked":["WaveOfTheHand","Evaluate"],"picked":"MentalFortress","floor":18},{"not_picked":["Evaluate","Nirvana"],"picked":"EmptyBody+1","floor":20},{"not_picked":["PathToVictory","FollowUp+1"],"picked":"FlurryOfBlows","floor":21}],"player_experience":2235235,"relics_obtained":[{"floor":6,"key":"Bird Faced Urn"},{"floor":8,"key":"Unceasing Top"},{"floor":11,"key":"Shuriken"},{"floor":14,"key":"Ice Cream"}],"event_choices":[{"cards_removed":["Defend_P"],"damage_healed":0,"gold_gain":0,"player_choice":"Purged","damage_taken":0,"max_hp_gain":0,"max_hp_loss":0,"event_name":"Purifier","floor":3,"gold_loss":0},{"cards_removed":["Strike_P"],"damage_healed":0,"gold_gain":0,"player_choice":"Card Removal","damage_taken":7,"max_hp_gain":0,"max_hp_loss":0,"event_name":"Golden Wing","floor":5,"gold_loss":0},{"damage_healed":26,"gold_gain":0,"player_choice":"Banana","damage_taken":0,"max_hp_gain":0,"max_hp_loss":0,"event_name":"Big Fish","floor":10,"gold_loss":0},{"damage_healed":0,"gold_gain":0,"player_choice":"Searched \u00271\u0027 times","damage_taken":0,"max_hp_gain":0,"max_hp_loss":0,"event_name":"Dead Adventurer","floor":11,"gold_loss":0},{"damage_healed":0,"gold_gain":0,"player_choice":"Stole Relic","damage_taken":0,"relics_obtained":["CeramicFish"],"max_hp_gain":0,"max_hp_loss":0,"event_name":"Addict","floor":19,"gold_loss":0,"cards_obtained":["Shame"]}],"is_beta":false,"boss_relics":[{"not_picked":["Coffee Dripper","HolyWater"],"picked":"Fusion Hammer"}],"items_purged_floors":[22],"is_endless":false,"potions_floor_spawned":[1,2,7,8,14,16,20],"killed_by":"Slavers","ascension_level":20}