{"gold_per_floor":[116,41,41,191,91,125,125,155,155,176,201,218,218,218],"floor_reached":14,"playtime":267,"items_purged":["Strike_P","Doubt"],"score":308,"play_id":"08e9e5cb-16e4-431c-a7e9-a6c8fbdd1773","local_time":"20230314185317","is_ascension_mode":true,"campfire_choices":[{"data":"PathToVictory","floor":7,"key":"SMITH"},{"floor":13,"key":"REST"}],"neow_cost":"NONE","seed_source_timestamp":1151138588782500,"circlet_count":0,"master_deck":["AscendersBane","Strike_P","Strike_P","Strike_P","Defend_P","Defend_P","Defend_P","Defend_P","Eruption","Vigilance","PathToVictory+1","BattleHymn","Consecrate","Omniscience","PathToVictory"],"relics":["PureWater","NeowsBlessing","Singing Bowl","Regal Pillow","Kunai","Odd Mushroom","Pen Nib"],"potions_floor_usage":[10],"damage_taken":[{"damage":0,"enemies":"2 Louse","floor":1,"turns":1},{"damage":0,"enemies":"Lagavulin","floor":6,"turns":1},{"damage":0,"enemies":"3 Sentries","floor":8,"turns":2},{"damage":33,"enemies":"The Mushroom Lair","floor":10,"turns":3},{"damage":22,"enemies":"Lagavulin","floor":11,"turns":6},{"damage":1,"enemies":"Small Slimes","floor":12,"turns":3},{"damage":49,"enemies":"3 Sentries","floor":14,"turns":7}],"seed_played":"-6799536397415248242","potions_obtained":[{"floor":8,"key":"Block Potion"},{"floor":10,"key":"Ancient Potion"}],"is_trial":false,"path_per_floor":["M","$","?","?","$","E","R","E","T","?","E","M","R","E"],"character_chosen":"WATCHER","items_purchased":[],"campfire_rested":1,"item_purchase_floors":[],"current_hp_per_floor":[61,61,66,66,66,68,68,68,68,35,13,12,49,0],"gold":218,"neow_bonus":"THREE_ENEMY_KILL","is_prod":false,"is_daily":false,"chose_seed":false,"campfire_upgraded":1,"win_rate":0,"timestamp":1678816397,"path_taken":["M","$","?","?","$","E","R","E","T","?","E","M","R","E"],"build_version":"2022-12-18","purchased_purges":2,"victory":false,"max_hp_per_floor":[68,68,73,73,73,75,75,75,75,75,75,75,75,75],"card_choices":[{"not_picked":["CrushJoints","EmptyBody"],"picked":"PathToVictory","floor":1},{"not_picked":["FlyingSleeves","Halt","Adaptation"],"picked":"Singing Bowl","floor":6},{"not_picked":["EmptyBody","Omniscience"],"picked":"BattleHymn","floor":8},{"not_picked":["CarveReality","SashWhip"],"picked":"Consecrate","floor":10},{"not_picked":["FlyingSleeves","Fasting2"],"picked":"Omniscience","floor":11},{"not_picked":["BattleHymn","Prostrate"],"picked":"PathToVictory","floor":12}],"player_experience":2232215,"relics_obtained":[{"floor":6,"key":"Singing Bowl"},{"floor":8,"key":"Regal Pillow"},{"floor":9,"key":"Kunai"},{"floor":10,"key":"Odd Mushroom"},{"floor":11,"key":"Pen Nib"}],"event_choices":[{"damage_healed":0,"gold_gain":0,"player_choice":"Donut","damage_taken":0,"max_hp_gain":5,"max_hp_loss":0,"event_name":"Big Fish","floor":3,"gold_loss":0},{"damage_healed":0,"gold_gain":150,"player_choice":"AGREE","damage_taken":0,"max_hp_gain":0,"max_hp_loss":0,"event_name":"Liars Game","floor":4,"gold_loss":0,"cards_obtained":["Doubt"]},{"damage_healed":0,"gold_gain":0,"player_choice":"Fought Mushrooms","damage_taken":0,"max_hp_gain":0,"max_hp_loss":0,"event_name":"Mushrooms","floor":10,"gold_loss":0}],"is_beta":false,"boss_relics":[],"items_purged_floors":[2,5],"is_endless":false,"potions_floor_spawned":[8,10],"killed_by":"3 Sentries","ascension_level":20}