{"gold_per_floor":[113,129,404,419,93,93,119,119,190,223,238,309,309,343,343,421,421,434,95,107,107,107,134,134,162,217,251,270,105,121,81,81,155,155,168,168,168,193,26,51,0,35,58,71,97,97,116,130,130,130,130],"floor_reached":51,"playtime":1778,"items_purged":["Regret"],"score":1843,"play_id":"84ba3a33-87c9-4eb9-af7b-0a60976d2821","local_time":"20230306200724","is_ascension_mode":true,"campfire_choices":[{"data":"BowlingBash","floor":6.0,"key":"SMITH"},{"data":"Eruption","floor":8.0,"key":"SMITH"},{"data":"ForeignInfluence","floor":13.0,"key":"SMITH"},{"floor":15.0,"key":"REST"},{"floor":24.0,"key":"REST"},{"data":"Scrawl","floor":32.0,"key":"SMITH"},{"floor":46,"key":"RECALL"},{"data":"Alpha","floor":49,"key":"SMITH"}],"neow_cost":"NONE","seed_source_timestamp":462839717222500,"circlet_count":0,"master_deck":["AscendersBane","Eruption+1","Vigilance","Prostrate+1","BowlingBash+1","Evaluate","Tantrum","Prostrate","Scrawl+1","WheelKick","ForeignInfluence+1","DevaForm","MasterReality","Meditate","Conclude","DeusExMachina","LikeWater","SpiritShield+1","BowlingBash","WaveOfTheHand","TalkToTheHand+1","Alpha+1","LessonLearned+1","Brilliance+1","ClearTheMind","Perseverance","Devotion"],"special_seed":0,"relics":["PureWater","NeowsBlessing","Tiny Chest","PreservedInsect","Darkstone Periapt","Orichalcum","Pantograph","Regal Pillow","Black Star","Bag of Marbles","Sling","Bottled Lightning","MealTicket","Incense Burner","Pen Nib","Question Card","Damaru","Kunai","HornCleat","Vajra","Pandora\u0027s Box","Potion Belt","Nunchaku","Art of War","Blood Vial","Ice Cream","Whetstone","Bottled Flame","Blue Candle","Bronze Scales"],"potions_floor_usage":[51],"damage_taken":[{"damage":0.0,"enemies":"Cultist","floor":1.0,"turns":1.0},{"damage":0.0,"enemies":"Jaw Worm","floor":2.0,"turns":1.0},{"damage":0.0,"enemies":"2 Louse","floor":4.0,"turns":1.0},{"damage":25.0,"enemies":"Lagavulin","floor":7.0,"turns":5.0},{"damage":0.0,"enemies":"Gremlin Nob","floor":10.0,"turns":2.0},{"damage":7.0,"enemies":"Lots of Slimes","floor":11.0,"turns":5.0},{"damage":6.0,"enemies":"3 Sentries","floor":14.0,"turns":3.0},{"damage":38.0,"enemies":"The Guardian","floor":16.0,"turns":7.0},{"damage":12.0,"enemies":"2 Thieves","floor":18.0,"turns":3.0},{"damage":13.0,"enemies":"3 Byrds","floor":20.0,"turns":5.0},{"damage":8.0,"enemies":"Slavers","floor":23.0,"turns":3.0},{"damage":7.0,"enemies":"Book of Stabbing","floor":25.0,"turns":3.0},{"damage":18.0,"enemies":"Slavers","floor":27.0,"turns":3.0},{"damage":0.0,"enemies":"Snake Plant","floor":28.0,"turns":1.0},{"damage":0.0,"enemies":"Snecko","floor":30.0,"turns":2.0},{"damage":16.0,"enemies":"Automaton","floor":33.0,"turns":5.0},{"damage":2.0,"enemies":"3 Shapes","floor":35.0,"turns":5.0},{"damage":0.0,"enemies":"Giant Head","floor":40.0,"turns":3.0},{"damage":0.0,"enemies":"Nemesis","floor":42.0,"turns":1.0},{"damage":0,"enemies":"3 Darklings","floor":44,"turns":1},{"damage":0,"enemies":"Reptomancer","floor":45,"turns":2},{"damage":0,"enemies":"Sphere and 2 Shapes","floor":47,"turns":3},{"damage":15,"enemies":"Writhing Mass","floor":48,"turns":5},{"damage":94,"enemies":"Time Eater","floor":50,"turns":10},{"damage":90,"enemies":"Awakened One","floor":51,"turns":3}],"seed_played":"-4651120700291134770","potions_obtained":[{"floor":2.0,"key":"CultistPotion"},{"floor":7.0,"key":"BottledMiracle"},{"floor":11.0,"key":"FearPotion"},{"floor":20.0,"key":"Fire Potion"},{"floor":23.0,"key":"ColorlessPotion"},{"floor":30.0,"key":"Strength Potion"},{"floor":33.0,"key":"FairyPotion"},{"floor":37.0,"key":"FairyPotion"},{"floor":40.0,"key":"ColorlessPotion"},{"floor":47,"key":"PowerPotion"}],"is_trial":false,"path_per_floor":["M","M","?","M","$","R","E","R","T","E","M","T","R","E","R","B",null,"M","$","M","?","T","E","R","E","T","E","M","$","M","$","R","B",null,"M","?","?","T","$","E","?","E","T","M","E","R","M","M","R","B","B"],"character_chosen":"WATCHER","items_purchased":["Tiny Chest","Tantrum","Prostrate","Bag of Marbles","Sling","Vajra","LikeWater","Nunchaku"],"campfire_rested":2,"item_purchase_floors":[5,5,5,19,19,29,31,39],"current_hp_per_floor":[61,61,61,61,61,61,36,36,36,36,29,29,29,23,58,30,59,47,47,34,34,34,26,61,54,54,36,36,51,51,66,66,52,64,62,62,62,62,68,68,68,68,68,68,68,68,68,53,53,20,0],"gold":130,"neow_bonus":"THREE_ENEMY_KILL","is_prod":false,"is_daily":false,"chose_seed":false,"campfire_upgraded":5,"win_rate":0,"timestamp":1678129644,"path_taken":["M","?","?","M","$","R","E","R","T","E","?","?","R","E","R","BOSS","M","$","M","?","?","E","R","E","T","E","?","$","M","$","R","BOSS","M","?","?","?","$","E","?","E","T","?","E","R","M","M","R","BOSS","BOSS"],"build_version":"2022-12-18","purchased_purges":1,"victory":false,"max_hp_per_floor":[68,68,68,68,68,68,68,68,68,68,68,68,68,68,68,68,68,68,68,68,68,68,68,68,68,68,68,68,68,68,68,68,68,68,68,68,68,68,68,68,68,68,68,68,68,68,68,68,68,68,68],"card_choices":[{"not_picked":["ClearTheMind","CutThroughFate"],"picked":"Prostrate","floor":1.0},{"not_picked":["CrushJoints","ThirdEye"],"picked":"BowlingBash","floor":2.0},{"not_picked":["EmptyMind","PathToVictory"],"picked":"Evaluate","floor":4.0},{"not_picked":["Crescendo","Judgement"],"picked":"Scrawl","floor":7.0},{"not_picked":["CutThroughFate","Sanctity"],"picked":"WheelKick","floor":10.0},{"not_picked":["DeceiveReality","FlurryOfBlows"],"picked":"ForeignInfluence","floor":11.0},{"not_picked":["Indignation","CrushJoints"],"picked":"DevaForm","floor":14.0},{"not_picked":["Wish","LessonLearned"],"picked":"MasterReality","floor":16.0},{"not_picked":["FlyingSleeves","ThirdEye"],"picked":"Meditate","floor":18.0},{"not_picked":["ThirdEye","ClearTheMind","Halt"],"picked":"SKIP","floor":20.0},{"not_picked":["Halt","SashWhip","Consecrate+1"],"picked":"SKIP","floor":23.0},{"not_picked":["Indignation","FlurryOfBlows"],"picked":"Conclude","floor":25.0},{"not_picked":["FearNoEvil","Perseverance","EmptyBody"],"picked":"DeusExMachina","floor":27.0},{"not_picked":["Crescendo","Prostrate","TalkToTheHand","Indignation"],"picked":"SKIP","floor":28.0},{"not_picked":["FlurryOfBlows","ThirdEye","SashWhip","JustLucky"],"picked":"SKIP","floor":30.0},{"not_picked":["Vault","ConjureBlade","Blasphemy"],"picked":"SpiritShield","floor":33.0},{"not_picked":["FlyingSleeves","FollowUp","CrushJoints+1","WreathOfFlame+1"],"picked":"SKIP","floor":35.0},{"not_picked":["ClearTheMind+1","SashWhip","Indignation","MentalFortress"],"picked":"SKIP","floor":40.0},{"not_picked":["Alpha","Prostrate","Worship","FlyingSleeves+1"],"picked":"SKIP","floor":42},{"not_picked":["Indignation","WreathOfFlame","Crescendo","SignatureMove"],"picked":"SKIP","floor":44},{"not_picked":["ThirdEye+1","SashWhip","Evaluate","CutThroughFate"],"picked":"SKIP","floor":45},{"not_picked":["PathToVictory","JustLucky","FlurryOfBlows","FollowUp+1"],"picked":"SKIP","floor":47},{"not_picked":["Crescendo+1","FlyingSleeves","Adaptation"],"picked":"Devotion","floor":48}],"player_experience":2214559,"relics_obtained":[{"floor":7.0,"key":"PreservedInsect"},{"floor":9.0,"key":"Darkstone Periapt"},{"floor":10.0,"key":"Orichalcum"},{"floor":12.0,"key":"Pantograph"},{"floor":14.0,"key":"Regal Pillow"},{"floor":22.0,"key":"Bottled Lightning"},{"floor":23.0,"key":"MealTicket"},{"floor":23.0,"key":"Incense Burner"},{"floor":25.0,"key":"Pen Nib"},{"floor":25.0,"key":"Question Card"},{"floor":26.0,"key":"Damaru"},{"floor":27.0,"key":"Kunai"},{"floor":27.0,"key":"HornCleat"},{"floor":38.0,"key":"Potion Belt"},{"floor":40.0,"key":"Art of War"},{"floor":40.0,"key":"Blood Vial"},{"floor":42,"key":"Whetstone"},{"floor":42,"key":"Bottled Flame"},{"floor":45,"key":"Blue Candle"},{"floor":45,"key":"Bronze Scales"}],"event_choices":[{"damage_healed":0.0,"max_hp_gain":0.0,"max_hp_loss":0.0,"gold_gain":275.0,"event_name":"Golden Shrine","player_choice":"Desecrate","floor":3.0,"gold_loss":0.0,"damage_taken":0.0,"cards_obtained":["Regret"]},{"damage_healed":0.0,"max_hp_gain":0.0,"max_hp_loss":0.0,"gold_gain":0.0,"event_name":"Match and Keep!","player_choice":"0 cards matched","floor":21.0,"gold_loss":0.0,"damage_taken":0.0,"cards_obtained":[]},{"damage_healed":0.0,"max_hp_gain":0.0,"max_hp_loss":0.0,"gold_gain":0.0,"event_name":"Tomb of Lord Red Mask","player_choice":"Ignored","floor":36.0,"gold_loss":0.0,"damage_taken":0.0},{"damage_healed":0.0,"max_hp_gain":0.0,"max_hp_loss":0.0,"gold_gain":0.0,"event_name":"Lab","player_choice":"Got Potions","floor":37.0,"gold_loss":0.0,"damage_taken":0.0},{"damage_healed":0.0,"max_hp_gain":0.0,"max_hp_loss":0.0,"gold_gain":0.0,"event_name":"WeMeetAgain","player_choice":"Paid Gold","floor":41.0,"gold_loss":51.0,"damage_taken":0.0,"relics_obtained":["Ice Cream"]}],"is_beta":false,"boss_relics":[{"not_picked":["Coffee Dripper","Fusion Hammer"],"picked":"Black Star"},{"not_picked":["Tiny House","Philosopher\u0027s Stone"],"picked":"Pandora\u0027s Box"}],"items_purged_floors":[5],"is_endless":false,"potions_floor_spawned":[2,7,11,20,23,28,30,33,40,47],"killed_by":"Awakened One","ascension_level":20}