{"gold_per_floor":[14,14,14,34,34,34,58,92,115,115,150,150,174,7,7,100,100,121,140,163,163,181,181,181],"floor_reached":24,"playtime":18475,"items_purged":[],"score":512,"play_id":"6c618bb5-1670-4a70-9e3c-3d310192b027","local_time":"20230325220856","is_ascension_mode":true,"campfire_choices":[{"data":"1","floor":6,"key":"LIFT"},{"data":"2","floor":10,"key":"LIFT"},{"data":"3","floor":15,"key":"LIFT"},{"floor":23,"key":"REST"}],"neow_cost":"NO_GOLD","seed_source_timestamp":114957932082000,"circlet_count":0,"master_deck":["AscendersBane","Strike_P","Strike_P","Strike_P","Strike_P","Defend_P","Defend_P","Defend_P","Eruption+1","Vigilance","FollowUp","Injury","DeceiveReality","Collect","SashWhip","Wallop","BattleHymn","CutThroughFate","Establishment","Worship","Collect+1","Protect"],"relics":["PureWater","Girya","Golden Idol","Oddly Smooth Stone","Omamori","Mercury Hourglass","Chemical X","SlaversCollar"],"potions_floor_usage":[11,22,22],"damage_taken":[{"damage":6,"enemies":"Jaw Worm","floor":1,"turns":5},{"damage":2,"enemies":"Cultist","floor":4,"turns":3},{"damage":0,"enemies":"2 Louse","floor":7,"turns":2},{"damage":35,"enemies":"Lagavulin","floor":8,"turns":5},{"damage":16,"enemies":"Gremlin Nob","floor":11,"turns":3},{"damage":6,"enemies":"Lots of Slimes","floor":13,"turns":3},{"damage":0,"enemies":"Slime Boss","floor":16,"turns":6},{"damage":12,"enemies":"Chosen","floor":18,"turns":4},{"damage":15,"enemies":"3 Byrds","floor":19,"turns":5},{"damage":5,"enemies":"3 Cultists","floor":20,"turns":5},{"damage":15,"enemies":"Snake Plant","floor":22,"turns":4},{"damage":30,"enemies":"Gremlin Leader","floor":24,"turns":4}],"seed_played":"2559078681879396904","potions_obtained":[{"floor":8,"key":"SteroidPotion"},{"floor":11,"key":"Ancient Potion"},{"floor":18,"key":"FearPotion"},{"floor":21,"key":"DistilledChaos"}],"is_trial":false,"path_per_floor":["M","?","?","M","?","R","M","E","T","R","E","?","M","$","R","B",null,"M","M","M","?","M","R","E"],"character_chosen":"WATCHER","items_purchased":["Chemical X"],"campfire_rested":1,"item_purchase_floors":[14],"current_hp_per_floor":[55,55,55,53,58,58,58,23,23,23,7,7,1,1,1,1,55,43,28,23,23,8,29,0],"gold":181,"neow_bonus":"ONE_RARE_RELIC","is_prod":false,"is_daily":false,"chose_seed":false,"campfire_upgraded":0,"win_rate":0,"timestamp":1679778536,"path_taken":["M","?","?","?","?","R","M","E","T","R","E","?","M","$","R","BOSS","M","?","?","?","?","R","E"],"build_version":"2022-12-18","purchased_purges":0,"victory":false,"max_hp_per_floor":[68,68,68,68,73,73,73,73,73,73,73,73,73,73,73,73,73,73,73,73,73,73,73,73],"card_choices":[{"not_picked":["ClearTheMind","SandsOfTime"],"picked":"FollowUp","floor":1},{"not_picked":["FollowUp","Fasting2"],"picked":"Collect","floor":4},{"not_picked":["SignatureMove","ClearTheMind"],"picked":"SashWhip","floor":7},{"not_picked":["Pray","CutThroughFate"],"picked":"Wallop","floor":8},{"not_picked":["ForeignInfluence","DeusExMachina"],"picked":"BattleHymn","floor":11},{"not_picked":["JustLucky","Prostrate"],"picked":"CutThroughFate","floor":13},{"not_picked":["Judgement","Omniscience"],"picked":"Establishment","floor":16},{"not_picked":["BowlingBash","Swivel","Prostrate"],"picked":"SKIP","floor":18},{"not_picked":["EmptyBody","Perseverance+1"],"picked":"Worship","floor":19},{"not_picked":["Wallop","ClearTheMind"],"picked":"Collect+1","floor":20},{"not_picked":["EmptyFist","BowlingBash"],"picked":"Protect","floor":22}],"player_experience":2261804,"relics_obtained":[{"floor":8,"key":"Oddly Smooth Stone"},{"floor":9,"key":"Omamori"},{"floor":11,"key":"Mercury Hourglass"}],"event_choices":[{"damage_healed":0,"gold_gain":0,"player_choice":"Take Wound","damage_taken":0,"relics_obtained":["Golden Idol"],"max_hp_gain":0,"max_hp_loss":0,"event_name":"Golden Idol","floor":2,"gold_loss":0,"cards_obtained":["Injury"]},{"damage_healed":0,"gold_gain":0,"cards_transformed":["Defend_P"],"player_choice":"Transformed","damage_taken":0,"max_hp_gain":0,"max_hp_loss":0,"event_name":"Transmorgrifier","floor":3,"gold_loss":0,"cards_obtained":["DeceiveReality"]},{"damage_healed":0,"gold_gain":0,"player_choice":"Donut","damage_taken":0,"max_hp_gain":5,"max_hp_loss":0,"event_name":"Big Fish","floor":5,"gold_loss":0},{"damage_healed":0,"gold_gain":0,"player_choice":"Upgraded","damage_taken":0,"max_hp_gain":0,"max_hp_loss":0,"event_name":"Upgrade Shrine","floor":12,"gold_loss":0,"cards_upgraded":["Eruption"]},{"damage_healed":0,"gold_gain":0,"player_choice":"Got Potions","damage_taken":0,"max_hp_gain":0,"max_hp_loss":0,"event_name":"Lab","floor":21,"gold_loss":0}],"is_beta":false,"boss_relics":[{"not_picked":["Runic Dome","Velvet Choker"],"picked":"SlaversCollar"}],"items_purged_floors":[],"is_endless":false,"potions_floor_spawned":[8,11,18],"killed_by":"Gremlin Leader","ascension_level":20}