{"gold_per_floor":[114,39,39,39,39,39,75,75,99,113,157,57,22,35,35,133,133,157,207,50,50,50,83,83,83,108,108,141,16,32,57,57,57],"floor_reached":33,"playtime":3810,"items_purged":["Strike_P","Defend_P","Strike_P"],"score":624,"play_id":"43b5c7bc-f3a2-41a2-add0-39a99357595f","local_time":"20230319163352","is_ascension_mode":true,"campfire_choices":[{"data":"PathToVictory","floor":6.0,"key":"SMITH"},{"floor":8.0,"key":"REST"},{"data":"PathToVictory","floor":15.0,"key":"SMITH"},{"floor":25,"key":"REST"},{"floor":27,"key":"REST"},{"floor":32,"key":"REST"}],"neow_cost":"NONE","seed_source_timestamp":165964229907200,"circlet_count":0,"master_deck":["AscendersBane","Strike_P+1","Defend_P","Defend_P","Defend_P","Eruption+1","Vigilance","PathToVictory+1","PathToVictory","CutThroughFate","Conclude","PathToVictory+1","Vault","Wireheading+1","Wallop","Nirvana"],"special_seed":0,"relics":["PureWater","NeowsBlessing","Omamori","Golden Idol","Toy Ornithopter","Lantern","TeardropLocket","Cursed Key","Whetstone","Necronomicon","Bronze Scales","Art of War","Anchor"],"potions_floor_usage":[23],"damage_taken":[{"damage":0.0,"enemies":"2 Louse","floor":1.0,"turns":1.0},{"damage":0.0,"enemies":"3 Sentries","floor":7.0,"turns":2.0},{"damage":0.0,"enemies":"Small Slimes","floor":10.0,"turns":1.0},{"damage":14.0,"enemies":"Lagavulin","floor":11.0,"turns":5.0},{"damage":0.0,"enemies":"Jaw Worm","floor":14.0,"turns":1.0},{"damage":21.0,"enemies":"Hexaghost","floor":16.0,"turns":5.0},{"damage":8,"enemies":"Shell Parasite","floor":18,"turns":3},{"damage":17,"enemies":"Book of Stabbing","floor":23,"turns":4},{"damage":21,"enemies":"Slavers","floor":28,"turns":4},{"damage":0,"enemies":"Chosen","floor":30,"turns":2},{"damage":0,"enemies":"Snecko","floor":31,"turns":2},{"damage":79,"enemies":"Automaton","floor":33,"turns":7}],"seed_played":"7853250162893017858","potions_obtained":[{"floor":7.0,"key":"Explosive Potion"},{"floor":18,"key":"PowerPotion"}],"is_trial":false,"path_per_floor":["M","$","?","?","?","R","E","R","T","M","E","$","?","M","R","B",null,"M","?","$","?","?","E","$","R","T","R","E","$","M","M","R","B"],"character_chosen":"WATCHER","items_purchased":["Whetstone"],"campfire_rested":4,"item_purchase_floors":[20],"current_hp_per_floor":[61,61,61,16,16,16,16,34,34,34,25,25,40,40,40,19,51,43,43,43,22,22,10,10,28,28,46,25,25,25,25,43,0],"gold":57,"neow_bonus":"THREE_ENEMY_KILL","is_prod":false,"is_daily":false,"chose_seed":false,"campfire_upgraded":2,"win_rate":0,"timestamp":1679240032,"path_taken":["M","$","?","?","?","R","E","R","T","?","E","$","?","M","R","BOSS","M","?","$","?","?","E","?","R","T","R","E","$","M","M","R","BOSS"],"build_version":"2022-12-18","purchased_purges":3,"victory":false,"max_hp_per_floor":[68,68,68,68,62,62,62,62,62,62,62,62,62,62,62,62,62,62,62,62,62,62,62,62,62,62,62,62,62,62,62,62,62],"card_choices":[{"not_picked":["Fasting2","Prostrate"],"picked":"PathToVictory","floor":1.0},{"not_picked":["CrushJoints","EmptyFist"],"picked":"PathToVictory","floor":7.0},{"not_picked":["Prostrate","Halt"],"picked":"CutThroughFate","floor":10.0},{"not_picked":["EmptyFist","MentalFortress"],"picked":"Conclude","floor":11.0},{"not_picked":["FlurryOfBlows","Protect"],"picked":"PathToVictory","floor":14.0},{"not_picked":["DevaForm","ConjureBlade"],"picked":"Vault","floor":16.0},{"not_picked":["FlurryOfBlows","ClearTheMind"],"picked":"Wireheading+1","floor":18},{"not_picked":["CrushJoints","Consecrate","CutThroughFate+1"],"picked":"SKIP","floor":23},{"not_picked":["Consecrate","BowlingBash"],"picked":"Wallop","floor":28},{"not_picked":["Prostrate","DeceiveReality"],"picked":"Nirvana","floor":30},{"not_picked":["BattleHymn","Conclude","Pray"],"picked":"SKIP","floor":31}],"player_experience":2248935,"relics_obtained":[{"floor":7.0,"key":"Toy Ornithopter"},{"floor":9.0,"key":"Lantern"},{"floor":11.0,"key":"TeardropLocket"},{"floor":21,"key":"Necronomicon"},{"floor":23,"key":"Bronze Scales"},{"floor":26,"key":"Art of War"},{"floor":28,"key":"Anchor"}],"event_choices":[{"cards_removed":["Strike_P"],"damage_healed":0.0,"max_hp_gain":0.0,"max_hp_loss":0.0,"gold_gain":0.0,"event_name":"Living Wall","player_choice":"Forget","floor":3.0,"gold_loss":0.0,"damage_taken":0.0},{"damage_healed":0.0,"max_hp_gain":0.0,"max_hp_loss":0.0,"gold_gain":0.0,"event_name":"Scrap Ooze","player_choice":"Success","floor":4.0,"gold_loss":0.0,"damage_taken":45.0,"relics_obtained":["Omamori"]},{"damage_healed":0.0,"max_hp_gain":0.0,"max_hp_loss":6.0,"gold_gain":0.0,"event_name":"Golden Idol","player_choice":"Lose Max HP","floor":5.0,"gold_loss":0.0,"damage_taken":0.0,"relics_obtained":["Golden Idol"]},{"damage_healed":15.0,"max_hp_gain":0.0,"max_hp_loss":0.0,"gold_gain":0.0,"event_name":"The Cleric","player_choice":"Healed","floor":13.0,"gold_loss":35.0,"damage_taken":0.0},{"damage_healed":0,"gold_gain":50,"player_choice":"Stole From Cult","damage_taken":0,"max_hp_gain":0,"max_hp_loss":0,"event_name":"Nest","floor":19,"gold_loss":0},{"damage_healed":0,"gold_gain":0,"player_choice":"Obtained Book","damage_taken":21,"max_hp_gain":0,"max_hp_loss":0,"event_name":"Cursed Tome","floor":21,"gold_loss":0},{"damage_healed":0,"gold_gain":0,"player_choice":"Ignored","damage_taken":0,"max_hp_gain":0,"max_hp_loss":0,"event_name":"Vampires","floor":22,"gold_loss":0}],"is_beta":false,"boss_relics":[{"not_picked":["Fusion Hammer","Ectoplasm"],"picked":"Cursed Key"}],"items_purged_floors":[2,12,29],"is_endless":false,"potions_floor_spawned":[7,18],"killed_by":"Automaton","ascension_level":20}