{"gold_per_floor":[112,112,126,142,142,142,196,196,196,209,10,55,55,91,91,187,187,250,250,250,263,263,263,25,25,94,115,115,162,162,102,102,102],"floor_reached":33,"playtime":1356,"items_purged":["Injury"],"score":656,"play_id":"ca5938de-ebeb-4d5f-80da-b8cbb7e8dc15","local_time":"20230405123624","is_ascension_mode":true,"campfire_choices":[{"data":"Eruption","floor":6,"key":"SMITH"},{"data":"Wish","floor":8,"key":"SMITH"},{"data":"CrushJoints","floor":15,"key":"SMITH"},{"floor":23,"key":"DIG"},{"floor":28,"key":"DIG"},{"floor":30,"key":"DIG"},{"floor":32,"key":"DIG"}],"neow_cost":"TEN_PERCENT_HP_LOSS","seed_source_timestamp":1044654123299200,"circlet_count":0,"master_deck":["AscendersBane","Strike_P+1","Strike_P+1","Strike_P+1","Strike_P+1","Defend_P+1","Defend_P+1","Defend_P+1","Eruption+1","Vigilance","Wish+1","Wireheading","FollowUp","FearNoEvil+1","CrushJoints+1","ForeignInfluence","Adaptation","Blasphemy","CurseOfTheBell","Evaluate+1","InnerPeace+1","Omniscience+1"],"relics":["PureWater","Bird Faced Urn","Gremlin Horn","Darkstone Periapt","Whetstone","Bloody Idol","Matryoshka","Calling Bell","CeramicFish","Toxic Egg 2","Shovel","Bag of Preparation","OrangePellets","Orichalcum","Boot","The Courier","Bottled Lightning","Gambling Chip","Oddly Smooth Stone"],"potions_floor_usage":[7,18,33],"damage_taken":[{"damage":7,"enemies":"Small Slimes","floor":1,"turns":7},{"damage":0,"enemies":"Cultist","floor":3,"turns":2},{"damage":6,"enemies":"2 Louse","floor":4,"turns":4},{"damage":0,"enemies":"Lagavulin","floor":7,"turns":4},{"damage":16,"enemies":"Exordium Wildlife","floor":10,"turns":5},{"damage":0,"enemies":"2 Fungi Beasts","floor":12,"turns":2},{"damage":5,"enemies":"3 Sentries","floor":14,"turns":7},{"damage":0,"enemies":"Slime Boss","floor":16,"turns":4},{"damage":17,"enemies":"3 Byrds","floor":18,"turns":4},{"damage":38,"enemies":"Chosen","floor":21,"turns":6},{"damage":8,"enemies":"Snake Plant","floor":27,"turns":3},{"damage":24,"enemies":"3 Cultists","floor":29,"turns":5},{"damage":78,"enemies":"Automaton","floor":33,"turns":8}],"seed_played":"-7905732043961555082","potions_obtained":[{"floor":4,"key":"ColorlessPotion"},{"floor":14,"key":"SkillPotion"},{"floor":27,"key":"Ancient Potion"},{"floor":29,"key":"Block Potion"}],"is_trial":false,"path_per_floor":["M","?","M","M","?","R","E","R","T","M","$","M","?","E","R","B",null,"M","?","?","M","?","R","$","?","T","M","R","M","R","$","R","B"],"character_chosen":"WATCHER","items_purchased":["Whetstone","ForeignInfluence","OrangePellets","Omniscience+1"],"campfire_rested":0,"item_purchase_floors":[11,11,24,31],"current_hp_per_floor":[54,54,54,48,41,41,43,43,43,29,29,29,35,32,32,36,66,51,66,66,37,37,37,37,37,42,46,46,36,36,41,41,0],"gold":102,"neow_bonus":"ONE_RARE_RELIC","is_prod":false,"is_daily":false,"chose_seed":false,"campfire_upgraded":3,"win_rate":0,"timestamp":1680690984,"path_taken":["M","?","M","?","?","R","E","R","T","M","$","M","?","E","R","BOSS","M","?","?","M","?","R","?","?","T","?","R","M","R","$","R","BOSS"],"build_version":"2022-12-18","purchased_purges":1,"victory":false,"max_hp_per_floor":[62,62,62,62,62,62,62,62,62,62,62,62,68,68,68,68,74,74,74,74,74,74,74,74,74,74,74,74,74,74,74,74,74],"card_choices":[{"not_picked":["CrushJoints","SandsOfTime"],"picked":"CutThroughFate","floor":1},{"not_picked":["ThirdEye","Evaluate"],"picked":"Wireheading","floor":3},{"not_picked":["Protect","ThirdEye"],"picked":"FollowUp","floor":4},{"not_picked":["Nirvana","Indignation"],"picked":"FearNoEvil","floor":7},{"not_picked":["FlyingSleeves","DevaForm"],"picked":"CrushJoints","floor":10},{"not_picked":["WindmillStrike","FlurryOfBlows"],"picked":"Adaptation","floor":12},{"not_picked":["FlyingSleeves","EmptyFist","CarveReality"],"picked":"SKIP","floor":14},{"not_picked":["Wish","Ragnarok"],"picked":"Blasphemy","floor":16},{"not_picked":["Protect+1","EmptyBody+1"],"picked":"Evaluate+1","floor":18},{"not_picked":["CarveReality","JustLucky","Prostrate+1"],"picked":"SKIP","floor":21},{"not_picked":["EmptyBody+1","Protect+1"],"picked":"InnerPeace+1","floor":27},{"not_picked":["FlurryOfBlows","EmptyFist","Prostrate+1"],"picked":"SKIP","floor":29}],"player_experience":2333819,"relics_obtained":[{"floor":7,"key":"Gremlin Horn"},{"floor":9,"key":"Darkstone Periapt"},{"floor":14,"key":"Matryoshka"},{"floor":17,"key":"CeramicFish"},{"floor":17,"key":"Toxic Egg 2"},{"floor":17,"key":"Shovel"},{"floor":23,"key":"Bag of Preparation"},{"floor":26,"key":"Boot"},{"floor":26,"key":"The Courier"},{"floor":28,"key":"Bottled Lightning"},{"floor":30,"key":"Gambling Chip"},{"floor":32,"key":"Oddly Smooth Stone"}],"event_choices":[{"damage_healed":0,"gold_gain":0,"player_choice":"1 cards matched","damage_taken":0,"max_hp_gain":0,"max_hp_loss":0,"event_name":"Match and Keep!","floor":2,"gold_loss":0,"cards_obtained":["Wish"]},{"cards_removed":["Defend_P"],"damage_healed":0,"gold_gain":0,"player_choice":"Card Removal","damage_taken":7,"max_hp_gain":0,"max_hp_loss":0,"event_name":"Golden Wing","floor":5,"gold_loss":0},{"damage_healed":0,"gold_gain":0,"player_choice":"Take Wound","damage_taken":0,"relics_obtained":["Golden Idol"],"max_hp_gain":0,"max_hp_loss":0,"event_name":"Golden Idol","floor":13,"gold_loss":0,"cards_obtained":["Injury"]},{"damage_healed":15,"gold_gain":0,"player_choice":"Heal","damage_taken":0,"max_hp_gain":0,"max_hp_loss":0,"event_name":"The Library","floor":19,"gold_loss":0},{"damage_healed":0,"gold_gain":0,"player_choice":"Gave Idol","damage_taken":0,"relics_obtained":["Bloody Idol"],"max_hp_gain":0,"max_hp_loss":0,"event_name":"Forgotten Altar","floor":20,"relics_lost":["Golden Idol"],"gold_loss":0},{"damage_healed":0,"gold_gain":0,"player_choice":"Simplicity","damage_taken":0,"max_hp_gain":0,"max_hp_loss":0,"event_name":"Back to Basics","floor":22,"gold_loss":0,"cards_upgraded":["Strike_P","Strike_P","Strike_P","Strike_P","Defend_P","Defend_P","Defend_P"]},{"cards_removed":["CutThroughFate"],"damage_healed":0,"gold_gain":0,"player_choice":"Gave Card","damage_taken":0,"relics_obtained":["Orichalcum"],"max_hp_gain":0,"max_hp_loss":0,"event_name":"WeMeetAgain","floor":25,"gold_loss":0}],"is_beta":false,"boss_relics":[{"not_picked":["Philosopher\u0027s Stone","Runic Dome"],"picked":"Calling Bell"}],"items_purged_floors":[24],"is_endless":false,"potions_floor_spawned":[4,14,27,29],"killed_by":"Automaton","ascension_level":20}