{"gold_per_floor":[369,369,369,44,62,62,95,95,118,147,161,86,101,133,133,211,211,230,230,230],"floor_reached":20,"playtime":647,"items_purged":["Defend_P"],"score":380,"play_id":"075a4b4a-71fa-485c-b0e6-974de8f42f8b","local_time":"20230401200621","is_ascension_mode":true,"campfire_choices":[{"data":"Eruption","floor":6,"key":"SMITH"},{"data":"ReachHeaven","floor":8,"key":"SMITH"},{"floor":15,"key":"REST"}],"neow_cost":"TEN_PERCENT_HP_LOSS","seed_source_timestamp":726750177542100,"circlet_count":0,"master_deck":["AscendersBane","Strike_P","Strike_P","Strike_P","Strike_P","Defend_P+1","Defend_P","Defend_P","Eruption+1","Vigilance","Prostrate+1","ReachHeaven+1","WheelKick","LikeWater","Indignation","Halt","Meditate","Establishment","FearNoEvil+1","Writhe"],"relics":["PureWater","Thread and Needle","Lizard Tail","Ancient Tea Set","War Paint","Toy Ornithopter","Pen Nib","Snecko Eye","Du-Vu Doll"],"potions_floor_usage":[14],"damage_taken":[{"damage":7,"enemies":"Small Slimes","floor":1,"turns":4},{"damage":0,"enemies":"2 Louse","floor":5,"turns":2},{"damage":12,"enemies":"Gremlin Nob","floor":7,"turns":3},{"damage":37,"enemies":"3 Sentries","floor":10,"turns":6},{"damage":3,"enemies":"Jaw Worm","floor":11,"turns":2},{"damage":5,"enemies":"2 Fungi Beasts","floor":13,"turns":2},{"damage":3,"enemies":"Lagavulin","floor":14,"turns":7},{"damage":15,"enemies":"The Guardian","floor":16,"turns":11},{"damage":0,"enemies":"Spheric Guardian","floor":18,"turns":2},{"damage":10,"enemies":"3 Byrds","floor":20,"turns":3}],"seed_played":"-4806692722357248025","potions_obtained":[{"floor":5,"key":"CultistPotion"},{"floor":11,"key":"DuplicationPotion"},{"floor":16,"key":"BottledMiracle"}],"is_trial":false,"path_per_floor":["M","?","?","$","M","R","E","R","T","E","M","$","M","E","R","B",null,"M","?","M"],"character_chosen":"WATCHER","items_purchased":["Lizard Tail"],"campfire_rested":1,"item_purchase_floors":[4],"current_hp_per_floor":[54,54,47,47,47,47,35,35,35,31,28,28,23,25,43,28,54,54,54,44],"gold":230,"neow_bonus":"TWO_FIFTY_GOLD","is_prod":false,"is_daily":false,"chose_seed":false,"campfire_upgraded":2,"win_rate":0,"timestamp":1680372381,"path_taken":["M","?","?","$","M","R","E","R","T","E","M","$","M","E","R","BOSS","M","?","M"],"build_version":"2022-12-18","purchased_purges":1,"victory":false,"max_hp_per_floor":[62,62,62,62,62,62,62,62,62,62,62,62,62,62,62,62,62,62,62,62],"card_choices":[{"not_picked":["JustLucky","Crescendo"],"picked":"Prostrate","floor":1},{"not_picked":["ClearTheMind","WreathOfFlame"],"picked":"ReachHeaven","floor":5},{"not_picked":["FlurryOfBlows","Judgement"],"picked":"WheelKick","floor":7},{"not_picked":["EmptyMind","JustLucky"],"picked":"LikeWater","floor":10},{"not_picked":["SashWhip","EmptyFist"],"picked":"Indignation","floor":11},{"not_picked":["FollowUp","BowlingBash"],"picked":"Halt","floor":13},{"not_picked":["Indignation","CarveReality"],"picked":"Meditate","floor":14},{"not_picked":["Judgement","Brilliance"],"picked":"Establishment","floor":16},{"not_picked":["FlyingSleeves","EmptyMind"],"picked":"FearNoEvil+1","floor":18}],"player_experience":2309232,"relics_obtained":[{"floor":7,"key":"Ancient Tea Set"},{"floor":9,"key":"War Paint"},{"floor":10,"key":"Toy Ornithopter"},{"floor":14,"key":"Pen Nib"}],"event_choices":[{"damage_healed":0,"gold_gain":0,"player_choice":"Box","damage_taken":0,"relics_obtained":["Thread and Needle"],"max_hp_gain":0,"max_hp_loss":0,"event_name":"Big Fish","floor":2,"gold_loss":0,"cards_obtained":["Regret"]},{"cards_removed":["Regret"],"damage_healed":0,"gold_gain":0,"player_choice":"Card Removal","damage_taken":7,"max_hp_gain":0,"max_hp_loss":0,"event_name":"Golden Wing","floor":3,"gold_loss":0},{"damage_healed":0,"gold_gain":0,"player_choice":"Opened","damage_taken":0,"relics_obtained":["Du-Vu Doll"],"max_hp_gain":0,"max_hp_loss":0,"event_name":"The Mausoleum","floor":19,"gold_loss":0,"cards_obtained":["Writhe"]}],"is_beta":false,"boss_relics":[{"not_picked":["Runic Dome","Empty Cage"],"picked":"Snecko Eye"}],"items_purged_floors":[12],"is_endless":false,"potions_floor_spawned":[5,11,13,16,18],"killed_by":"3 Byrds","ascension_level":20}