{"gold_per_floor":[119,132,207,217,142,168,168,93,170,150,166,196,211,49,49,127,127,141,151,174,185,185,185,217,217,243,158,158,183,217,49,49,126,126,138,38,77,77,87,87,121,121,121,162,210,260,41,41,41,41],"floor_reached":50,"playtime":1382,"items_purged":["Defend_P","Eruption"],"score":1294,"play_id":"a3722f68-c921-4660-8c94-24398bf46228","local_time":"20230403231533","is_ascension_mode":true,"campfire_choices":[{"data":"Devotion","floor":7.0,"key":"SMITH"},{"floor":15.0,"key":"REST"},{"floor":23.0,"key":"REST"},{"data":"Vault","floor":25.0,"key":"SMITH"},{"floor":28.0,"key":"REST"},{"data":"Establishment","floor":32.0,"key":"SMITH"},{"floor":40,"key":"REST"},{"floor":42,"key":"REST"},{"floor":49,"key":"RECALL"}],"neow_cost":"NONE","seed_source_timestamp":910052788717400,"circlet_count":0,"master_deck":["AscendersBane","Defend_P","Defend_P","Vigilance","BattleHymn","InnerPeace","Devotion+1","Vault+1","WreathOfFlame","ForeignInfluence","Protect","Devotion+1","Brilliance","CurseOfTheBell","Prostrate","Bite","Bite","Bite","Bite+1","Bite+1","Establishment+1","Wish","Pray","MentalFortress+1","Meditate+1","Vault"],"special_seed":0,"relics":["PureWater","NeowsBlessing","Tiny Chest","Bottled Lightning","Bottled Tornado","DollysMirror","Calling Bell","Centennial Puzzle","TeardropLocket","Lizard Tail","Omamori","Whetstone","Bag of Preparation","Darkstone Periapt","Bronze Scales","Damaru","Happy Flower","Fusion Hammer","InkBottle","The Courier","CeramicFish","Nunchaku","PreservedInsect","Mummified Hand"],"potions_floor_usage":[39],"damage_taken":[{"damage":0.0,"enemies":"Cultist","floor":1.0,"turns":1.0},{"damage":0.0,"enemies":"Small Slimes","floor":2.0,"turns":1.0},{"damage":0.0,"enemies":"Jaw Worm","floor":4.0,"turns":1.0},{"damage":2.0,"enemies":"Lagavulin","floor":6.0,"turns":5.0},{"damage":0.0,"enemies":"Large Slime","floor":11.0,"turns":4.0},{"damage":16.0,"enemies":"Gremlin Nob","floor":12.0,"turns":3.0},{"damage":10.0,"enemies":"Red Slaver","floor":13.0,"turns":5.0},{"damage":18.0,"enemies":"Slime Boss","floor":16.0,"turns":6.0},{"damage":12.0,"enemies":"Shell Parasite","floor":18.0,"turns":4.0},{"damage":0.0,"enemies":"Spheric Guardian","floor":19.0,"turns":4.0},{"damage":43.0,"enemies":"Snake Plant","floor":21.0,"turns":5.0},{"damage":63.0,"enemies":"Slavers","floor":24.0,"turns":5.0},{"damage":4.0,"enemies":"Book of Stabbing","floor":30.0,"turns":3.0},{"damage":15,"enemies":"Automaton","floor":33,"turns":6},{"damage":2,"enemies":"3 Darklings","floor":35,"turns":4},{"damage":35,"enemies":"3 Shapes","floor":37,"turns":4},{"damage":6,"enemies":"Maw","floor":39,"turns":5},{"damage":22,"enemies":"Reptomancer","floor":41,"turns":5},{"damage":0,"enemies":"Giant Head","floor":44,"turns":5},{"damage":22,"enemies":"Nemesis","floor":46,"turns":5},{"damage":46,"enemies":"Awakened One","floor":50,"turns":5}],"seed_played":"-653468457270879743","potions_obtained":[{"floor":1.0,"key":"StancePotion"},{"floor":4.0,"key":"LiquidMemories"},{"floor":10.0,"key":"FairyPotion"},{"floor":11.0,"key":"Energy Potion"},{"floor":18.0,"key":"EssenceOfSteel"},{"floor":21.0,"key":"FearPotion"},{"floor":30.0,"key":"Weak Potion"},{"floor":37,"key":"FearPotion"},{"floor":39,"key":"SmokeBomb"},{"floor":44,"key":"Dexterity Potion"}],"is_trial":false,"path_per_floor":["M","M","?","M","?","E","R","$","T","?","M","E","M","$","R","B",null,"M","M","T","M","?","R","E","R","T","?","R","T","E","$","R","B",null,"M","$","M","?","M","R","E","R","T","E","T","E","$","?","R","B"],"character_chosen":"WATCHER","items_purchased":["DollysMirror","Happy Flower","Mummified Hand"],"campfire_rested":5,"item_purchase_floors":[14,31,47],"current_hp_per_floor":[61,61,50,50,50,48,48,48,48,48,48,32,22,22,42,24,57,45,45,45,2,2,16,13,13,13,13,27,27,28,28,28,30,43,47,47,16,16,26,40,33,47,47,47,47,27,27,27,27,0],"gold":41,"neow_bonus":"THREE_ENEMY_KILL","is_prod":false,"is_daily":false,"chose_seed":false,"campfire_upgraded":3,"win_rate":0,"timestamp":1680556533,"path_taken":["M","?","?","M","?","E","R","?","T","?","?","E","M","$","R","BOSS","M","M","?","?","?","R","E","R","T","?","R","?","E","$","R","BOSS","M","?","M","?","?","R","E","R","T","E","?","E","?","?","R","BOSS"],"build_version":"2022-12-18","purchased_purges":2,"victory":false,"max_hp_per_floor":[68,68,68,68,68,68,68,68,68,68,68,68,68,68,68,68,68,68,68,68,68,47,47,47,47,47,47,47,47,47,47,47,47,47,47,47,47,47,47,47,47,47,47,47,47,47,47,45,45,45],"card_choices":[{"not_picked":["MentalFortress","CutThroughFate"],"picked":"BattleHymn","floor":1.0},{"not_picked":["Crescendo","FollowUp"],"picked":"InnerPeace","floor":2.0},{"not_picked":["ReachHeaven","Prostrate"],"picked":"Devotion","floor":4.0},{"not_picked":["SashWhip","ReachHeaven"],"picked":"Vault","floor":6.0},{"not_picked":["Swivel","EmptyBody"],"picked":"WreathOfFlame","floor":11.0},{"not_picked":["Evaluate","PathToVictory"],"picked":"ForeignInfluence","floor":12.0},{"not_picked":["Swivel","Vengeance"],"picked":"Protect","floor":13.0},{"not_picked":["Establishment","Blasphemy"],"picked":"Brilliance","floor":16.0},{"not_picked":["JustLucky","EmptyFist","FlyingSleeves"],"picked":"SKIP","floor":18.0},{"not_picked":["Vengeance","SandsOfTime","ReachHeaven"],"picked":"SKIP","floor":19.0},{"not_picked":["Fasting2","Tantrum"],"picked":"Prostrate","floor":21.0},{"not_picked":["LikeWater","FearNoEvil"],"picked":"Establishment","floor":24.0},{"not_picked":["BowlingBash","SashWhip","Halt"],"picked":"SKIP","floor":30.0},{"not_picked":["Alpha","LessonLearned"],"picked":"Wish","floor":33},{"not_picked":["CutThroughFate","JustLucky+1"],"picked":"Pray","floor":35},{"not_picked":["Evaluate","Crescendo"],"picked":"MentalFortress+1","floor":37},{"not_picked":["CrushJoints+1","Collect","Sanctity"],"picked":"SKIP","floor":39},{"not_picked":["Prostrate","FollowUp+1"],"picked":"Meditate+1","floor":41},{"not_picked":["Protect","Tantrum+1"],"picked":"Vault","floor":44},{"not_picked":["Worship","SandsOfTime+1","TalkToTheHand+1"],"picked":"SKIP","floor":46}],"player_experience":2321504,"relics_obtained":[{"floor":6.0,"key":"Tiny Chest"},{"floor":9.0,"key":"Bottled Lightning"},{"floor":12.0,"key":"Bottled Tornado"},{"floor":17.0,"key":"Centennial Puzzle"},{"floor":17.0,"key":"TeardropLocket"},{"floor":17.0,"key":"Lizard Tail"},{"floor":20.0,"key":"Omamori"},{"floor":24.0,"key":"Whetstone"},{"floor":26.0,"key":"Bag of Preparation"},{"floor":29.0,"key":"Bronze Scales"},{"floor":30.0,"key":"Damaru"},{"floor":41,"key":"The Courier"},{"floor":44,"key":"CeramicFish"},{"floor":45,"key":"Nunchaku"},{"floor":46,"key":"PreservedInsect"}],"event_choices":[{"damage_healed":0.0,"max_hp_gain":0.0,"max_hp_loss":0.0,"gold_gain":75.0,"event_name":"World of Goop","player_choice":"Gather Gold","floor":3.0,"gold_loss":0.0,"damage_taken":11.0},{"cards_removed":["Defend_P"],"damage_healed":0.0,"max_hp_gain":0.0,"max_hp_loss":0.0,"gold_gain":0.0,"event_name":"The Cleric","player_choice":"Card Removal","floor":5.0,"gold_loss":75.0,"damage_taken":0.0},{"damage_healed":0.0,"max_hp_gain":0.0,"max_hp_loss":0.0,"gold_gain":0.0,"event_name":"The Woman in Blue","player_choice":"Bought 1 Potion","floor":10.0,"gold_loss":0.0,"damage_taken":0.0},{"damage_healed":0.0,"max_hp_gain":0.0,"max_hp_loss":21.0,"gold_gain":0.0,"event_name":"Vampires","player_choice":"Became a vampire","floor":22.0,"gold_loss":0.0,"damage_taken":0.0,"cards_obtained":["Bite","Bite","Bite","Bite","Bite"]},{"damage_healed":0.0,"max_hp_gain":0.0,"max_hp_loss":0.0,"gold_gain":0.0,"event_name":"Addict","player_choice":"Obtained Relic","floor":27.0,"gold_loss":85.0,"damage_taken":0.0,"relics_obtained":["Darkstone Periapt"]},{"damage_healed":0,"gold_gain":0,"player_choice":"Gave Potion","damage_taken":0,"relics_obtained":["InkBottle"],"max_hp_gain":0,"max_hp_loss":0,"event_name":"WeMeetAgain","floor":38,"gold_loss":0},{"damage_healed":0,"gold_gain":0,"player_choice":"Max HP","damage_taken":0,"max_hp_gain":0,"max_hp_loss":2,"event_name":"Winding Halls","floor":48,"gold_loss":0}],"is_beta":false,"boss_relics":[{"not_picked":["Cursed Key","Velvet Choker"],"picked":"Calling Bell"},{"not_picked":["Philosopher\u0027s Stone","Pandora\u0027s Box"],"picked":"Fusion Hammer"}],"items_purged_floors":[8,36],"is_endless":false,"potions_floor_spawned":[1,4,11,12,18,21,30,37,39,44,46],"killed_by":"Awakened One","ascension_level":20}