{"gold_per_floor":[118,118,131,56,56,82,82,112,112,130,130,149,165,192,204,295,307,331,360,372,384,409,421,433],"floor_reached":24,"playtime":932,"items_purged":["Regret"],"score":432,"play_id":"203d73df-6b18-41ad-b5ef-6c951a2b87f2","local_time":"20230404121311","is_ascension_mode":true,"campfire_choices":[{"floor":7,"key":"REST"},{"data":"Alpha","floor":11,"key":"SMITH"},{"floor":15,"key":"REST"},{"floor":23,"key":"REST"}],"neow_cost":"NONE","seed_source_timestamp":957282163160000,"circlet_count":0,"master_deck":["AscendersBane","Vigilance","Alpha+1","TalkToTheHand","Judgement","Collect","Pray","Evaluate","Vault","EmptyFist","EmptyFist","BowlingBash","Pray","Halt","MentalFortress","WheelKick","Swivel+1","ThirdEye+1"],"relics":["PureWater","Mango","Anchor","Yang","Turnip","MawBank","Pandora\u0027s Box"],"potions_floor_usage":[12,16,16,24],"damage_taken":[{"damage":14,"enemies":"Small Slimes","floor":1,"turns":5},{"damage":8,"enemies":"Jaw Worm","floor":3,"turns":4},{"damage":30,"enemies":"Lagavulin","floor":6,"turns":7},{"damage":14,"enemies":"Gremlin Nob","floor":8,"turns":3},{"damage":2,"enemies":"Cultist","floor":10,"turns":4},{"damage":9,"enemies":"Lots of Slimes","floor":12,"turns":3},{"damage":0,"enemies":"2 Fungi Beasts","floor":13,"turns":3},{"damage":9,"enemies":"Lagavulin","floor":14,"turns":5},{"damage":23,"enemies":"The Guardian","floor":16,"turns":9},{"damage":17,"enemies":"2 Thieves","floor":18,"turns":5},{"damage":13,"enemies":"3 Byrds","floor":19,"turns":4},{"damage":34,"enemies":"Shelled Parasite and Fungi","floor":22,"turns":4},{"damage":26,"enemies":"Slavers","floor":24,"turns":3}],"seed_played":"-1027032650496583161","potions_obtained":[{"floor":8,"key":"Fire Potion"},{"floor":10,"key":"ColorlessPotion"},{"floor":12,"key":"SmokeBomb"},{"floor":13,"key":"Block Potion"},{"floor":18,"key":"BlessingOfTheForge"}],"is_trial":false,"path_per_floor":["M","?","M","$","?","E","R","E","T","M","R","M","M","E","R","B",null,"M","M","$","?","M","R","E"],"character_chosen":"WATCHER","items_purchased":[],"campfire_rested":3,"item_purchase_floors":[],"current_hp_per_floor":[47,61,53,53,53,23,47,33,33,31,31,22,22,13,37,14,65,48,35,35,35,1,25,0],"gold":433,"neow_bonus":"ONE_RANDOM_RARE_CARD","is_prod":false,"is_daily":false,"chose_seed":false,"campfire_upgraded":1,"win_rate":0,"timestamp":1680603191,"path_taken":["M","?","M","$","?","E","R","E","T","M","R","?","M","E","R","BOSS","M","M","?","?","M","R","E"],"build_version":"2022-12-18","purchased_purges":1,"victory":false,"max_hp_per_floor":[68,82,82,82,82,82,82,82,82,82,82,82,82,82,82,82,82,82,82,82,82,82,82,82],"card_choices":[{"not_picked":["Consecrate","FlurryOfBlows"],"picked":"TalkToTheHand","floor":1},{"not_picked":["Tantrum","Fasting2","Consecrate"],"picked":"SKIP","floor":3},{"not_picked":["Tantrum","Fasting2","Consecrate"],"picked":"SKIP","floor":3},{"not_picked":["FearNoEvil","CutThroughFate"],"picked":"Judgement","floor":6},{"not_picked":["ClearTheMind","WreathOfFlame"],"picked":"Collect","floor":8},{"not_picked":["Tantrum","SandsOfTime"],"picked":"Pray","floor":10},{"not_picked":["TalkToTheHand","CrushJoints","WheelKick"],"picked":"SKIP","floor":12},{"not_picked":["EmptyFist","CarveReality"],"picked":"Evaluate","floor":13},{"not_picked":["WreathOfFlame","JustLucky","MentalFortress"],"picked":"SKIP","floor":14},{"not_picked":["DeusExMachina","Establishment"],"picked":"Vault","floor":16},{"not_picked":["Prostrate","Halt"],"picked":"Swivel+1","floor":18},{"not_picked":["FlyingSleeves","DeceiveReality"],"picked":"ThirdEye+1","floor":19},{"not_picked":["ThirdEye","FlyingSleeves","Protect"],"picked":"SKIP","floor":22}],"player_experience":2322886,"relics_obtained":[{"floor":6,"key":"Anchor"},{"floor":8,"key":"Yang"},{"floor":9,"key":"Turnip"},{"floor":14,"key":"MawBank"}],"event_choices":[{"damage_healed":0,"gold_gain":0,"player_choice":"Box","damage_taken":0,"relics_obtained":["Mango"],"max_hp_gain":0,"max_hp_loss":0,"event_name":"Big Fish","floor":2,"gold_loss":0,"cards_obtained":["Regret"]},{"cards_removed":["Strike_P"],"damage_healed":0,"gold_gain":0,"player_choice":"Card Removal","damage_taken":0,"max_hp_gain":0,"max_hp_loss":0,"event_name":"Wheel of Change","floor":5,"gold_loss":0},{"cards_removed":["Eruption"],"damage_healed":0,"gold_gain":0,"player_choice":"Elegance","damage_taken":0,"max_hp_gain":0,"max_hp_loss":0,"event_name":"Back to Basics","floor":21,"gold_loss":0}],"is_beta":false,"boss_relics":[{"not_picked":["SlaversCollar","SacredBark"],"picked":"Pandora\u0027s Box"}],"items_purged_floors":[4],"is_endless":false,"potions_floor_spawned":[8,10,12,13,14,18],"killed_by":"Slavers","ascension_level":20}