{"gold_per_floor":[111,127,140,140,159,186,186,214,214,231,231,231,247,281,281,358,358,373,373,391,2,14,14,14],"floor_reached":24,"playtime":784,"items_purged":["Defend_P"],"score":540,"play_id":"5cd223a2-f11d-45eb-bcbf-e6948bf6f811","local_time":"20230403222337","is_ascension_mode":true,"campfire_choices":[{"floor":7,"key":"REST"},{"floor":15,"key":"REST"},{"floor":23,"key":"REST"}],"neow_cost":"NONE","seed_source_timestamp":907655120239800,"circlet_count":0,"master_deck":["AscendersBane","Strike_P","Strike_P","Strike_P","Strike_P","Defend_P","Defend_P","Defend_P+1","Eruption","Vigilance","FlyingSleeves","Vault","CrushJoints","Consecrate","FearNoEvil","EmptyMind","LessonLearned","Evaluate+1","WreathOfFlame+1","Collect+1","DeusExMachina+1","BowlingBash","WheelKick","Study+1"],"relics":["SlaversCollar","Dream Catcher","Frozen Egg 2","Toxic Egg 2","StrikeDummy","Cursed Key","Membership Card","Oddly Smooth Stone","Damaru"],"potions_floor_usage":[4,16,16,20,22,22],"damage_taken":[{"damage":5,"enemies":"Small Slimes","floor":1,"turns":5},{"damage":0,"enemies":"Jaw Worm","floor":2,"turns":5},{"damage":2,"enemies":"2 Louse","floor":3,"turns":3},{"damage":0,"enemies":"Gremlin Gang","floor":4,"turns":1},{"damage":21,"enemies":"Lots of Slimes","floor":5,"turns":6},{"damage":25,"enemies":"Lagavulin","floor":6,"turns":7},{"damage":7,"enemies":"3 Sentries","floor":8,"turns":6},{"damage":3,"enemies":"Large Slime","floor":10,"turns":6},{"damage":0,"enemies":"2 Fungi Beasts","floor":13,"turns":3},{"damage":1,"enemies":"Gremlin Nob","floor":14,"turns":4},{"damage":0,"enemies":"Slime Boss","floor":16,"turns":6},{"damage":16,"enemies":"Spheric Guardian","floor":18,"turns":6},{"damage":25,"enemies":"Shell Parasite","floor":20,"turns":5},{"damage":12,"enemies":"Centurion and Healer","floor":22,"turns":3},{"damage":28,"enemies":"Snecko","floor":24,"turns":3}],"seed_played":"2002236119013726227","potions_obtained":[{"floor":3,"key":"SmokeBomb"},{"floor":8,"key":"DuplicationPotion"},{"floor":13,"key":"SpeedPotion"},{"floor":14,"key":"StancePotion"},{"floor":16,"key":"FearPotion"},{"floor":18,"key":"DuplicationPotion"},{"floor":20,"key":"StancePotion"},{"floor":22,"key":"PowerPotion"}],"is_trial":false,"path_per_floor":["M","M","M","M","M","E","R","E","T","M","?","?","M","E","R","B",null,"M","?","M","$","M","R","M"],"character_chosen":"WATCHER","items_purchased":["Membership Card","Oddly Smooth Stone","Damaru","WheelKick"],"campfire_rested":3,"item_purchase_floors":[21,21,21,21],"current_hp_per_floor":[56,56,54,54,33,8,28,21,21,18,18,18,18,17,37,37,60,44,44,19,19,7,27,0],"gold":14,"neow_bonus":"BOSS_RELIC","is_prod":false,"is_daily":false,"chose_seed":false,"campfire_upgraded":0,"win_rate":0,"timestamp":1680553417,"path_taken":["M","M","M","M","M","E","R","E","T","M","?","?","M","E","R","BOSS","M","?","?","?","M","R","M"],"build_version":"2022-12-18","purchased_purges":1,"victory":false,"max_hp_per_floor":[68,68,68,68,68,68,68,68,68,68,68,68,68,68,68,68,68,68,68,68,68,68,68,68],"card_choices":[{"not_picked":["ThirdEye","ClearTheMind"],"picked":"FlyingSleeves","floor":1},{"not_picked":["Prostrate","EmptyBody"],"picked":"Vault","floor":2},{"not_picked":["JustLucky","Sanctity"],"picked":"CrushJoints","floor":3},{"not_picked":["EmptyBody","SignatureMove"],"picked":"Consecrate","floor":5},{"not_picked":["JustLucky","TalkToTheHand"],"picked":"FearNoEvil","floor":6},{"not_picked":["JustLucky","CutThroughFate"],"picked":"EmptyMind","floor":7},{"not_picked":["PathToVictory","Alpha"],"picked":"LessonLearned","floor":8},{"not_picked":["Perseverance+1","Crescendo+1"],"picked":"Evaluate+1","floor":10},{"not_picked":["PathToVictory+1","Alpha+1","SignatureMove"],"picked":"SKIP","floor":13},{"not_picked":["BowlingBash","Protect+1"],"picked":"WreathOfFlame+1","floor":14},{"not_picked":["ClearTheMind+1","JustLucky"],"picked":"Collect+1","floor":15},{"not_picked":["ConjureBlade+1","Ragnarok"],"picked":"DeusExMachina+1","floor":16},{"not_picked":["SashWhip","EmptyBody+1"],"picked":"BowlingBash","floor":18},{"not_picked":["ClearTheMind+1","FlyingSleeves","CrushJoints"],"picked":"SKIP","floor":20},{"not_picked":["ThirdEye+1","DeusExMachina+1"],"picked":"Study+1","floor":22}],"player_experience":2319250,"relics_obtained":[{"floor":6,"key":"Dream Catcher"},{"floor":8,"key":"Frozen Egg 2"},{"floor":9,"key":"Toxic Egg 2"},{"floor":14,"key":"StrikeDummy"}],"event_choices":[{"damage_healed":0,"gold_gain":0,"player_choice":"Ignored","damage_taken":0,"max_hp_gain":0,"max_hp_loss":0,"event_name":"Golden Idol","floor":11,"gold_loss":0},{"damage_healed":0,"gold_gain":0,"player_choice":"Ignored","damage_taken":0,"max_hp_gain":0,"max_hp_loss":0,"event_name":"Liars Game","floor":12,"gold_loss":0},{"damage_healed":0,"gold_gain":0,"player_choice":"Got Potions","damage_taken":0,"max_hp_gain":0,"max_hp_loss":0,"event_name":"Lab","floor":19,"gold_loss":0}],"is_beta":false,"boss_relics":[{"not_picked":["Ectoplasm","Runic Dome"],"picked":"Cursed Key"}],"items_purged_floors":[21],"is_endless":false,"potions_floor_spawned":[3,4,8,13,14,16,18,20,22],"killed_by":"Snecko","ascension_level":20}