{"gold_per_floor":[112,112,126,91,16,41,41,71,71,146,146,146,146,158,158,232,232,246,259,259,270,270],"floor_reached":22,"playtime":757,"items_purged":["Defend_P"],"score":434,"play_id":"f073f88b-e65c-4753-97ad-1d9592e89b89","local_time":"20230404173252","is_ascension_mode":true,"campfire_choices":[{"floor":7,"key":"REST"},{"data":"WreathOfFlame","floor":11,"key":"SMITH"},{"data":"Vault","floor":13,"key":"SMITH"},{"data":"Eruption","floor":15,"key":"SMITH"}],"neow_cost":"NONE","seed_source_timestamp":976640314290900,"circlet_count":0,"master_deck":["AscendersBane","Strike_P","Strike_P","Strike_P","Strike_P","Defend_P","Defend_P","Eruption+1","Vigilance","Vault+1","CrushJoints","Evaluate","Tantrum","WreathOfFlame+1","ClearTheMind","TalkToTheHand","Devotion","LikeWater","Eruption","Vault"],"relics":["PureWater","Gambling Chip","Gambling Chip","SlaversCollar"],"potions_floor_usage":[6,21],"damage_taken":[{"damage":11,"enemies":"Small Slimes","floor":1,"turns":3},{"damage":9,"enemies":"2 Louse","floor":3,"turns":4},{"damage":31,"enemies":"Lagavulin","floor":6,"turns":8},{"damage":0,"enemies":"Gremlin Nob","floor":8,"turns":3},{"damage":0,"enemies":"Jaw Worm","floor":14,"turns":2},{"damage":38,"enemies":"The Guardian","floor":16,"turns":11},{"damage":0,"enemies":"Chosen","floor":18,"turns":3},{"damage":28,"enemies":"Shell Parasite","floor":19,"turns":6},{"damage":17,"enemies":"Snake Plant","floor":21,"turns":5},{"damage":13,"enemies":"Cultist and Chosen","floor":22,"turns":5}],"seed_played":"6685219054576294125","potions_obtained":[{"floor":3,"key":"LiquidMemories"},{"floor":8,"key":"BlessingOfTheForge"}],"is_trial":false,"path_per_floor":["M","?","M","?","$","E","R","E","T","?","R","?","R","M","R","B",null,"M","M","?","M","M"],"character_chosen":"WATCHER","basemod:card_modifiers":[null,null,null,null,null,null,null,null,null,null,null,null,null,null,null,null,null,null,null,null],"items_purchased":[],"campfire_rested":1,"item_purchase_floors":[],"current_hp_per_floor":[50,55,46,64,64,33,54,54,54,43,43,43,43,43,43,5,56,56,28,28,11,0],"gold":270,"neow_bonus":"ONE_RANDOM_RARE_CARD","is_prod":false,"is_daily":false,"chose_seed":false,"campfire_upgraded":3,"win_rate":0,"timestamp":1680622372,"path_taken":["M","?","M","?","?","E","R","E","T","?","R","?","R","M","R","BOSS","M","M","?","?","M"],"build_version":"2022-12-18","purchased_purges":1,"victory":false,"max_hp_per_floor":[68,73,73,73,73,73,73,73,73,73,73,73,73,73,73,73,73,73,73,73,73,73],"card_choices":[{"not_picked":["FlurryOfBlows","JustLucky"],"picked":"CrushJoints","floor":1},{"not_picked":["PathToVictory","JustLucky"],"picked":"Evaluate","floor":3},{"not_picked":["Evaluate","Sanctity"],"picked":"Tantrum","floor":6},{"not_picked":["Nirvana","SashWhip"],"picked":"WreathOfFlame","floor":8},{"not_picked":["Nirvana","Perseverance"],"picked":"TalkToTheHand","floor":14},{"not_picked":["Judgement","Vault"],"picked":"Devotion","floor":16},{"not_picked":["FlurryOfBlows","BowlingBash"],"picked":"LikeWater","floor":18},{"not_picked":["JustLucky+1","ReachHeaven","BowlingBash+1"],"picked":"SKIP","floor":19},{"not_picked":["JustLucky+1","EmptyBody"],"picked":"Vault","floor":21}],"player_experience":2326088,"relics_obtained":[{"floor":8,"key":"Gambling Chip"}],"event_choices":[{"damage_healed":0,"gold_gain":0,"player_choice":"Donut","damage_taken":0,"max_hp_gain":5,"max_hp_loss":0,"event_name":"Big Fish","floor":2,"gold_loss":0},{"damage_healed":18,"gold_gain":0,"player_choice":"Healed","damage_taken":0,"max_hp_gain":0,"max_hp_loss":0,"event_name":"The Cleric","floor":4,"gold_loss":35},{"damage_healed":0,"gold_gain":75,"player_choice":"Gather Gold","damage_taken":11,"max_hp_gain":0,"max_hp_loss":0,"event_name":"World of Goop","floor":10,"gold_loss":0},{"damage_healed":0,"gold_gain":0,"cards_transformed":["Defend_P"],"player_choice":"Change","damage_taken":0,"max_hp_gain":0,"max_hp_loss":0,"event_name":"Living Wall","floor":12,"gold_loss":0,"cards_obtained":["ClearTheMind"]},{"damage_healed":0,"gold_gain":0,"player_choice":"1 cards matched","damage_taken":0,"max_hp_gain":0,"max_hp_loss":0,"event_name":"Match and Keep!","floor":20,"gold_loss":0,"cards_obtained":["Eruption"]}],"is_beta":false,"boss_relics":[{"not_picked":["Philosopher\u0027s Stone","Pandora\u0027s Box"],"picked":"SlaversCollar"}],"items_purged_floors":[5],"is_endless":false,"potions_floor_spawned":[3,8],"killed_by":"Cultist and Chosen","ascension_level":20}