{"gold_per_floor":[418,436,436,436,361,361,388,398,423,423,438,438,17,50,50,123,123,134,134,49,69,69],"floor_reached":22,"playtime":812,"items_purged":[],"score":384,"play_id":"409e22e0-f293-4b17-ad90-2276f7237f1e","local_time":"20230406180301","is_ascension_mode":true,"campfire_choices":[{"data":"Eruption","floor":6,"key":"SMITH"},{"data":"Vigilance","floor":10,"key":"SMITH"},{"floor":12,"key":"REST"},{"data":"WindmillStrike","floor":15,"key":"SMITH"}],"neow_cost":"CURSE","seed_source_timestamp":1151197809854500,"circlet_count":0,"master_deck":["AscendersBane","Strike_P","Strike_P","Strike_P","Strike_P","Defend_P","Defend_P","Defend_P","Defend_P","Eruption+1","Vigilance+1","BowlingBash","Halt","Consecrate","EmptyBody","Omniscience","WindmillStrike+1","Blasphemy","TalkToTheHand"],"relics":["PureWater","Old Coin","Gambling Chip","Sundial","Omamori","TungstenRod","Orichalcum","Calling Bell","Bag of Marbles","InkBottle","Peace Pipe","Necronomicon","Nunchaku"],"potions_floor_usage":[14,16,22],"damage_taken":[{"damage":3,"enemies":"2 Louse","floor":1,"turns":2},{"damage":0,"enemies":"Jaw Worm","floor":2,"turns":3},{"damage":35,"enemies":"Gremlin Nob","floor":7,"turns":4},{"damage":2,"enemies":"Small Slimes","floor":8,"turns":4},{"damage":1,"enemies":"Blue Slaver","floor":11,"turns":4},{"damage":7,"enemies":"3 Sentries","floor":14,"turns":10},{"damage":10,"enemies":"Hexaghost","floor":16,"turns":9},{"damage":19,"enemies":"3 Byrds","floor":18,"turns":7},{"damage":12,"enemies":"Shell Parasite","floor":21,"turns":4},{"damage":16,"enemies":"Cultist and Chosen","floor":22,"turns":3}],"seed_played":"-8594598288120685416","potions_obtained":[{"floor":2,"key":"CultistPotion"},{"floor":7,"key":"EssenceOfSteel"},{"floor":21,"key":"Block Potion"}],"is_trial":false,"path_per_floor":["M","M","?","T","?","R","E","M","T","R","M","R","$","E","R","B",null,"M","?","?","M","M"],"character_chosen":"WATCHER","items_purchased":["TungstenRod","WindmillStrike"],"campfire_rested":1,"item_purchase_floors":[13,13],"current_hp_per_floor":[58,58,63,63,63,63,28,26,26,26,25,46,46,39,39,29,62,43,26,26,14,0],"gold":69,"neow_bonus":"ONE_RARE_RELIC","is_prod":false,"is_daily":false,"chose_seed":false,"campfire_upgraded":3,"win_rate":0,"timestamp":1680796981,"path_taken":["M","M","?","?","?","R","E","M","T","R","?","R","$","E","R","BOSS","M","?","?","?","M"],"build_version":"2022-12-18","purchased_purges":0,"victory":false,"max_hp_per_floor":[68,68,73,73,73,73,73,73,73,73,73,73,73,73,73,73,73,73,73,73,73,73],"card_choices":[{"not_picked":["SignatureMove","JustLucky"],"picked":"BowlingBash","floor":1},{"not_picked":["BowlingBash","Evaluate"],"picked":"Halt","floor":2},{"not_picked":["ThirdEye","FlurryOfBlows"],"picked":"Consecrate","floor":7},{"not_picked":["Consecrate","FollowUp"],"picked":"EmptyBody","floor":8},{"not_picked":["FearNoEvil","ClearTheMind"],"picked":"Omniscience","floor":11},{"not_picked":["Protect","PathToVictory","EmptyBody"],"picked":"SKIP","floor":14},{"not_picked":["Alpha","Wish"],"picked":"Blasphemy","floor":16},{"not_picked":["CutThroughFate","FlurryOfBlows"],"picked":"TalkToTheHand","floor":18},{"not_picked":["FollowUp","EmptyBody+1","CutThroughFate"],"picked":"SKIP","floor":21}],"player_experience":2340613,"relics_obtained":[{"floor":4,"key":"Gambling Chip"},{"floor":7,"key":"Sundial"},{"floor":9,"key":"Omamori"},{"floor":14,"key":"Orichalcum"},{"floor":17,"key":"Bag of Marbles"},{"floor":17,"key":"InkBottle"},{"floor":17,"key":"Peace Pipe"},{"floor":19,"key":"Necronomicon"}],"event_choices":[{"damage_healed":0,"gold_gain":0,"player_choice":"Donut","damage_taken":0,"max_hp_gain":5,"max_hp_loss":0,"event_name":"Big Fish","floor":3,"gold_loss":0},{"cards_removed":["Clumsy"],"damage_healed":0,"gold_gain":0,"player_choice":"Card Removal","damage_taken":0,"max_hp_gain":0,"max_hp_loss":0,"event_name":"The Cleric","floor":5,"gold_loss":75},{"damage_healed":0,"gold_gain":0,"player_choice":"Obtained Book","damage_taken":21,"max_hp_gain":0,"max_hp_loss":0,"event_name":"Cursed Tome","floor":19,"gold_loss":0},{"damage_healed":0,"gold_gain":0,"player_choice":"Obtained Relic","damage_taken":0,"relics_obtained":["Nunchaku"],"max_hp_gain":0,"max_hp_loss":0,"event_name":"Addict","floor":20,"gold_loss":85}],"is_beta":false,"boss_relics":[{"not_picked":["Astrolabe","Ectoplasm"],"picked":"Calling Bell"}],"items_purged_floors":[],"is_endless":false,"potions_floor_spawned":[2,7,21],"killed_by":"Cultist and Chosen","ascension_level":20}