{"gold_per_floor":[114,114,114,114,2,46,46,85,85,85,128,148,182,200,200,291,291,315,315,240,290,313,313,347,53,53,53,53,71,71,89,89,184,184,200,231,231,231,251,251,265,265,265,300,314,314,353,372,372,372,372],"floor_reached":51,"playtime":4635,"items_purged":["Defend_P","Defend_P"],"score":1748,"play_id":"3590e4e5-9f88-46a0-9030-23bb8e8eefab","local_time":"20230408195102","is_ascension_mode":true,"campfire_choices":[{"data":"Eruption","floor":7,"key":"SMITH"},{"data":"Pray","floor":10,"key":"SMITH"},{"data":"Devotion","floor":15,"key":"SMITH"},{"floor":23,"key":"DIG"},{"floor":27,"key":"DIG"},{"floor":30,"key":"DIG"},{"floor":32,"key":"DIG"},{"floor":40,"key":"DIG"},{"floor":42,"key":"DIG"},{"floor":49,"key":"RECALL"}],"neow_cost":"NONE","seed_source_timestamp":15404554120100,"circlet_count":0,"master_deck":["AscendersBane","Strike_P","Strike_P","Strike_P","Eruption+1","Vigilance","MentalFortress","Pray+1","Perseverance","Evaluate+1","Adaptation","WheelKick","Devotion+1","DeceiveReality+1","Establishment","CurseOfTheBell","Worship+1","Ghostly+1","Ghostly+1","Ghostly+1","InnerPeace+1","Tantrum","MasterReality","Omniscience+1","FearNoEvil","CrushJoints","WheelKick+1","WheelKick+1","Parasite"],"relics":["HolyWater","NeowsBlessing","Golden Idol","MealTicket","Toxic Egg 2","Meat on the Bone","Nunchaku","StoneCalendar","Calling Bell","Centennial Puzzle","Eternal Feather","Shovel","InkBottle","Tiny Chest","Membership Card","Bag of Marbles","Pear","FossilizedHelix","Mercury Hourglass","Oddly Smooth Stone","Torii","Art of War","Regal Pillow","Mummified Hand","Girya","Kunai"],"potions_floor_usage":[11,16,45,47],"damage_taken":[{"damage":0,"enemies":"Cultist","floor":1,"turns":1},{"damage":0,"enemies":"3 Sentries","floor":6,"turns":1},{"damage":0,"enemies":"Lagavulin","floor":8,"turns":1},{"damage":38,"enemies":"3 Sentries","floor":11,"turns":13},{"damage":12,"enemies":"Jaw Worm","floor":12,"turns":3},{"damage":8,"enemies":"Lagavulin","floor":13,"turns":6},{"damage":12,"enemies":"2 Louse","floor":14,"turns":4},{"damage":4,"enemies":"The Guardian","floor":16,"turns":7},{"damage":35,"enemies":"3 Byrds","floor":18,"turns":6},{"damage":2,"enemies":"Shell Parasite","floor":22,"turns":7},{"damage":18,"enemies":"Book of Stabbing","floor":24,"turns":7},{"damage":14,"enemies":"Sentry and Sphere","floor":29,"turns":6},{"damage":13,"enemies":"Shelled Parasite and Fungi","floor":31,"turns":4},{"damage":0,"enemies":"Automaton","floor":33,"turns":9},{"damage":0,"enemies":"3 Shapes","floor":35,"turns":6},{"damage":0,"enemies":"Mind Bloom Boss Battle","floor":36,"turns":7},{"damage":22,"enemies":"3 Darklings","floor":39,"turns":5},{"damage":30,"enemies":"4 Shapes","floor":41,"turns":6},{"damage":0,"enemies":"Reptomancer","floor":44,"turns":7},{"damage":0,"enemies":"Sphere and 2 Shapes","floor":45,"turns":3},{"damage":0,"enemies":"Giant Head","floor":47,"turns":7},{"damage":0,"enemies":"Writhing Mass","floor":48,"turns":2},{"damage":34,"enemies":"Awakened One","floor":50,"turns":15},{"damage":27,"enemies":"Time Eater","floor":51,"turns":5}],"seed_played":"2401976720430009363","potions_obtained":[{"floor":6,"key":"DuplicationPotion"},{"floor":11,"key":"ColorlessPotion"},{"floor":16,"key":"StancePotion"},{"floor":29,"key":"FearPotion"},{"floor":45,"key":"SpeedPotion"}],"is_trial":false,"path_per_floor":["M","?","?","?","$","E","R","E","T","R","E","M","E","M","R","B",null,"M","?","?","?","M","R","E","$","T","R","?","M","R","M","R","B",null,"M","?","?","T","M","R","M","R","T","E","M","?","E","M","R","B","B"],"character_chosen":"WATCHER","items_purchased":["Pray","Membership Card","Bag of Marbles"],"campfire_rested":0,"item_purchase_floors":[5,25,25],"current_hp_per_floor":[61,61,61,61,61,61,61,61,61,61,35,35,39,39,39,35,55,32,31,31,31,29,31,25,31,41,41,41,27,39,26,38,38,40,40,40,40,40,30,41,23,38,38,38,38,38,38,38,41,19,0],"gold":372,"neow_bonus":"THREE_ENEMY_KILL","is_prod":false,"is_daily":false,"chose_seed":false,"campfire_upgraded":3,"win_rate":0,"timestamp":1680976262,"path_taken":["M","?","?","?","$","E","R","E","T","R","E","M","E","?","R","BOSS","M","?","?","?","M","R","E","$","T","R","?","M","R","M","R","BOSS","M","?","?","?","M","R","M","R","T","E","M","?","E","M","R","BOSS","BOSS"],"build_version":"2022-12-18","purchased_purges":2,"victory":false,"max_hp_per_floor":[68,62,62,62,62,62,62,62,62,62,62,62,62,62,62,62,62,62,31,31,31,31,31,31,31,41,41,41,41,41,41,41,41,41,41,41,41,41,41,41,41,41,41,41,41,41,41,41,41,41,41],"card_choices":[{"not_picked":["FlyingSleeves","SashWhip"],"picked":"MentalFortress","floor":1},{"not_picked":["Halt","ClearTheMind"],"picked":"Perseverance","floor":6},{"not_picked":["InnerPeace+1","Wireheading"],"picked":"Evaluate+1","floor":8},{"not_picked":["WheelKick","Swivel+1"],"picked":"Adaptation","floor":11},{"not_picked":["EmptyMind+1","PathToVictory+1"],"picked":"WheelKick","floor":12},{"not_picked":["Consecrate","EmptyFist"],"picked":"Devotion","floor":13},{"not_picked":["Crescendo+1","Weave"],"picked":"DeceiveReality+1","floor":14},{"not_picked":["MasterReality","Scrawl+1"],"picked":"Establishment","floor":16},{"not_picked":["Evaluate+1","Protect+1"],"picked":"Worship+1","floor":18},{"not_picked":["FollowUp","PathToVictory+1","ThirdEye+1"],"picked":"SKIP","floor":22},{"not_picked":["EmptyFist","Swivel+1"],"picked":"InnerPeace+1","floor":24},{"not_picked":["EmptyBody+1","JustLucky"],"picked":"Tantrum","floor":29},{"not_picked":["Evaluate+1","Wireheading"],"picked":"MasterReality","floor":31},{"not_picked":["LessonLearned","DevaForm"],"picked":"Omniscience+1","floor":33},{"not_picked":["ClearTheMind+1","Consecrate+1"],"picked":"CrushJoints","floor":35},{"not_picked":["PathToVictory+1","SandsOfTime"],"picked":"FearNoEvil","floor":36},{"not_picked":["LikeWater","Evaluate+1"],"picked":"CrushJoints","floor":39},{"not_picked":["BowlingBash","WaveOfTheHand+1"],"picked":"WheelKick+1","floor":41},{"not_picked":["JustLucky","Consecrate"],"picked":"WheelKick+1","floor":44},{"not_picked":["CutThroughFate","PathToVictory+1","Establishment"],"picked":"SKIP","floor":45},{"not_picked":["SashWhip","FearNoEvil","BowlingBash+1"],"picked":"SKIP","floor":47},{"not_picked":["CrushJoints","FollowUp","JustLucky"],"picked":"SKIP","floor":48}],"player_experience":2350519,"relics_obtained":[{"floor":6,"key":"MealTicket"},{"floor":8,"key":"Toxic Egg 2"},{"floor":9,"key":"Meat on the Bone"},{"floor":11,"key":"Nunchaku"},{"floor":13,"key":"StoneCalendar"},{"floor":17,"key":"Centennial Puzzle"},{"floor":17,"key":"Eternal Feather"},{"floor":17,"key":"Shovel"},{"floor":23,"key":"InkBottle"},{"floor":24,"key":"Tiny Chest"},{"floor":26,"key":"Pear"},{"floor":27,"key":"FossilizedHelix"},{"floor":30,"key":"Mercury Hourglass"},{"floor":32,"key":"Oddly Smooth Stone"},{"floor":36,"key":"Torii"},{"floor":40,"key":"Art of War"},{"floor":42,"key":"Regal Pillow"},{"floor":43,"key":"Mummified Hand"},{"floor":44,"key":"Girya"},{"floor":47,"key":"Kunai"}],"event_choices":[{"damage_healed":0,"gold_gain":0,"player_choice":"Lose Max HP","damage_taken":0,"relics_obtained":["Golden Idol"],"max_hp_gain":0,"max_hp_loss":6,"event_name":"Golden Idol","floor":2,"gold_loss":0},{"damage_healed":0,"gold_gain":0,"player_choice":"Ignored","damage_taken":0,"max_hp_gain":0,"max_hp_loss":0,"event_name":"Shining Light","floor":3,"gold_loss":0},{"cards_removed":["Defend_P"],"damage_healed":0,"gold_gain":0,"player_choice":"Offered Basic","damage_taken":0,"max_hp_gain":0,"max_hp_loss":0,"event_name":"Bonfire Elementals","floor":4,"gold_loss":0},{"damage_healed":0,"gold_gain":0,"player_choice":"Became a Ghost","damage_taken":0,"max_hp_gain":0,"max_hp_loss":31,"event_name":"Ghosts","floor":19,"gold_loss":0,"cards_obtained":["Ghostly","Ghostly","Ghostly"]},{"cards_removed":["Strike_P"],"damage_healed":0,"gold_gain":0,"player_choice":"Gave Gold","damage_taken":0,"max_hp_gain":0,"max_hp_loss":0,"event_name":"Beggar","floor":20,"gold_loss":75},{"damage_healed":0,"gold_gain":50,"player_choice":"Stole From Cult","damage_taken":0,"max_hp_gain":0,"max_hp_loss":0,"event_name":"Nest","floor":21,"gold_loss":0},{"cards_removed":["Defend_P"],"damage_healed":0,"gold_gain":0,"player_choice":"Elegance","damage_taken":0,"max_hp_gain":0,"max_hp_loss":0,"event_name":"Back to Basics","floor":28,"gold_loss":0},{"damage_healed":0,"gold_gain":0,"player_choice":"Fight","damage_taken":0,"max_hp_gain":0,"max_hp_loss":0,"event_name":"MindBloom","floor":36,"gold_loss":0},{"cards_removed":["CrushJoints"],"damage_healed":0,"gold_gain":0,"player_choice":"Removed Attack","damage_taken":0,"max_hp_gain":0,"max_hp_loss":0,"event_name":"Falling","floor":37,"gold_loss":0},{"damage_healed":0,"gold_gain":0,"player_choice":"Ignored","damage_taken":0,"max_hp_gain":0,"max_hp_loss":0,"event_name":"Tomb of Lord Red Mask","floor":46,"gold_loss":0}],"is_beta":false,"boss_relics":[{"not_picked":["SacredBark","Sozu"],"picked":"Calling Bell"},{"not_picked":["Empty Cage","Fusion Hammer"],"picked":"HolyWater"}],"items_purged_floors":[5,25],"is_endless":false,"potions_floor_spawned":[6,11,16,29,31,33,35,39,41,45],"killed_by":"Time Eater","ascension_level":20}