{"gold_per_floor":[115,115,128,148,168,199,199,218,242,268,268,268,278,293,293,293],"floor_reached":16,"playtime":542,"items_purged":[],"score":228,"play_id":"8ef50674-38ac-47e7-ac19-90badc200cf6","local_time":"20230406174811","is_ascension_mode":true,"campfire_choices":[{"floor":7,"key":"REST"},{"data":"Eruption","floor":11,"key":"SMITH"},{"data":"Ragnarok","floor":15,"key":"SMITH"}],"neow_cost":"CURSE","seed_source_timestamp":1150578461281600,"circlet_count":0,"master_deck":["AscendersBane","Strike_P","Strike_P","Strike_P","Strike_P","Defend_P","Defend_P","Defend_P","Defend_P","Eruption+1","Vigilance","Ragnarok+1","Prostrate","FearNoEvil","ThirdEye","Nirvana","LikeWater","Conclude","FlurryOfBlows","LikeWater","WaveOfTheHand"],"relics":["PureWater","Tiny Chest","Bag of Preparation","Oddly Smooth Stone"],"potions_floor_usage":[5,6,10,16],"damage_taken":[{"damage":2,"enemies":"2 Louse","floor":1,"turns":2},{"damage":8,"enemies":"Cultist","floor":3,"turns":6},{"damage":7,"enemies":"Jaw Worm","floor":4,"turns":2},{"damage":5,"enemies":"Large Slime","floor":5,"turns":3},{"damage":21,"enemies":"Gremlin Nob","floor":6,"turns":3},{"damage":8,"enemies":"2 Fungi Beasts","floor":8,"turns":5},{"damage":6,"enemies":"3 Sentries","floor":10,"turns":8},{"damage":11,"enemies":"Looter","floor":13,"turns":3},{"damage":1,"enemies":"Exordium Wildlife","floor":14,"turns":3},{"damage":14,"enemies":"Hexaghost","floor":16,"turns":9}],"seed_played":"2262930848681670893","potions_obtained":[{"floor":1,"key":"ColorlessPotion"},{"floor":4,"key":"StancePotion"},{"floor":5,"key":"DuplicationPotion"},{"floor":14,"key":"Strength Potion"}],"is_trial":false,"path_per_floor":["M","?","M","M","M","E","R","M","T","E","R","?","M","M","R","B"],"character_chosen":"WATCHER","items_purchased":[],"campfire_rested":1,"item_purchase_floors":[],"current_hp_per_floor":[59,59,51,44,39,18,37,29,29,23,23,23,12,11,11,0],"gold":293,"neow_bonus":"THREE_RARE_CARDS","is_prod":false,"is_daily":false,"chose_seed":false,"campfire_upgraded":2,"win_rate":0,"timestamp":1680796091,"path_taken":["M","?","?","M","M","E","R","M","T","E","R","?","M","M","R","BOSS"],"build_version":"2022-12-18","purchased_purges":0,"victory":false,"max_hp_per_floor":[68,65,65,65,65,65,65,65,65,65,65,65,65,65,65,65],"card_choices":[{"not_picked":["MasterReality","DevaForm"],"picked":"Ragnarok","floor":0},{"not_picked":["Evaluate","Halt"],"picked":"Prostrate","floor":1},{"not_picked":["CarveReality","SandsOfTime"],"picked":"FearNoEvil","floor":3},{"not_picked":["DeceiveReality","CrushJoints"],"picked":"ThirdEye","floor":4},{"not_picked":["FlyingSleeves","Wireheading"],"picked":"Nirvana","floor":5},{"not_picked":["Weave","FearNoEvil"],"picked":"LikeWater","floor":6},{"not_picked":["SashWhip","FlyingSleeves"],"picked":"Conclude","floor":8},{"not_picked":["SignatureMove","Wallop"],"picked":"FlurryOfBlows","floor":10},{"not_picked":["EmptyFist","CutThroughFate"],"picked":"LikeWater","floor":13},{"not_picked":["WreathOfFlame","Consecrate"],"picked":"WaveOfTheHand","floor":14}],"player_experience":2340071,"relics_obtained":[{"floor":6,"key":"Tiny Chest"},{"floor":9,"key":"Bag of Preparation"},{"floor":10,"key":"Oddly Smooth Stone"}],"event_choices":[{"cards_removed":["Parasite"],"damage_healed":0,"gold_gain":0,"player_choice":"Purged","damage_taken":0,"max_hp_gain":0,"max_hp_loss":0,"event_name":"Purifier","floor":2,"gold_loss":0},{"damage_healed":0,"gold_gain":0,"player_choice":"Ignored","damage_taken":0,"max_hp_gain":0,"max_hp_loss":0,"event_name":"Liars Game","floor":12,"gold_loss":0}],"is_beta":false,"boss_relics":[],"items_purged_floors":[],"is_endless":false,"potions_floor_spawned":[1,4,5,14],"killed_by":"Hexaghost","ascension_level":20}