{"gold_per_floor":[111,111,122,141,160,187,187,213,213,245,245,245,256,276,276,348,348,326,251,251,262,275,275,275,305,328,360,360,360,370,370],"floor_reached":31,"playtime":1551,"items_purged":[],"score":740,"play_id":"f485326d-1cea-4e2b-90b9-6ff6b443c307","local_time":"20230330181142","is_ascension_mode":true,"campfire_choices":[{"floor":7,"key":"REST"},{"floor":12,"key":"REST"},{"data":"Meditate","floor":15,"key":"SMITH"},{"floor":23,"key":"REST"},{"data":"RitualDagger","floor":28,"key":"SMITH"}],"neow_cost":"NONE","seed_source_timestamp":546165830531300,"circlet_count":0,"master_deck":["AscendersBane","Strike_P","Strike_P","Strike_P","Strike_P","Defend_P+1","Defend_P","Eruption+1","Vigilance+1","Tantrum","FearNoEvil","ThirdEye","JustLucky","Crescendo+1","LessonLearned+1","EmptyFist","Protect+1","Meditate+1","Evaluate","DevaForm","FearNoEvil","Evaluate","RitualDagger+1","Fasting2+1","Vengeance","Establishment"],"relics":["VioletLotus","Vajra","Darkstone Periapt","StrikeDummy","White Beast Statue","Yang","SacredBark","Singing Bowl","Lantern","Art of War"],"potions_floor_usage":[6,8,16,21,25,25,30,30],"damage_taken":[{"damage":2,"enemies":"2 Louse","floor":1,"turns":4},{"damage":0,"enemies":"Cultist","floor":3,"turns":2},{"damage":0,"enemies":"Small Slimes","floor":4,"turns":3},{"damage":10,"enemies":"Looter","floor":5,"turns":3},{"damage":28,"enemies":"3 Sentries","floor":6,"turns":14},{"damage":16,"enemies":"Gremlin Nob","floor":8,"turns":3},{"damage":20,"enemies":"3 Sentries","floor":10,"turns":5},{"damage":1,"enemies":"Exordium Thugs","floor":13,"turns":5},{"damage":0,"enemies":"2 Fungi Beasts","floor":14,"turns":4},{"damage":0,"enemies":"Slime Boss","floor":16,"turns":5},{"damage":10,"enemies":"2 Thieves","floor":18,"turns":4},{"damage":10,"enemies":"Spheric Guardian","floor":21,"turns":4},{"damage":1,"enemies":"Centurion and Healer","floor":22,"turns":5},{"damage":0,"enemies":"Slavers","floor":25,"turns":3},{"damage":17,"enemies":"Gremlin Leader","floor":27,"turns":6},{"damage":23,"enemies":"Chosen and Byrds","floor":30,"turns":6},{"damage":0,"enemies":"Slavers","floor":31,"turns":1}],"seed_played":"-490568314436776157","potions_obtained":[{"floor":4,"key":"SneckoOil"},{"floor":6,"key":"PowerPotion"},{"floor":10,"key":"Dexterity Potion"},{"floor":13,"key":"CultistPotion"},{"floor":16,"key":"Energy Potion"},{"floor":21,"key":"Swift Potion"},{"floor":25,"key":"SpeedPotion"},{"floor":27,"key":"SpeedPotion"},{"floor":29,"key":"Weak Potion"},{"floor":30,"key":"DuplicationPotion"}],"is_trial":false,"path_per_floor":["M","?","M","M","M","E","R","E","T","E","?","R","M","M","R","B",null,"M","?","?","M","M","R","?","E","T","E","R","?","M","E"],"character_chosen":"WATCHER","items_purchased":[],"campfire_rested":3,"item_purchase_floors":[],"current_hp_per_floor":[59,59,59,59,49,21,41,25,25,5,5,25,24,24,24,24,57,47,47,47,37,36,56,50,50,50,33,33,33,10,10],"gold":370,"neow_bonus":"BOSS_RELIC","is_prod":false,"is_daily":false,"chose_seed":false,"campfire_upgraded":2,"win_rate":0,"timestamp":1680192702,"path_taken":["M","?","?","M","M","E","R","E","T","E","?","R","M","M","R","BOSS","M","?","?","?","M","R","?","E","T","E","R","?","?","E"],"build_version":"2022-12-18","purchased_purges":0,"victory":false,"max_hp_per_floor":[68,68,68,68,68,68,68,68,68,68,68,68,68,68,68,68,68,68,68,68,68,68,68,68,68,68,68,68,68,68,68],"card_choices":[{"not_picked":["FollowUp","Halt"],"picked":"Tantrum","floor":1},{"not_picked":["Wallop","Worship"],"picked":"ThirdEye","floor":3},{"not_picked":["DeceiveReality","EmptyBody"],"picked":"JustLucky","floor":4},{"not_picked":["Worship","Pray"],"picked":"Crescendo","floor":5},{"not_picked":["FearNoEvil","ClearTheMind"],"picked":"LessonLearned","floor":6},{"not_picked":["JustLucky","FlyingSleeves"],"picked":"EmptyFist","floor":8},{"not_picked":["EmptyBody","FollowUp"],"picked":"Protect","floor":10},{"not_picked":["ThirdEye","FlyingSleeves"],"picked":"Meditate","floor":13},{"not_picked":["EmptyBody","PathToVictory"],"picked":"Evaluate","floor":14},{"not_picked":["Devotion","Alpha"],"picked":"DevaForm","floor":16},{"not_picked":["FlyingSleeves","BattleHymn","ForeignInfluence"],"picked":"SKIP","floor":18},{"not_picked":["PathToVictory","FlyingSleeves"],"picked":"Evaluate","floor":21},{"not_picked":["WindmillStrike","Consecrate","Perseverance"],"picked":"SKIP","floor":22},{"not_picked":["FollowUp","Vengeance"],"picked":"Fasting2","floor":25},{"not_picked":["Conclude","Consecrate"],"picked":"Vengeance","floor":27},{"not_picked":["EmptyBody","FlyingSleeves"],"picked":"Establishment","floor":30}],"player_experience":2304271,"relics_obtained":[{"floor":6,"key":"Vajra"},{"floor":8,"key":"Darkstone Periapt"},{"floor":9,"key":"StrikeDummy"},{"floor":10,"key":"White Beast Statue"},{"floor":25,"key":"Singing Bowl"},{"floor":26,"key":"Lantern"},{"floor":27,"key":"Art of War"}],"event_choices":[{"damage_healed":0,"gold_gain":0,"cards_transformed":["Defend_P"],"player_choice":"Transformed","damage_taken":0,"max_hp_gain":0,"max_hp_loss":0,"event_name":"Transmorgrifier","floor":2,"gold_loss":0,"cards_obtained":["FearNoEvil"]},{"damage_healed":0,"gold_gain":0,"player_choice":"Searched \u00272\u0027 times","damage_taken":0,"relics_obtained":["Yang"],"max_hp_gain":0,"max_hp_loss":0,"event_name":"Dead Adventurer","floor":11,"gold_loss":0},{"cards_removed":["Defend_P"],"damage_healed":0,"gold_gain":0,"player_choice":"Gave Gold","damage_taken":0,"max_hp_gain":0,"max_hp_loss":0,"event_name":"Beggar","floor":19,"gold_loss":75},{"damage_healed":0,"gold_gain":0,"player_choice":"Copied","damage_taken":0,"max_hp_gain":0,"max_hp_loss":0,"event_name":"Duplicator","floor":20,"gold_loss":0,"cards_obtained":["FearNoEvil"]},{"damage_healed":0,"gold_gain":0,"player_choice":"Joined the Cult","damage_taken":6,"max_hp_gain":0,"max_hp_loss":0,"event_name":"Nest","floor":24,"gold_loss":0,"cards_obtained":["RitualDagger"]},{"damage_healed":0,"gold_gain":0,"player_choice":"Got Potions","damage_taken":0,"max_hp_gain":0,"max_hp_loss":0,"event_name":"Lab","floor":29,"gold_loss":0}],"is_beta":false,"boss_relics":[{"not_picked":["Sozu","Velvet Choker"],"picked":"SacredBark"}],"items_purged_floors":[],"is_endless":false,"potions_floor_spawned":[4,6,10,13,14,16,18,21,22,25,27,30],"killed_by":"Slavers","ascension_level":20}