{"gold_per_floor":[113,126,145,145,26,26,51,51,51,51],"floor_reached":10,"playtime":301,"items_purged":[],"score":132,"play_id":"a356a7fc-dc84-4cad-af40-fd47514f9de5","local_time":"20230407002607","is_ascension_mode":true,"campfire_choices":[{"data":"Worship","floor":6,"key":"SMITH"}],"neow_cost":"NONE","seed_source_timestamp":1174696167676500,"circlet_count":0,"master_deck":["AscendersBane","Strike_P","Strike_P","Strike_P","Strike_P","Defend_P","Defend_P","Defend_P","Defend_P","Eruption","Vigilance","Worship+1","Nirvana","Pray","Weave","WreathOfFlame","Establishment"],"relics":["SacredBark","Meat on the Bone","InkBottle"],"potions_floor_usage":[3,7],"damage_taken":[{"damage":0,"enemies":"Cultist","floor":1,"turns":2},{"damage":4,"enemies":"Jaw Worm","floor":2,"turns":5},{"damage":13,"enemies":"2 Louse","floor":3,"turns":5},{"damage":62,"enemies":"3 Sentries","floor":7,"turns":10},{"damage":31,"enemies":"Gremlin Nob","floor":10,"turns":3}],"seed_played":"1772582357156266517","potions_obtained":[{"floor":1,"key":"Swift Potion"},{"floor":2,"key":"LiquidBronze"}],"is_trial":false,"path_per_floor":["M","M","M","?","$","R","E","?","T","E"],"character_chosen":"WATCHER","items_purchased":["Weave","WreathOfFlame"],"campfire_rested":0,"item_purchase_floors":[5,5],"current_hp_per_floor":[61,57,44,66,66,66,4,4,4,0],"gold":51,"neow_bonus":"BOSS_RELIC","is_prod":false,"is_daily":false,"chose_seed":false,"campfire_upgraded":1,"win_rate":0,"timestamp":1680819967,"path_taken":["M","M","M","?","$","R","E","?","T","E"],"build_version":"2022-12-18","purchased_purges":0,"victory":false,"max_hp_per_floor":[68,68,68,68,68,68,68,68,68,68],"card_choices":[{"not_picked":["SandsOfTime","FollowUp"],"picked":"Worship","floor":1},{"not_picked":["PathToVictory","JustLucky"],"picked":"Nirvana","floor":2},{"not_picked":["SashWhip","CutThroughFate"],"picked":"Pray","floor":3},{"not_picked":["BowlingBash","Prostrate"],"picked":"Establishment","floor":7}],"player_experience":2344122,"relics_obtained":[{"floor":7,"key":"Meat on the Bone"},{"floor":9,"key":"InkBottle"}],"event_choices":[{"damage_healed":22,"gold_gain":0,"player_choice":"Banana","damage_taken":0,"max_hp_gain":0,"max_hp_loss":0,"event_name":"Big Fish","floor":4,"gold_loss":0},{"damage_healed":0,"gold_gain":0,"player_choice":"Searched \u00270\u0027 times","damage_taken":0,"max_hp_gain":0,"max_hp_loss":0,"event_name":"Dead Adventurer","floor":8,"gold_loss":0}],"is_beta":false,"boss_relics":[],"items_purged_floors":[],"is_endless":false,"potions_floor_spawned":[1,2],"killed_by":"Gremlin Nob","ascension_level":20}