{"gold_per_floor":[20,31,46,58,58,58,98,98,98,98],"floor_reached":10,"playtime":783,"items_purged":[],"score":136,"play_id":"6d342580-f733-4fda-b98d-d115cda627c4","local_time":"20230410114457","is_ascension_mode":true,"campfire_choices":[{"floor":6,"key":"REST"}],"neow_cost":"NO_GOLD","seed_source_timestamp":162886998029500,"circlet_count":0,"master_deck":["AscendersBane","Strike_P","Strike_P","Strike_P","Strike_P","Defend_P","Defend_P","Eruption","Vigilance","ReachHeaven","Prostrate","Evaluate","Adaptation"],"relics":["PureWater","Golden Idol","MealTicket","Sundial"],"potions_floor_usage":[7,10],"damage_taken":[{"damage":7,"enemies":"2 Louse","floor":1,"turns":2},{"damage":7,"enemies":"Jaw Worm","floor":2,"turns":3},{"damage":6,"enemies":"Cultist","floor":3,"turns":3},{"damage":2,"enemies":"Exordium Wildlife","floor":4,"turns":3},{"damage":21,"enemies":"3 Sentries","floor":7,"turns":3},{"damage":21,"enemies":"Lagavulin","floor":10,"turns":4}],"seed_played":"-3074743865183111408","potions_obtained":[{"floor":1,"key":"Energy Potion"},{"floor":3,"key":"ColorlessPotion"}],"is_trial":false,"path_per_floor":["M","M","M","M","?","R","E","?","T","E"],"character_chosen":"WATCHER","items_purchased":[],"campfire_rested":1,"item_purchase_floors":[],"current_hp_per_floor":[54,47,41,39,16,36,15,15,15,0],"gold":98,"neow_bonus":"REMOVE_TWO","is_prod":false,"is_daily":false,"chose_seed":false,"campfire_upgraded":0,"win_rate":0,"timestamp":1681119897,"path_taken":["M","M","M","M","?","R","E","?","T","E"],"build_version":"2022-12-18","purchased_purges":0,"victory":false,"max_hp_per_floor":[68,68,68,68,68,68,68,68,68,68],"card_choices":[{"not_picked":["EmptyBody","WaveOfTheHand"],"picked":"ReachHeaven","floor":1},{"not_picked":["FollowUp","SignatureMove"],"picked":"Prostrate","floor":2},{"not_picked":["EmptyBody","EmptyFist"],"picked":"Evaluate","floor":3},{"not_picked":["Evaluate","Prostrate"],"picked":"Adaptation","floor":4},{"not_picked":["FlurryOfBlows","InnerPeace","Crescendo"],"picked":"SKIP","floor":7}],"player_experience":2358433,"relics_obtained":[{"floor":7,"key":"MealTicket"},{"floor":9,"key":"Sundial"}],"event_choices":[{"damage_healed":0,"gold_gain":0,"player_choice":"Take Damage","damage_taken":23,"relics_obtained":["Golden Idol"],"max_hp_gain":0,"max_hp_loss":0,"event_name":"Golden Idol","floor":5,"gold_loss":0},{"damage_healed":0,"gold_gain":0,"player_choice":"Ignored","damage_taken":0,"max_hp_gain":0,"max_hp_loss":0,"event_name":"Shining Light","floor":8,"gold_loss":0}],"is_beta":false,"boss_relics":[],"items_purged_floors":[],"is_endless":false,"potions_floor_spawned":[1,3,4],"killed_by":"Lagavulin","ascension_level":20}