{"gold_per_floor":[114,128,148,73,73,108,122,122,122,134,160,160,260,272,272,345,345,364,16,29,46,63,88,88,107,107,137,153,165,165,90,90,162,162,181,0,50,68,68],"floor_reached":39,"playtime":1900,"items_purged":["Strike_P"],"score":1270,"play_id":"11ce5b08-4261-49b8-b133-07c668df249b","local_time":"20230430154134","is_ascension_mode":true,"campfire_choices":[{"data":"Eruption","floor":8,"key":"SMITH"},{"data":"Prostrate","floor":12,"key":"SMITH"},{"data":"Fasting2","floor":15,"key":"SMITH"},{"data":"Apotheosis","floor":24,"key":"SMITH"},{"floor":30,"key":"RECALL"},{"data":"Pray","floor":32,"key":"SMITH"}],"neow_cost":"NONE","seed_source_timestamp":137082339863700,"circlet_count":0,"master_deck":["AscendersBane","Strike_P","Strike_P","Defend_P","Defend_P","Defend_P","Eruption+1","Vigilance","Protect","Prostrate+1","BowlingBash","Worship","MentalFortress","InnerPeace","Fasting2+1","Brilliance","Conclude","Apotheosis+1","Pray+1","CutThroughFate+1","Devotion"],"relics":["HolyWater","NeowsBlessing","Eternal Feather","Calipers","FossilizedHelix","ClockworkSouvenir","Ancient Tea Set","Yang","Orichalcum","VioletLotus","Red Mask"],"potions_floor_usage":[6,11,18,18,23,23,38],"damage_taken":[{"damage":0,"enemies":"Small Slimes","floor":1,"turns":2},{"damage":0,"enemies":"Jaw Worm","floor":2,"turns":1},{"damage":0,"enemies":"Cultist","floor":3,"turns":1},{"damage":11,"enemies":"Gremlin Nob","floor":6,"turns":3},{"damage":0,"enemies":"2 Fungi Beasts","floor":7,"turns":4},{"damage":9,"enemies":"3 Louse","floor":10,"turns":6},{"damage":0,"enemies":"Lagavulin","floor":11,"turns":6},{"damage":0,"enemies":"Lots of Slimes","floor":14,"turns":6},{"damage":0,"enemies":"Slime Boss","floor":16,"turns":10},{"damage":9,"enemies":"2 Thieves","floor":18,"turns":4},{"damage":8,"enemies":"Spheric Guardian","floor":20,"turns":5},{"damage":0,"enemies":"Snecko","floor":21,"turns":6},{"damage":0,"enemies":"Cultist and Chosen","floor":22,"turns":6},{"damage":0,"enemies":"Slavers","floor":23,"turns":3},{"damage":16,"enemies":"Snake Plant","floor":25,"turns":3},{"damage":0,"enemies":"Gremlin Leader","floor":27,"turns":5},{"damage":0,"enemies":"Snecko","floor":28,"turns":4},{"damage":6,"enemies":"3 Cultists","floor":29,"turns":4},{"damage":0,"enemies":"Automaton","floor":33,"turns":7},{"damage":5,"enemies":"Orb Walker","floor":35,"turns":4},{"damage":22,"enemies":"3 Darklings","floor":38,"turns":3},{"damage":44,"enemies":"Jaw Worm Horde","floor":39,"turns":2}],"seed_played":"1541960525914577689","potions_obtained":[{"floor":3,"key":"ColorlessPotion"},{"floor":7,"key":"SkillPotion"},{"floor":10,"key":"BlessingOfTheForge"},{"floor":11,"key":"EntropicBrew"},{"floor":25,"key":"SteroidPotion"},{"floor":29,"key":"Explosive Potion"},{"floor":38,"key":"SpeedPotion"}],"is_trial":false,"path_per_floor":["M","M","M","?","?","E","M","R","T","M","E","R","?","M","R","B",null,"M","$","M","M","M","E","R","M","T","E","M","M","R","$","R","B",null,"M","?","?","M","M"],"character_chosen":"WATCHER","items_purchased":["Apotheosis","ClockworkSouvenir"],"campfire_rested":0,"item_purchase_floors":[19,19],"current_hp_per_floor":[61,61,61,61,61,50,50,56,56,47,47,56,56,56,65,65,67,58,58,50,50,50,50,62,46,46,46,46,40,52,52,64,64,67,62,62,62,40,0],"gold":68,"neow_bonus":"THREE_ENEMY_KILL","is_prod":false,"is_daily":false,"chose_seed":false,"campfire_upgraded":5,"win_rate":0,"timestamp":1682862094,"path_taken":["M","M","M","?","?","E","M","R","T","M","E","R","?","?","R","BOSS","M","$","M","M","M","E","R","M","T","E","M","M","R","$","R","BOSS","M","?","?","M","M"],"build_version":"2022-12-18","purchased_purges":1,"victory":false,"max_hp_per_floor":[68,68,68,68,68,68,68,68,68,68,68,68,68,68,68,68,68,68,68,68,68,68,68,68,68,68,68,68,68,68,68,68,68,68,68,68,68,68,68],"card_choices":[{"not_picked":["ClearTheMind","JustLucky"],"picked":"Protect","floor":1},{"not_picked":["Fasting2","Protect"],"picked":"Prostrate","floor":2},{"not_picked":["FlyingSleeves","ThirdEye"],"picked":"BowlingBash","floor":3},{"not_picked":["FlyingSleeves","EmptyFist"],"picked":"Worship","floor":6},{"not_picked":["Halt","Collect"],"picked":"MentalFortress","floor":7},{"not_picked":["ThirdEye","ClearTheMind"],"picked":"InnerPeace","floor":10},{"not_picked":["CutThroughFate","TalkToTheHand","Consecrate"],"picked":"SKIP","floor":11},{"not_picked":["JustLucky","Halt"],"picked":"Fasting2","floor":14},{"not_picked":["Alpha","Judgement"],"picked":"Brilliance","floor":16},{"not_picked":["Tantrum","JustLucky"],"picked":"Conclude","floor":18},{"not_picked":["Crescendo","Meditate+1"],"picked":"Pray","floor":20},{"not_picked":["SashWhip","ThirdEye"],"picked":"CutThroughFate+1","floor":21},{"not_picked":["Consecrate","FlurryOfBlows","FollowUp"],"picked":"SKIP","floor":22},{"not_picked":["Crescendo","Protect","Indignation"],"picked":"SKIP","floor":23},{"not_picked":["SashWhip","Meditate","Halt"],"picked":"SKIP","floor":25},{"not_picked":["ForeignInfluence","Vengeance+1","Weave"],"picked":"SKIP","floor":27},{"not_picked":["FlurryOfBlows+1","Nirvana","WheelKick"],"picked":"SKIP","floor":28},{"not_picked":["Crescendo","ForeignInfluence","Consecrate+1"],"picked":"SKIP","floor":29},{"not_picked":["SpiritShield","ConjureBlade"],"picked":"Devotion","floor":33},{"not_picked":["Wireheading+1","ThirdEye","CutThroughFate"],"picked":"SKIP","floor":35},{"not_picked":["CutThroughFate","ClearTheMind","Conclude"],"picked":"SKIP","floor":38}],"player_experience":2386152,"relics_obtained":[{"floor":6,"key":"Eternal Feather"},{"floor":9,"key":"Calipers"},{"floor":11,"key":"FossilizedHelix"},{"floor":23,"key":"Ancient Tea Set"},{"floor":26,"key":"Yang"},{"floor":27,"key":"Orichalcum"}],"event_choices":[{"cards_removed":["Strike_P"],"damage_healed":0,"gold_gain":0,"player_choice":"Card Removal","damage_taken":0,"max_hp_gain":0,"max_hp_loss":0,"event_name":"The Cleric","floor":4,"gold_loss":75},{"cards_removed":["Defend_P"],"damage_healed":0,"gold_gain":0,"player_choice":"Forget","damage_taken":0,"max_hp_gain":0,"max_hp_loss":0,"event_name":"Living Wall","floor":5,"gold_loss":0},{"damage_healed":0,"gold_gain":100,"player_choice":"Gold","damage_taken":0,"max_hp_gain":0,"max_hp_loss":0,"event_name":"Wheel of Change","floor":13,"gold_loss":0},{"damage_healed":0,"gold_gain":0,"player_choice":"Paid","damage_taken":0,"relics_obtained":["Red Mask"],"max_hp_gain":0,"max_hp_loss":0,"event_name":"Tomb of Lord Red Mask","floor":36,"gold_loss":181},{"damage_healed":0,"gold_gain":50,"player_choice":"Pray","damage_taken":0,"max_hp_gain":0,"max_hp_loss":0,"event_name":"Golden Shrine","floor":37,"gold_loss":0}],"is_beta":false,"boss_relics":[{"not_picked":["Cursed Key","Fusion Hammer"],"picked":"HolyWater"},{"not_picked":["Black Star","Astrolabe"],"picked":"VioletLotus"}],"items_purged_floors":[31],"is_endless":false,"potions_floor_spawned":[3,7,10,11,18,22,25,29,33,38],"killed_by":"Jaw Worm Horde","ascension_level":20}