{"gold_per_floor":[112,343,356,372,45,80,80,112,192,227,227,67,67,78,78,78],"floor_reached":16,"playtime":476,"items_purged":[],"score":286,"play_id":"28109c00-9bfc-47b8-9d3b-241a8c8543b8","local_time":"20230720230928","is_ascension_mode":true,"campfire_choices":[{"floor":11,"key":"DIG"},{"floor":13,"key":"DIG"},{"floor":15,"key":"DIG"}],"neow_cost":"NONE","seed_source_timestamp":2892637719734100,"circlet_count":0,"master_deck":["AscendersBane","Strike_P","Strike_P","Strike_P","Strike_P","Defend_P","Defend_P","Defend_P","Eruption","Vigilance","Indignation","ReachHeaven","Sanctity","LikeWater","WreathOfFlame","Perseverance"],"relics":["PureWater","NeowsBlessing","Old Coin","Shovel","Nunchaku","Strawberry","Blue Candle","Unceasing Top","Kunai","Bag of Preparation","Ornamental Fan","Anchor"],"potions_floor_usage":[6,10,10],"damage_taken":[{"damage":0,"enemies":"Small Slimes","floor":1,"turns":1},{"damage":0,"enemies":"Cultist","floor":3,"turns":2},{"damage":0,"enemies":"2 Louse","floor":4,"turns":1},{"damage":0,"enemies":"Gremlin Nob","floor":6,"turns":2},{"damage":24,"enemies":"3 Sentries","floor":8,"turns":11},{"damage":12,"enemies":"Gremlin Nob","floor":10,"turns":3},{"damage":5,"enemies":"Exordium Thugs","floor":14,"turns":3},{"damage":28,"enemies":"Slime Boss","floor":16,"turns":4}],"seed_played":"2817542465309391517","potions_obtained":[{"floor":1,"key":"Fire Potion"},{"floor":4,"key":"Weak Potion"},{"floor":8,"key":"SteroidPotion"}],"is_trial":false,"path_per_floor":["M","?","M","M","$","E","?","E","T","E","R","$","R","M","R","B"],"character_chosen":"WATCHER","items_purchased":["Shovel","Bag of Preparation"],"campfire_rested":0,"item_purchase_floors":[5,12],"current_hp_per_floor":[61,61,61,61,61,61,61,44,44,32,32,32,32,27,27,0],"gold":78,"neow_bonus":"THREE_ENEMY_KILL","is_prod":false,"is_daily":false,"chose_seed":false,"campfire_upgraded":0,"win_rate":0,"timestamp":1689887368,"path_taken":["M","?","?","M","$","E","?","E","T","E","R","?","R","M","R","BOSS"],"build_version":"2022-12-18","purchased_purges":0,"victory":false,"max_hp_per_floor":[68,68,68,68,68,68,68,75,75,75,75,75,75,75,75,75],"card_choices":[{"not_picked":["FollowUp","Wireheading"],"picked":"Indignation","floor":1},{"not_picked":["Evaluate","PathToVictory"],"picked":"ReachHeaven","floor":3},{"not_picked":["Fasting2","FlurryOfBlows"],"picked":"Sanctity","floor":4},{"not_picked":["Conclude","FlurryOfBlows"],"picked":"LikeWater","floor":6},{"not_picked":["LikeWater","Fasting2"],"picked":"WreathOfFlame","floor":8},{"not_picked":["ThirdEye","SandsOfTime"],"picked":"Perseverance","floor":10},{"not_picked":["Consecrate","EmptyMind","EmptyBody"],"picked":"SKIP","floor":14}],"player_experience":2400286,"relics_obtained":[{"floor":6,"key":"Nunchaku"},{"floor":8,"key":"Strawberry"},{"floor":9,"key":"Blue Candle"},{"floor":10,"key":"Unceasing Top"},{"floor":11,"key":"Kunai"},{"floor":13,"key":"Ornamental Fan"},{"floor":15,"key":"Anchor"}],"event_choices":[{"damage_healed":0,"gold_gain":0,"player_choice":"Paid Gold","damage_taken":0,"relics_obtained":["Old Coin"],"max_hp_gain":0,"max_hp_loss":0,"event_name":"WeMeetAgain","floor":2,"gold_loss":69},{"cards_removed":["Defend_P"],"damage_healed":0,"gold_gain":0,"player_choice":"Offered Basic","damage_taken":0,"max_hp_gain":0,"max_hp_loss":0,"event_name":"Bonfire Elementals","floor":7,"gold_loss":0}],"is_beta":false,"boss_relics":[],"items_purged_floors":[],"is_endless":false,"potions_floor_spawned":[1,4,8],"killed_by":"Slime Boss","ascension_level":20}