{"gold_per_floor":[114,189,189,206,40,75,75,95,121,138,166,185,185,212,212,212],"floor_reached":16,"playtime":552,"items_purged":[],"score":290,"play_id":"5525fc92-e08f-49ec-b710-1fb6778d566a","local_time":"20230802150501","is_ascension_mode":true,"campfire_choices":[{"data":"Eruption","floor":7,"key":"SMITH"},{"floor":13,"key":"REST"},{"data":"Wallop","floor":15,"key":"SMITH"}],"neow_cost":"NONE","seed_source_timestamp":797789154099800,"circlet_count":0,"master_deck":["AscendersBane","Strike_P","Strike_P","Strike_P","Strike_P","Defend_P","Defend_P","Defend_P","Defend_P","Eruption+1","Vigilance","Wallop+1","Decay","Protect","Blasphemy","EmptyBody","WaveOfTheHand"],"relics":["PureWater","NeowsBlessing","Sling","Oddly Smooth Stone","Pen Nib","Smiling Mask","Meat on the Bone"],"potions_floor_usage":[10,16],"damage_taken":[{"damage":0,"enemies":"2 Louse","floor":1,"turns":1},{"damage":0,"enemies":"Small Slimes","floor":4,"turns":1},{"damage":0,"enemies":"Lagavulin","floor":6,"turns":1},{"damage":0,"enemies":"Cultist","floor":8,"turns":5},{"damage":4,"enemies":"Lots of Slimes","floor":10,"turns":3},{"damage":26,"enemies":"3 Sentries","floor":11,"turns":8},{"damage":0,"enemies":"2 Fungi Beasts","floor":12,"turns":2},{"damage":11,"enemies":"Gremlin Nob","floor":14,"turns":3},{"damage":30,"enemies":"Hexaghost","floor":16,"turns":9}],"seed_played":"7269629893611550865","potions_obtained":[{"floor":4,"key":"DistilledChaos"},{"floor":6,"key":"LiquidBronze"},{"floor":11,"key":"StancePotion"}],"is_trial":false,"path_per_floor":["M","?","?","M","$","E","R","M","T","M","E","M","R","E","R","B"],"character_chosen":"WATCHER","items_purchased":["Sling"],"campfire_rested":1,"item_purchase_floors":[5],"current_hp_per_floor":[61,50,50,50,50,50,50,50,50,46,20,20,40,29,29,0],"gold":212,"neow_bonus":"THREE_ENEMY_KILL","is_prod":false,"is_daily":false,"chose_seed":false,"campfire_upgraded":2,"win_rate":0,"timestamp":1690981501,"path_taken":["M","?","?","M","$","E","R","?","T","M","E","M","R","E","R","BOSS"],"build_version":"2022-12-18","purchased_purges":0,"victory":false,"max_hp_per_floor":[68,68,68,68,68,68,68,68,68,68,68,68,68,68,68,68],"card_choices":[{"not_picked":["FollowUp","EmptyBody"],"picked":"Wallop","floor":1},{"not_picked":["ForeignInfluence","SandsOfTime"],"picked":"Protect","floor":4},{"not_picked":["Halt","CrushJoints","Protect"],"picked":"SKIP","floor":6},{"not_picked":["FearNoEvil","Evaluate"],"picked":"Blasphemy","floor":8},{"not_picked":["FlyingSleeves","Nirvana"],"picked":"EmptyBody","floor":10},{"not_picked":["Brilliance","FlyingSleeves","Evaluate"],"picked":"SKIP","floor":11},{"not_picked":["PathToVictory","ForeignInfluence"],"picked":"WaveOfTheHand","floor":12},{"not_picked":["WaveOfTheHand","EmptyMind","FollowUp"],"picked":"SKIP","floor":14}],"player_experience":2406796,"relics_obtained":[{"floor":6,"key":"Oddly Smooth Stone"},{"floor":9,"key":"Pen Nib"},{"floor":11,"key":"Smiling Mask"},{"floor":14,"key":"Meat on the Bone"}],"event_choices":[{"damage_healed":0,"gold_gain":75,"player_choice":"Gather Gold","damage_taken":11,"max_hp_gain":0,"max_hp_loss":0,"event_name":"World of Goop","floor":2,"gold_loss":0},{"damage_healed":0,"gold_gain":0,"player_choice":"Cursed","damage_taken":0,"max_hp_gain":0,"max_hp_loss":0,"event_name":"Wheel of Change","floor":3,"gold_loss":0,"cards_obtained":["Decay"]}],"is_beta":false,"boss_relics":[],"items_purged_floors":[],"is_endless":false,"potions_floor_spawned":[4,6,8,11],"killed_by":"Hexaghost","ascension_level":20}