{"gold_per_floor":[17,17,17,36,36,68,68,100,100,100,111,8,19,69,69,144,144,144,163,181,231,231,231],"floor_reached":23,"playtime":1068,"items_purged":[],"score":398,"play_id":"865bac4f-549e-4b1e-908b-ec6a8d3a863e","local_time":"20231206213516","is_ascension_mode":true,"campfire_choices":[{"data":"Perseverance","floor":7,"key":"SMITH"},{"data":"MentalFortress","floor":10,"key":"SMITH"},{"data":"Protect","floor":15,"key":"SMITH"}],"neow_cost":"NO_GOLD","seed_source_timestamp":288951166737500,"circlet_count":0,"master_deck":["AscendersBane","Strike_P","Strike_P","Strike_P","Defend_P","Defend_P","Defend_P","Defend_P","Eruption+1","Vigilance","ReachHeaven","Pray","Perseverance+1","MentalFortress+1","FlurryOfBlows","Flash of Steel","Protect+1","MasterReality","ThirdEye","BattleHymn"],"relics":["HolyWater","StoneCalendar","Mango","Bronze Scales"],"potions_floor_usage":[6,8,18,19],"damage_taken":[{"damage":0,"enemies":"2 Louse","floor":1,"turns":2},{"damage":7,"enemies":"Jaw Worm","floor":4,"turns":4},{"damage":11,"enemies":"Gremlin Nob","floor":6,"turns":3},{"damage":10,"enemies":"3 Sentries","floor":8,"turns":4},{"damage":0,"enemies":"Cultist","floor":11,"turns":2},{"damage":0,"enemies":"Exordium Wildlife","floor":13,"turns":2},{"damage":29,"enemies":"The Guardian","floor":16,"turns":8},{"damage":0,"enemies":"2 Thieves","floor":18,"turns":1},{"damage":4,"enemies":"3 Byrds","floor":19,"turns":3},{"damage":52,"enemies":"Snecko","floor":20,"turns":9},{"damage":28,"enemies":"Book of Stabbing","floor":23,"turns":4}],"seed_played":"-1789975090122325441","potions_obtained":[{"floor":1,"key":"BlessingOfTheForge"},{"floor":5,"key":"SmokeBomb"},{"floor":6,"key":"SneckoOil"},{"floor":11,"key":"ColorlessPotion"},{"floor":19,"key":"Explosive Potion"}],"is_trial":false,"path_per_floor":["M","?","?","M","?","E","R","E","T","R","M","$","M","?","R","B",null,"M","M","M","?","?","E"],"character_chosen":"WATCHER","items_purchased":["Flash of Steel"],"campfire_rested":0,"item_purchase_floors":[12],"current_hp_per_floor":[61,61,61,54,54,57,57,47,47,47,47,47,47,47,47,18,66,66,62,10,10,26,0],"gold":231,"neow_bonus":"ONE_RARE_RELIC","is_prod":false,"is_daily":false,"chose_seed":false,"campfire_upgraded":3,"win_rate":0,"timestamp":1701894916,"path_taken":["M","?","?","?","?","E","R","E","T","R","?","$","M","?","R","BOSS","M","M","?","?","?","E"],"build_version":"2022-12-18","purchased_purges":0,"victory":false,"max_hp_per_floor":[68,68,68,68,68,82,82,82,82,82,82,82,82,82,82,82,82,82,82,82,82,82,82],"card_choices":[{"not_picked":["Fasting2","SashWhip"],"picked":"ReachHeaven","floor":1},{"not_picked":["FlurryOfBlows","FollowUp"],"picked":"Pray","floor":4},{"not_picked":["Blasphemy","SashWhip"],"picked":"Perseverance","floor":6},{"not_picked":["Protect","BattleHymn"],"picked":"MentalFortress","floor":8},{"not_picked":["ReachHeaven","EmptyFist"],"picked":"FlurryOfBlows","floor":11},{"not_picked":["Vengeance","Halt"],"picked":"Protect","floor":13},{"not_picked":["Devotion","Establishment"],"picked":"MasterReality","floor":16},{"not_picked":["BowlingBash","ClearTheMind+1"],"picked":"ThirdEye","floor":19},{"not_picked":["FlurryOfBlows","Halt"],"picked":"BattleHymn","floor":20}],"player_experience":2439225,"relics_obtained":[{"floor":6,"key":"Mango"},{"floor":8,"key":"Bronze Scales"}],"event_choices":[{"damage_healed":0,"gold_gain":0,"player_choice":"Grow","damage_taken":0,"max_hp_gain":0,"max_hp_loss":0,"event_name":"Living Wall","floor":2,"gold_loss":0,"cards_upgraded":["Eruption"]},{"cards_removed":["Strike_P"],"damage_healed":0,"gold_gain":0,"player_choice":"Offered Basic","damage_taken":0,"max_hp_gain":0,"max_hp_loss":0,"event_name":"Bonfire Elementals","floor":3,"gold_loss":0},{"damage_healed":0,"gold_gain":0,"player_choice":"Got Potions","damage_taken":0,"max_hp_gain":0,"max_hp_loss":0,"event_name":"Lab","floor":5,"gold_loss":0},{"damage_healed":0,"gold_gain":50,"player_choice":"Pray","damage_taken":0,"max_hp_gain":0,"max_hp_loss":0,"event_name":"Golden Shrine","floor":14,"gold_loss":0},{"damage_healed":0,"gold_gain":50,"player_choice":"Stole From Cult","damage_taken":0,"max_hp_gain":0,"max_hp_loss":0,"event_name":"Nest","floor":21,"gold_loss":0},{"damage_healed":16,"gold_gain":0,"player_choice":"Heal","damage_taken":0,"max_hp_gain":0,"max_hp_loss":0,"event_name":"The Library","floor":22,"gold_loss":0}],"is_beta":false,"boss_relics":[{"not_picked":["Philosopher\u0027s Stone","Runic Dome"],"picked":"HolyWater"}],"items_purged_floors":[],"is_endless":false,"potions_floor_spawned":[1,6,11,19],"killed_by":"Book of Stabbing","ascension_level":20}