{"gold_per_floor":[116,116,131,131,54,54,82,82,151,151,151,179,191,218,218,218],"floor_reached":16,"playtime":623,"items_purged":[],"score":282,"play_id":"780d1314-33b8-4d56-9734-a3bc8c709d43","local_time":"20231217203208","is_ascension_mode":true,"campfire_choices":[{"data":"Eruption","floor":6,"key":"SMITH"},{"data":"Worship","floor":8,"key":"SMITH"},{"data":"Wallop","floor":10,"key":"SMITH"},{"data":"Vigilance","floor":15,"key":"SMITH"}],"neow_cost":"NONE","seed_source_timestamp":192789555515900,"circlet_count":0,"master_deck":["AscendersBane","Strike_P","Strike_P","Strike_P","Defend_P+1","Defend_P","Defend_P","Defend_P","Eruption+1","Vigilance+1","Consecrate","Wallop+1","Worship+1","DevaForm+1","Worship","WreathOfFlame","Evaluate"],"relics":["PureWater","NeowsBlessing","Happy Flower","Ice Cream","Darkstone Periapt","Smiling Mask","Mummified Hand"],"potions_floor_usage":[16],"damage_taken":[{"damage":0,"enemies":"Cultist","floor":1,"turns":1},{"damage":0,"enemies":"Small Slimes","floor":3,"turns":1},{"damage":0,"enemies":"Lagavulin","floor":7,"turns":1},{"damage":28,"enemies":"Gremlin Nob","floor":12,"turns":6},{"damage":0,"enemies":"2 Louse","floor":13,"turns":2},{"damage":7,"enemies":"Lagavulin","floor":14,"turns":7},{"damage":11,"enemies":"Hexaghost","floor":16,"turns":9}],"seed_played":"-7023848997709054570","potions_obtained":[{"floor":3,"key":"Fire Potion"},{"floor":12,"key":"Dexterity Potion"}],"is_trial":false,"path_per_floor":["M","?","M","T","$","R","E","R","T","R","?","E","M","E","R","B"],"character_chosen":"WATCHER","items_purchased":["Worship"],"campfire_rested":0,"item_purchase_floors":[5],"current_hp_per_floor":[61,61,61,61,61,61,61,61,61,61,41,13,13,6,6,0],"gold":218,"neow_bonus":"THREE_ENEMY_KILL","is_prod":false,"is_daily":false,"chose_seed":false,"campfire_upgraded":4,"win_rate":0,"timestamp":1702841528,"path_taken":["M","?","?","?","$","R","E","R","T","R","?","E","M","E","R","BOSS"],"build_version":"2022-12-18","purchased_purges":0,"victory":false,"max_hp_per_floor":[68,68,68,68,68,68,68,68,68,68,68,68,68,68,68,68],"card_choices":[{"not_picked":["ClearTheMind","FollowUp"],"picked":"Consecrate","floor":1},{"not_picked":["FollowUp","PathToVictory"],"picked":"Wallop","floor":3},{"not_picked":["BowlingBash","FlurryOfBlows"],"picked":"DevaForm","floor":7},{"not_picked":["EmptyBody","WindmillStrike"],"picked":"Worship","floor":12},{"not_picked":["BowlingBash","ThirdEye"],"picked":"WreathOfFlame","floor":13},{"not_picked":["WindmillStrike","CarveReality"],"picked":"Evaluate","floor":14}],"player_experience":2451555,"relics_obtained":[{"floor":4,"key":"Happy Flower"},{"floor":7,"key":"Ice Cream"},{"floor":9,"key":"Darkstone Periapt"},{"floor":12,"key":"Smiling Mask"},{"floor":14,"key":"Mummified Hand"}],"event_choices":[{"cards_removed":["Strike_P"],"damage_healed":0,"gold_gain":0,"player_choice":"Purged","damage_taken":0,"max_hp_gain":0,"max_hp_loss":0,"event_name":"Purifier","floor":2,"gold_loss":0},{"damage_healed":0,"gold_gain":0,"player_choice":"Entered Light","damage_taken":20,"max_hp_gain":0,"max_hp_loss":0,"event_name":"Shining Light","floor":11,"gold_loss":0,"cards_upgraded":["Defend_P","DevaForm"]}],"is_beta":false,"boss_relics":[],"items_purged_floors":[],"is_endless":false,"potions_floor_spawned":[3,12,13],"killed_by":"Hexaghost","ascension_level":20}