{"gold_per_floor":[110,110,385,402,477,506,526,551,628,661,661,661,661],"floor_reached":13,"playtime":386,"items_purged":[],"score":302,"play_id":"9293f516-4c84-4454-b500-3944e2dd30f0","local_time":"20240617104957","is_ascension_mode":true,"campfire_choices":[{"data":"Eruption","floor":12,"key":"SMITH"}],"neow_cost":"NONE","seed_source_timestamp":54604157493000,"circlet_count":0,"master_deck":["AscendersBane","Strike_P","Strike_P","Strike_P","Strike_P","Defend_P","Defend_P","Defend_P","Defend_P","Eruption+1","Vigilance","PathToVictory","Regret","Regret","CutThroughFate","CarveReality","Adaptation","ThirdEye+1","Parasite"],"relics":["PureWater","NeowsBlessing","Du-Vu Doll","Lantern","Toxic Egg 2","HornCleat","Singing Bowl"],"potions_floor_usage":[8,10],"damage_taken":[{"damage":0,"enemies":"Jaw Worm","floor":1,"turns":1},{"damage":0,"enemies":"Small Slimes","floor":4,"turns":1},{"damage":0,"enemies":"Lagavulin","floor":6,"turns":1},{"damage":6,"enemies":"Cultist","floor":7,"turns":2},{"damage":0,"enemies":"Gremlin Nob","floor":8,"turns":1},{"damage":33,"enemies":"3 Sentries","floor":10,"turns":9},{"damage":50,"enemies":"Lagavulin","floor":13,"turns":3}],"seed_played":"-4912457180711488750","potions_obtained":[{"floor":1,"key":"ColorlessPotion"},{"floor":8,"key":"SteroidPotion"}],"is_trial":false,"path_per_floor":["M","?","?","M","?","E","M","E","T","E","?","R","E"],"character_chosen":"WATCHER","items_purchased":[],"campfire_rested":0,"item_purchase_floors":[],"current_hp_per_floor":[61,61,61,61,50,50,44,44,44,13,30,30,0],"gold":661,"neow_bonus":"THREE_ENEMY_KILL","is_prod":false,"is_daily":false,"chose_seed":false,"campfire_upgraded":1,"win_rate":0,"timestamp":1718614197,"path_taken":["M","?","?","?","?","E","M","E","T","E","?","R","E"],"build_version":"2022-12-18","purchased_purges":0,"victory":false,"max_hp_per_floor":[68,68,68,68,68,68,68,68,68,70,70,70,70],"card_choices":[{"not_picked":["Tantrum","ClearTheMind"],"picked":"PathToVictory","floor":1},{"not_picked":["Prostrate","JustLucky"],"picked":"CutThroughFate","floor":4},{"not_picked":["Adaptation","SignatureMove"],"picked":"CarveReality","floor":6},{"not_picked":["BattleHymn","FollowUp"],"picked":"Adaptation","floor":7},{"not_picked":["Halt+1","CutThroughFate"],"picked":"ThirdEye+1","floor":8},{"not_picked":["CarveReality","Fasting2","Protect+1"],"picked":"Singing Bowl","floor":10}],"player_experience":2526149,"relics_obtained":[{"floor":6,"key":"Lantern"},{"floor":8,"key":"Toxic Egg 2"},{"floor":9,"key":"HornCleat"},{"floor":10,"key":"Singing Bowl"}],"event_choices":[{"damage_healed":0,"gold_gain":0,"player_choice":"Box","damage_taken":0,"relics_obtained":["Du-Vu Doll"],"max_hp_gain":0,"max_hp_loss":0,"event_name":"Big Fish","floor":2,"gold_loss":0,"cards_obtained":["Regret"]},{"damage_healed":0,"gold_gain":275,"player_choice":"Desecrate","damage_taken":0,"max_hp_gain":0,"max_hp_loss":0,"event_name":"Golden Shrine","floor":3,"gold_loss":0,"cards_obtained":["Regret"]},{"damage_healed":0,"gold_gain":75,"player_choice":"Gather Gold","damage_taken":11,"max_hp_gain":0,"max_hp_loss":0,"event_name":"World of Goop","floor":5,"gold_loss":0},{"damage_healed":17,"gold_gain":0,"player_choice":"Healed and dodged fight","damage_taken":0,"max_hp_gain":0,"max_hp_loss":0,"event_name":"Mushrooms","floor":11,"gold_loss":0,"cards_obtained":["Parasite"]}],"is_beta":false,"boss_relics":[],"items_purged_floors":[],"is_endless":false,"potions_floor_spawned":[1,8],"killed_by":"Lagavulin","ascension_level":20}