{"gold_per_floor":[117,117,117,137,212,246,258,300,339,378,390,402,426,438],"floor_reached":14,"playtime":449,"items_purged":[],"score":262,"play_id":"d34e83ef-95d4-4ee1-9420-3ba301e17bcd","local_time":"20240617104156","is_ascension_mode":true,"campfire_choices":[{"data":"Eruption","floor":7,"key":"SMITH"},{"data":"CrushJoints","floor":11,"key":"SMITH"}],"neow_cost":"TEN_PERCENT_HP_LOSS","seed_source_timestamp":54059059244200,"circlet_count":0,"master_deck":["AscendersBane","Strike_P","Strike_P","Strike_P","Strike_P","Defend_P","Defend_P","Defend_P","Defend_P","Eruption+1","Vigilance","Tantrum","Regret","Adaptation","WaveOfTheHand","CrushJoints+1","MasterReality","Swivel"],"relics":["PureWater","Mango","PreservedInsect","MawBank","Bag of Marbles","Toy Ornithopter","Bronze Scales"],"potions_floor_usage":[4,10,14],"damage_taken":[{"damage":5,"enemies":"2 Louse","floor":1,"turns":3},{"damage":3,"enemies":"Cultist","floor":4,"turns":3},{"damage":19,"enemies":"Lagavulin","floor":6,"turns":5},{"damage":0,"enemies":"Gremlin Nob","floor":8,"turns":2},{"damage":15,"enemies":"3 Sentries","floor":10,"turns":3},{"damage":0,"enemies":"Jaw Worm","floor":13,"turns":1},{"damage":42,"enemies":"Lagavulin","floor":14,"turns":3}],"seed_played":"-1305569865436834805","potions_obtained":[{"floor":1,"key":"Swift Potion"},{"floor":6,"key":"Dexterity Potion"},{"floor":8,"key":"ColorlessPotion"}],"is_trial":false,"path_per_floor":["M","?","?","M","?","E","R","E","T","E","R","?","M","E"],"character_chosen":"WATCHER","items_purchased":[],"campfire_rested":0,"item_purchase_floors":[],"current_hp_per_floor":[70,70,76,73,62,43,43,43,43,33,33,33,33,0],"gold":438,"neow_bonus":"ONE_RARE_RELIC","is_prod":false,"is_daily":false,"chose_seed":false,"campfire_upgraded":2,"win_rate":0,"timestamp":1718613716,"path_taken":["M","?","?","?","?","E","R","E","T","E","R","?","M","E"],"build_version":"2022-12-18","purchased_purges":0,"victory":false,"max_hp_per_floor":[76,76,76,76,76,76,76,76,76,76,76,76,76,76],"card_choices":[{"not_picked":["TalkToTheHand","Consecrate"],"picked":"Tantrum","floor":1},{"not_picked":["EmptyBody","FlyingSleeves"],"picked":"Adaptation","floor":4},{"not_picked":["FollowUp","Study"],"picked":"WaveOfTheHand","floor":6},{"not_picked":["PathToVictory","FlurryOfBlows"],"picked":"CrushJoints","floor":8},{"not_picked":["Worship","JustLucky"],"picked":"MasterReality","floor":10},{"not_picked":["SandsOfTime","PathToVictory"],"picked":"Swivel","floor":13}],"player_experience":2525700,"relics_obtained":[{"floor":6,"key":"MawBank"},{"floor":8,"key":"Bag of Marbles"},{"floor":9,"key":"Toy Ornithopter"},{"floor":10,"key":"Bronze Scales"}],"event_choices":[{"damage_healed":0,"gold_gain":0,"player_choice":"Box","damage_taken":0,"relics_obtained":["PreservedInsect"],"max_hp_gain":0,"max_hp_loss":0,"event_name":"Big Fish","floor":2,"gold_loss":0,"cards_obtained":["Regret"]},{"damage_healed":6,"gold_gain":0,"player_choice":"Full Heal","damage_taken":0,"max_hp_gain":0,"max_hp_loss":0,"event_name":"Wheel of Change","floor":3,"gold_loss":0},{"damage_healed":0,"gold_gain":75,"player_choice":"Gather Gold","damage_taken":11,"max_hp_gain":0,"max_hp_loss":0,"event_name":"World of Goop","floor":5,"gold_loss":0},{"damage_healed":0,"gold_gain":0,"player_choice":"Ignored","damage_taken":0,"max_hp_gain":0,"max_hp_loss":0,"event_name":"Liars Game","floor":12,"gold_loss":0}],"is_beta":false,"boss_relics":[],"items_purged_floors":[],"is_endless":false,"potions_floor_spawned":[1,6,8],"killed_by":"Lagavulin","ascension_level":20}