{"gold_per_floor":[111,111,13,288,307,637,637,637,688,688,688,688,174,174,174,273,273,288,20,38,62,62,100,114,114,114,152,152,171,198,198,198,274,274,290,290,71,82,102,135,135,164,164,164],"floor_reached":44,"playtime":1718,"items_purged":["Regret","Normality"],"score":1265,"play_id":"25503362-13f3-437c-b646-44287b48c261","local_time":"20240714233253","is_ascension_mode":true,"campfire_choices":[{"data":"Eruption","floor":7,"key":"SMITH"},{"data":"WindmillStrike","floor":10,"key":"SMITH"},{"data":"BowlingBash","floor":12,"key":"SMITH"},{"data":"MentalFortress","floor":15,"key":"SMITH"},{"floor":25,"key":"REST"},{"data":"Trip","floor":32,"key":"SMITH"},{"floor":41,"key":"REST"}],"neow_cost":"NONE","seed_source_timestamp":228731881897000,"circlet_count":0,"master_deck":["AscendersBane","Strike_P","Strike_P","Strike_P","Strike_P","Defend_P+1","Defend_P+1","Defend_P+1","Eruption+1","Vigilance","MentalFortress+1","WindmillStrike+1","BowlingBash+1","FearNoEvil","Halt","Conclude","Finesse","Devotion","Crescendo","Trip+1","EmptyFist+1","MentalFortress","Perseverance+1","LikeWater","Omniscience","ClearTheMind+1","EmptyMind","Wallop+1","Normality"],"relics":["PureWater","NeowsBlessing","Old Coin","Bloody Idol","Orichalcum","Membership Card","Omamori","StrikeDummy","Ornamental Fan","Cursed Key","Damaru","Matryoshka","Pear","Bottled Lightning","Akabeko","Mummified Hand","Art of War","Unceasing Top","SlaversCollar","TeardropLocket","MealTicket","Lizard Tail","Turnip","War Paint"],"potions_floor_usage":[16,20,20,21,27,30,35,40],"damage_taken":[{"damage":0,"enemies":"Jaw Worm","floor":1,"turns":1},{"damage":0,"enemies":"Small Slimes","floor":5,"turns":1},{"damage":0,"enemies":"3 Sentries","floor":6,"turns":1},{"damage":0,"enemies":"Hexaghost","floor":16,"turns":6},{"damage":0,"enemies":"Chosen","floor":18,"turns":3},{"damage":6,"enemies":"Spheric Guardian","floor":20,"turns":3},{"damage":12,"enemies":"Shelled Parasite and Fungi","floor":21,"turns":3},{"damage":15,"enemies":"Gremlin Leader","floor":23,"turns":5},{"damage":5,"enemies":"3 Cultists","floor":24,"turns":4},{"damage":0,"enemies":"Book of Stabbing","floor":27,"turns":2},{"damage":25,"enemies":"Cultist and Chosen","floor":29,"turns":4},{"damage":22,"enemies":"Slavers","floor":30,"turns":3},{"damage":28,"enemies":"Collector","floor":33,"turns":9},{"damage":42,"enemies":"3 Darklings","floor":35,"turns":5},{"damage":2,"enemies":"Orb Walker","floor":38,"turns":3},{"damage":10,"enemies":"3 Darklings","floor":39,"turns":6},{"damage":67,"enemies":"Reptomancer","floor":40,"turns":7},{"damage":36,"enemies":"Giant Head","floor":42,"turns":8},{"damage":30,"enemies":"Reptomancer","floor":44,"turns":2}],"seed_played":"-6798983866847076143","potions_obtained":[{"floor":1,"key":"PowerPotion"},{"floor":16,"key":"SneckoOil"},{"floor":18,"key":"DuplicationPotion"},{"floor":20,"key":"Block Potion"},{"floor":21,"key":"LiquidMemories"},{"floor":24,"key":"EssenceOfSteel"},{"floor":33,"key":"FearPotion"},{"floor":38,"key":"AttackPotion"}],"is_trial":false,"path_per_floor":["M","?","$","?","M","E","R","?","T","R","?","R","$","?","R","B",null,"M","$","M","M","?","E","M","R","T","E","?","M","E","?","R","B",null,"M","T","$","M","M","E","R","E","T","E"],"character_chosen":"WATCHER","items_purchased":["WindmillStrike","BowlingBash","Membership Card","Omamori","StrikeDummy","Conclude","Finesse","Damaru","Matryoshka","Trip","Lizard Tail"],"campfire_rested":2,"item_purchase_floors":[3,3,13,13,13,13,13,19,19,19,37],"current_hp_per_floor":[61,54,54,54,54,54,54,54,54,54,35,35,35,17,17,17,51,51,51,45,33,43,28,23,44,44,44,44,24,7,72,72,49,66,29,29,44,47,42,17,38,7,7,0],"gold":164,"neow_bonus":"THREE_ENEMY_KILL","is_prod":false,"is_daily":false,"chose_seed":false,"campfire_upgraded":5,"win_rate":0,"timestamp":1720992773,"path_taken":["M","?","$","?","?","E","R","?","T","R","?","R","$","?","R","BOSS","M","$","M","M","?","E","M","R","T","E","?","M","E","?","R","BOSS","M","?","$","M","?","E","R","E","T","E"],"build_version":"2022-12-18","purchased_purges":2,"victory":false,"max_hp_per_floor":[68,68,68,68,68,68,68,62,62,62,62,62,62,62,62,62,62,62,62,62,62,72,72,72,72,72,72,72,72,72,72,72,72,72,72,72,72,72,72,72,72,72,72,72],"card_choices":[{"not_picked":["EmptyBody","SignatureMove"],"picked":"MentalFortress","floor":1},{"not_picked":["FollowUp","CarveReality"],"picked":"FearNoEvil","floor":5},{"not_picked":["Study","Prostrate"],"picked":"Halt","floor":6},{"not_picked":["SpiritShield","Brilliance"],"picked":"Devotion","floor":16},{"not_picked":["FollowUp","WaveOfTheHand"],"picked":"Crescendo","floor":18},{"not_picked":["Wireheading","WaveOfTheHand","Crescendo"],"picked":"SKIP","floor":20},{"not_picked":["PathToVictory","Crescendo","BowlingBash"],"picked":"SKIP","floor":21},{"not_picked":["ThirdEye","SashWhip"],"picked":"EmptyFist+1","floor":23},{"not_picked":["Protect","ReachHeaven"],"picked":"MentalFortress","floor":24},{"not_picked":["WaveOfTheHand","CrushJoints"],"picked":"Perseverance+1","floor":27},{"not_picked":["PathToVictory","MentalFortress"],"picked":"ForeignInfluence","floor":29},{"not_picked":["TalkToTheHand","WreathOfFlame"],"picked":"LikeWater","floor":30},{"not_picked":["MasterReality","Scrawl"],"picked":"Omniscience","floor":33},{"not_picked":["Crescendo+1","Evaluate+1"],"picked":"ClearTheMind","floor":35},{"not_picked":["Evaluate","Meditate","ThirdEye"],"picked":"SKIP","floor":38},{"not_picked":["JustLucky+1","Consecrate+1"],"picked":"EmptyMind","floor":39},{"not_picked":["MasterReality","Consecrate+1"],"picked":"Wallop+1","floor":40},{"not_picked":["ForeignInfluence","FlyingSleeves","JustLucky+1"],"picked":"SKIP","floor":42}],"player_experience":2566587,"relics_obtained":[{"floor":6,"key":"Old Coin"},{"floor":9,"key":"Orichalcum"},{"floor":23,"key":"Bottled Lightning"},{"floor":26,"key":"Akabeko"},{"floor":26,"key":"Mummified Hand"},{"floor":27,"key":"Art of War"},{"floor":30,"key":"Unceasing Top"},{"floor":36,"key":"TeardropLocket"},{"floor":36,"key":"MealTicket"},{"floor":40,"key":"Turnip"},{"floor":42,"key":"War Paint"}],"event_choices":[{"cards_removed":["Defend_P"],"damage_healed":0,"gold_gain":0,"player_choice":"Card Removal","damage_taken":7,"max_hp_gain":0,"max_hp_loss":0,"event_name":"Golden Wing","floor":2,"gold_loss":0},{"damage_healed":0,"gold_gain":275,"player_choice":"Desecrate","damage_taken":0,"max_hp_gain":0,"max_hp_loss":0,"event_name":"Golden Shrine","floor":4,"gold_loss":0,"cards_obtained":["Regret"]},{"damage_healed":0,"gold_gain":0,"player_choice":"Lose Max HP","damage_taken":0,"relics_obtained":["Golden Idol"],"max_hp_gain":0,"max_hp_loss":6,"event_name":"Golden Idol","floor":8,"gold_loss":0},{"damage_healed":0,"gold_gain":0,"player_choice":"Entered Light","damage_taken":19,"max_hp_gain":0,"max_hp_loss":0,"event_name":"Shining Light","floor":11,"gold_loss":0,"cards_upgraded":["Defend_P","Defend_P"]},{"damage_healed":0,"gold_gain":0,"player_choice":"Success","damage_taken":18,"relics_obtained":["Ornamental Fan"],"max_hp_gain":0,"max_hp_loss":0,"event_name":"Scrap Ooze","floor":14,"gold_loss":0},{"damage_healed":0,"gold_gain":0,"player_choice":"Opened","damage_taken":0,"relics_obtained":["Pear"],"max_hp_gain":0,"max_hp_loss":0,"event_name":"The Mausoleum","floor":22,"gold_loss":0,"cards_obtained":["Writhe"]},{"damage_healed":0,"gold_gain":0,"player_choice":"Gave Idol","damage_taken":0,"relics_obtained":["Bloody Idol"],"max_hp_gain":0,"max_hp_loss":0,"event_name":"Forgotten Altar","floor":28,"relics_lost":["Golden Idol"],"gold_loss":0},{"cards_removed":["ForeignInfluence"],"damage_healed":65,"gold_gain":0,"player_choice":"Offered Uncommon","damage_taken":0,"max_hp_gain":0,"max_hp_loss":0,"event_name":"Bonfire Elementals","floor":31,"gold_loss":0}],"is_beta":false,"boss_relics":[{"not_picked":["Fusion Hammer","Coffee Dripper"],"picked":"Cursed Key"},{"not_picked":["Black Star","Pandora\u0027s Box"],"picked":"SlaversCollar"}],"items_purged_floors":[13,37],"is_endless":false,"potions_floor_spawned":[1,16,18,20,21,24,33,38],"killed_by":"Reptomancer","ascension_level":20}