{"gold_per_floor":[114,131,30,30,30,61,11,11,11,31,49,77,77,90,90,167,167,187,47,58,58,58],"floor_reached":22,"playtime":588,"items_purged":["Defend_P","Pain"],"score":538,"play_id":"628bbfbc-b889-4e1b-b9a8-f14ef9c83706","local_time":"20240714230402","is_ascension_mode":true,"campfire_choices":[{"data":"EmptyFist","floor":8.0,"key":"SMITH"},{"data":"Eruption","floor":13.0,"key":"SMITH"},{"data":"ThirdEye","floor":15.0,"key":"SMITH"}],"neow_cost":"NONE","seed_source_timestamp":228119638760900,"circlet_count":0,"master_deck":["AscendersBane","Strike_P","Strike_P","Strike_P","Strike_P","Defend_P","Eruption+1","Vigilance","ThirdEye","EmptyFist+1","Consecrate","Brilliance","Crescendo","ThirdEye+1","Prostrate","Devotion","InnerPeace","Nirvana"],"special_seed":0,"relics":["PureWater","NeowsBlessing","WarpedTongs","Smiling Mask","Letter Opener","Ancient Tea Set","Empty Cage","Art of War"],"potions_floor_usage":[],"damage_taken":[{"damage":0.0,"enemies":"Jaw Worm","floor":1.0,"turns":1.0},{"damage":0.0,"enemies":"Cultist","floor":2.0,"turns":1.0},{"damage":0.0,"enemies":"Gremlin Nob","floor":6.0,"turns":1.0},{"damage":0.0,"enemies":"Small Slimes","floor":10.0,"turns":2.0},{"damage":0.0,"enemies":"Exordium Wildlife","floor":11.0,"turns":2.0},{"damage":19.0,"enemies":"Lagavulin","floor":12.0,"turns":7.0},{"damage":5.0,"enemies":"Red Slaver","floor":14.0,"turns":3.0},{"damage":0.0,"enemies":"Slime Boss","floor":16.0,"turns":5.0},{"damage":25.0,"enemies":"3 Byrds","floor":18.0,"turns":5.0},{"damage":19.0,"enemies":"Shell Parasite","floor":20.0,"turns":3.0},{"damage":20,"enemies":"Cultist and Chosen","floor":22,"turns":3}],"seed_played":"-3827414985346504962","potions_obtained":[{"floor":2.0,"key":"Fire Potion"},{"floor":6.0,"key":"ColorlessPotion"}],"is_trial":false,"path_per_floor":["M","M","$","?","$","E","$","R","T","M","M","E","R","M","R","B",null,"M","?","M","?","M"],"character_chosen":"WATCHER","items_purchased":["Consecrate"],"campfire_rested":0,"item_purchase_floors":[3],"current_hp_per_floor":[61,61,61,61,61,61,61,61,61,61,61,42,42,37,37,37,60,35,35,16,16,0],"gold":58,"neow_bonus":"THREE_ENEMY_KILL","is_prod":false,"is_daily":false,"chose_seed":false,"campfire_upgraded":3,"win_rate":0,"timestamp":1720991042,"path_taken":["M","M","$","?","?","E","$","R","T","M","M","E","R","M","R","BOSS","M","?","?","?","M"],"build_version":"2022-12-18","purchased_purges":2,"victory":false,"max_hp_per_floor":[68,68,68,68,68,68,68,68,68,68,68,68,68,68,68,68,68,68,68,68,68,68],"card_choices":[{"not_picked":["Consecrate","Nirvana"],"picked":"ThirdEye","floor":1.0},{"not_picked":["Indignation","FlurryOfBlows"],"picked":"EmptyFist","floor":2.0},{"not_picked":["WaveOfTheHand","Nirvana"],"picked":"Brilliance","floor":6.0},{"not_picked":["Evaluate","ThirdEye"],"picked":"Crescendo","floor":10.0},{"not_picked":["DeceiveReality","FollowUp"],"picked":"ThirdEye","floor":11.0},{"not_picked":["Evaluate","Protect"],"picked":"Prostrate","floor":12.0},{"not_picked":["WindmillStrike","ThirdEye","FlyingSleeves"],"picked":"SKIP","floor":14.0},{"not_picked":["Brilliance","Wish"],"picked":"Devotion","floor":16.0},{"not_picked":["Protect","PathToVictory"],"picked":"InnerPeace","floor":18.0},{"not_picked":["Vengeance+1","Tantrum"],"picked":"Nirvana","floor":20}],"player_experience":2565999,"relics_obtained":[{"floor":6.0,"key":"Smiling Mask"},{"floor":9.0,"key":"Letter Opener"},{"floor":12.0,"key":"Ancient Tea Set"}],"event_choices":[{"damage_healed":0.0,"max_hp_gain":0.0,"max_hp_loss":0.0,"gold_gain":0.0,"event_name":"Accursed Blacksmith","player_choice":"Rummage","floor":4.0,"gold_loss":0.0,"damage_taken":0.0,"relics_obtained":["WarpedTongs"],"cards_obtained":["Pain"]},{"damage_healed":0.0,"max_hp_gain":0.0,"max_hp_loss":0.0,"gold_gain":0.0,"event_name":"WeMeetAgain","player_choice":"Paid Gold","floor":19.0,"gold_loss":140.0,"damage_taken":0.0,"relics_obtained":["Art of War"]},{"damage_healed":0,"gold_gain":0,"player_choice":"0 cards matched","damage_taken":0,"max_hp_gain":0,"max_hp_loss":0,"event_name":"Match and Keep!","floor":21,"gold_loss":0,"cards_obtained":[]}],"is_beta":false,"boss_relics":[{"not_picked":["Tiny House","SacredBark"],"picked":"Empty Cage"}],"items_purged_floors":[3,7],"is_endless":false,"potions_floor_spawned":[2,6,10,12],"killed_by":"Cultist and Chosen","ascension_level":20}