{"gold_per_floor":[99,118,118,56,156,56,56,85,47,47,66,66,51,62,81,185,185,85,85,105,117,117,147,147,147,147,147,174,174,84,96,96,199,199,199,199,109,129,229,229,304,304,323,373,373,85,102,151,167,167],"floor_reached":50,"playtime":3245,"items_purged":["downfall:Bewildered"],"score":624,"play_id":"6177f908-de4f-417d-a50e-d74155970a46","local_time":"20210606125514","is_ascension_mode":false,"campfire_choices":[{"floor":1.0,"key":"RECALL"},{"floor":10.0,"key":"REST"},{"data":"sneckomod:WideSting","floor":12.0,"key":"SMITH"},{"data":"sneckomod:SnekBeam","floor":18.0,"key":"SMITH"},{"floor":26.0,"key":"REST"},{"floor":27.0,"key":"REST"},{"floor":29.0,"key":"REST"},{"data":"Guardian:CompilePackage","floor":35.0,"key":"SMITH"},{"data":"sneckomod:Cheat","floor":40.0,"key":"SMITH"},{"data":"sneckomod:SoulCleanse","floor":42.0,"key":"SMITH"},{"data":"sneckomod:DiceBoulder+1","floor":45.0,"key":"SMITH"}],"neow_cost":"NONE","seed_source_timestamp":0,"circlet_count":0,"master_deck":["sneckomod:Defend","sneckomod:Defend","sneckomod:Defend","sneckomod:TailWhip","sneckomod:SnekBite","sneckomod:Unknown","sneckomod:Unknown","sneckomod:Unknown1Cost","sneckomod:WideSting+1","Body Slam","sneckomod:SnekBeam+1","sneckomod:ImprovisedGuard","sneckomod:QuickBite","sneckomod:UnknownX","sneckomod:SerpentIdol","sneckomod:TrashToTreasure","sneckomod:Cheat+1","sneckomod:MorePower+1","sneckomod:UnknownClassGUARDIAN","sneckomod:UnknownClassGUARDIAN","sneckomod:UnknownClassGUARDIAN","sneckomod:UnknownClassGUARDIAN","sneckomod:UnknownClassGUARDIAN","sneckomod:SnekBeam+1","Guardian:TimeBomb","sneckomod:SlitherStrike","Guardian:TimeSifter+1","sneckomod:UnknownExhaust+1","sneckomod:Unknown2Cost","Guardian:CompilePackage+1","sneckomod:UnknownUncommonPower+1","sneckomod:UnknownUncommonSkill","Slimebound:Tackle+1","Slimebound:Tackle+1","Slimebound:Tackle+1","Guardian:EvasiveProtocol+1","sneckomod:UnknownBoss+1","sneckomod:Unknown1Cost","sneckomod:Unknown3Cost+1","Guardian:Incinerate","sneckomod:Restock","sneckomod:Unknown3Cost+1","sneckomod:SoulCleanse+1","Guardian:ExploitGems","sneckomod:Unknown1Cost+1","Guardian:Orbwalk+1","sneckomod:UnknownRarePower+1","sneckomod:SerpentIdol+1","sneckomod:UnknownUncommonAttack+1","sneckomod:UnknownUncommonAttack+1","sneckomod:UnknownStrike+1","sneckomod:DiceBoulder+2","sneckomod:Unknown3Cost+1","sneckomod:SoulDraw"],"special_seed":0,"relics":["sneckomod:SneckoSoul","downfall:HeartBlessingRed","Frozen Egg 2","Ancient Tea Set","sneckomod:SneckoBoss","downfall:HeartBlessingGreen","sneckomod:BabySnecko","WingedGreaves","Oddly Smooth Stone","Blood Vial","SlaversCollar","Dead Branch","Happy Flower","downfall:GremlinWheel","Mummified Hand","StoneCalendar","sneckomod:UnknownEgg","Strawberry"],"potions_floor_usage":[50,50],"damage_taken":[{"damage":13.0,"enemies":"Jaw Worm","floor":2.0,"turns":4.0},{"damage":0.0,"enemies":"downfall:FleeingMerchant","floor":4.0,"turns":4.0},{"damage":50.0,"enemies":"Gremlin Nob","floor":8.0,"turns":7.0},{"damage":10.0,"enemies":"downfall:FleeingMerchant","floor":9.0,"turns":4.0},{"damage":0.0,"enemies":"Cultist","floor":11.0,"turns":3.0},{"damage":20.0,"enemies":"downfall:FleeingMerchant","floor":13.0,"turns":4.0},{"damage":0.0,"enemies":"Small Slimes","floor":14.0,"turns":2.0},{"damage":12.0,"enemies":"Blue Slaver","floor":15.0,"turns":3.0},{"damage":22.0,"enemies":"SI_SHIV_ARCHETYPE","floor":16.0,"turns":11.0},{"damage":0.0,"enemies":"3 Byrds","floor":20.0,"turns":4.0},{"damage":14.0,"enemies":"Spheric Guardian","floor":21.0,"turns":4.0},{"damage":76.0,"enemies":"Gremlin Leader","floor":23.0,"turns":7.0},{"damage":35.0,"enemies":"Book of Stabbing","floor":28.0,"turns":7.0},{"damage":31.0,"enemies":"downfall:FleeingMerchant","floor":30.0,"turns":5.0},{"damage":26.0,"enemies":"Snecko","floor":31.0,"turns":5.0},{"damage":0.0,"enemies":"Centurion and Healer","floor":32.0,"turns":1.0},{"damage":40.0,"enemies":"IC_MUSHROOM_ARCHETYPE","floor":33.0,"turns":7.0},{"damage":0.0,"enemies":"downfall:FleeingMerchant","floor":37.0,"turns":1.0},{"damage":24.0,"enemies":"Orb Walker","floor":38.0,"turns":3.0},{"damage":3.0,"enemies":"Orb Walker","floor":39.0,"turns":3.0},{"damage":14.0,"enemies":"3 Darklings","floor":43.0,"turns":2.0},{"damage":10.0,"enemies":"3 Darklings","floor":44.0,"turns":3.0},{"damage":17.0,"enemies":"Sphere and 2 Shapes","floor":47.0,"turns":3.0},{"damage":26,"enemies":"4 Shapes","floor":49,"turns":4},{"damage":71,"enemies":"WA_ARCHETYPE_DIVINITY","floor":50,"turns":5}],"seed_played":"5151130424667818583","potions_obtained":[{"floor":8.0,"key":"bronze:BurnAndBuffPotion"},{"floor":11.0,"key":"Energy Potion"},{"floor":15.0,"key":"GamblersBrew"},{"floor":16.0,"key":"SmokeBomb"},{"floor":21.0,"key":"Swift Potion"},{"floor":31.0,"key":"PowerPotion"},{"floor":38.0,"key":"Explosive Potion"},{"floor":39.0,"key":"LiquidBronze"},{"floor":49,"key":"Guardian:BlockOnCardUsePotion"}],"is_trial":false,"path_per_floor":["R","M","?","$","?","R","T","E","$","R","M","R","$","M","M","B",null,"R","?","M","M","?","E","T","?","R","R","E","R","$","M","M","B",null,"R","?","$","M","?","R","T","R","M","?","R","$","M","T","M","B"],"character_chosen":"THE_SNECKO","items_purchased":["sneckomod:WideSting","sneckomod:QuickBite","Dead Branch","Happy Flower","sneckomod:UnknownEgg"],"campfire_rested":4,"item_purchase_floors":[4,9,37,37,46],"current_hp_per_floor":[99,86,86,86,86,86,86,36,26,55,55,55,35,35,23,1,99,99,99,99,85,85,14,14,14,43,72,37,66,37,13,15,3,99,99,99,99,85,84,84,84,84,72,74,99,99,82,89,65,0],"gold":167,"neow_bonus":"TEN_PERCENT_HP_BONUS","is_prod":false,"is_daily":false,"chose_seed":false,"campfire_upgraded":6,"win_rate":0.0,"timestamp":1622998514,"path_taken":["R","M","?","?","?","R","T","E","?","R","M","R","?","M","M","BOSS","R","?","M","?","?","E","T","?","R","R","E","R","$","M","M","BOSS","R","?","$","M","?","R","T","R","?","?","R","$","M","?","M","BOSS"],"build_version":"2020-12-22","purchased_purges":1,"victory":false,"max_hp_per_floor":[99,99,99,99,99,99,99,99,99,99,99,99,99,99,99,99,99,99,99,99,99,99,99,99,99,99,99,99,99,99,99,99,99,99,99,99,99,99,99,99,99,99,99,99,99,99,99,106,106,106],"card_choices":[{"not_picked":["sneckomod:SoulDraw","sneckomod:QuickMove"],"picked":"sneckomod:UnknownBlock","floor":2.0},{"not_picked":["sneckomod:UnknownDraw","sneckomod:QuickMove"],"picked":"sneckomod:Unknown1Cost","floor":4.0},{"not_picked":["sneckomod:UnknownDraw","sneckomod:QuickMove"],"picked":"sneckomod:SnekBeam","floor":8.0},{"not_picked":["sneckomod:SoulCleanse","sneckomod:UnknownWeak"],"picked":"sneckomod:ImprovisedGuard","floor":9.0},{"not_picked":["sneckomod:Unknown1Cost","sneckomod:WideSting"],"picked":"sneckomod:UnknownX","floor":11.0},{"not_picked":["sneckomod:UnknownX","sneckomod:DiceCrush"],"picked":"sneckomod:SerpentIdol","floor":13.0},{"not_picked":["sneckomod:Nope","sneckomod:UnknownCommonSkill"],"picked":"sneckomod:TrashToTreasure","floor":14.0},{"not_picked":["sneckomod:UnknownX","sneckomod:UnknownVulnerable"],"picked":"sneckomod:Cheat","floor":15.0},{"not_picked":["sneckomod:UnknownRareSkill","sneckomod:SerpentMind+1"],"picked":"sneckomod:MorePower+1","floor":16.0},{"not_picked":["Guardian:GemFinder","Guardian:RefractedBeam"],"picked":"Guardian:TimeBomb","floor":20.0},{"not_picked":["sneckomod:SoulDraw","sneckomod:QuickBite"],"picked":"sneckomod:SlitherStrike","floor":20.0},{"not_picked":["Guardian:Clone","Guardian:ShieldCharger"],"picked":"Guardian:TimeSifter","floor":21.0},{"not_picked":["sneckomod:UnknownWeak+1","sneckomod:UnknownCommonSkill+1"],"picked":"sneckomod:UnknownExhaust+1","floor":21.0},{"not_picked":["sneckomod:SoulRoll+1","sneckomod:QuickBite"],"picked":"sneckomod:Unknown2Cost","floor":21.0},{"not_picked":["Guardian:Repulse","Guardian:FierceBash"],"picked":"Guardian:CompilePackage","floor":23.0},{"not_picked":["sneckomod:Unknown1Cost+1","sneckomod:Unknown2Cost+1"],"picked":"sneckomod:UnknownUncommonPower+1","floor":23.0},{"not_picked":["sneckomod:SoulRoll","sneckomod:TrashToTreasure"],"picked":"sneckomod:UnknownUncommonSkill","floor":23.0},{"not_picked":["Guardian:Planning","Guardian:Reroute"],"picked":"Guardian:EvasiveProtocol","floor":28.0},{"not_picked":["sneckomod:UnknownStrike+1","sneckomod:Unknown2Cost+1"],"picked":"sneckomod:UnknownBoss+1","floor":28.0},{"not_picked":["sneckomod:ImprovisedAttack","sneckomod:RainOfDice+1"],"picked":"sneckomod:Unknown1Cost","floor":28.0},{"not_picked":["sneckomod:Unknown1Cost+1","sneckomod:Unknown2Cost+1"],"picked":"sneckomod:Unknown3Cost+1","floor":30.0},{"not_picked":["Guardian:EvasiveProtocol","Guardian:VentSteam"],"picked":"Guardian:Incinerate","floor":30.0},{"not_picked":["sneckomod:SnakeSap","sneckomod:DangerNoodle"],"picked":"sneckomod:Restock","floor":30.0},{"not_picked":["sneckomod:UnknownVulnerable+1","sneckomod:UnknownBlock+1"],"picked":"sneckomod:Unknown3Cost+1","floor":31.0},{"not_picked":["sneckomod:UnknownUncommonAttack+1","sneckomod:UnknownUncommonSkill"],"picked":"sneckomod:SoulCleanse","floor":31.0},{"not_picked":["Guardian:GuardianWhirl","Guardian:ChargeCore"],"picked":"Guardian:ExploitGems","floor":31.0},{"not_picked":["sneckomod:Unknown2Cost+1","sneckomod:UnknownX+1"],"picked":"sneckomod:Unknown1Cost+1","floor":33.0},{"not_picked":["Guardian:TwinSlam","Guardian:TimeBomb"],"picked":"Guardian:Orbwalk","floor":33.0},{"not_picked":["sneckomod:SoulExchange","sneckomod:Mudshield+1"],"picked":"sneckomod:UnknownRarePower+1","floor":33.0},{"not_picked":["sneckomod:DefensiveFlair","sneckomod:WideSting+1"],"picked":"sneckomod:SerpentIdol+1","floor":37.0},{"not_picked":["sneckomod:Unknown1Cost+1","sneckomod:UnknownCommonAttack+1"],"picked":"sneckomod:UnknownUncommonAttack+1","floor":38.0},{"not_picked":["sneckomod:SoulRoll","sneckomod:UnknownStrike","sneckomod:RainOfDice+1"],"picked":"SKIP","floor":38.0},{"not_picked":["sneckomod:UnknownCommonAttack+1","sneckomod:DiceCrush+1"],"picked":"sneckomod:UnknownUncommonAttack+1","floor":43.0},{"not_picked":["sneckomod:UnknownVulnerable+1","sneckomod:UnknownExhaust+1"],"picked":"sneckomod:UnknownStrike+1","floor":44.0},{"not_picked":["sneckomod:IronFang+1","sneckomod:QuickMove"],"picked":"sneckomod:DiceBoulder+1","floor":44.0},{"not_picked":["sneckomod:UnknownCommonSkill+1","sneckomod:UnknownClassGUARDIAN+1"],"picked":"sneckomod:Unknown3Cost+1","floor":47.0},{"not_picked":["sneckomod:Unknown1Cost+1","sneckomod:UnknownUncommonSkill+1"],"picked":"sneckomod:SoulDraw","floor":49}],"player_experience":1484898,"relics_obtained":[{"floor":7.0,"key":"Frozen Egg 2"},{"floor":8.0,"key":"Ancient Tea Set"},{"floor":23.0,"key":"WingedGreaves"},{"floor":24.0,"key":"Oddly Smooth Stone"},{"floor":28.0,"key":"Blood Vial"},{"floor":39.0,"key":"downfall:GremlinWheel"},{"floor":41.0,"key":"Mummified Hand"},{"floor":44.0,"key":"StoneCalendar"},{"floor":48.0,"key":"Strawberry"}],"event_choices":[{"damage_healed":25.0,"max_hp_gain":0.0,"max_hp_loss":0.0,"gold_gain":0.0,"event_name":"Wheel of Change","player_choice":"Full Heal","floor":45.0,"gold_loss":0.0,"damage_taken":0.0}],"is_beta":false,"boss_relics":[{"not_picked":["Runic Dome","Empty Cage"],"picked":"sneckomod:SneckoBoss"},{"not_picked":["Cursed Key","Tiny House"],"picked":"SlaversCollar"}],"items_purged_floors":[30],"is_endless":false,"potions_floor_spawned":[8,11,15,16,21,31,32,38,39,49],"killed_by":"WA_ARCHETYPE_DIVINITY","ascension_level":0}