{"gold_per_floor":[99,99,99,118,118,118,168,197,197,197,197,647,312,325,339,339],"floor_reached":16,"playtime":2837,"items_purged":["downfall:Icky"],"score":96,"play_id":"0fd28325-3f39-484b-9e8d-73b709401ef8","local_time":"20220507150054","is_ascension_mode":false,"campfire_choices":[{"data":"sneckomod:Unknown","floor":1,"key":"SMITH"},{"data":"sneckomod:Unknown","floor":6,"key":"SMITH"},{"floor":9,"key":"RECALL"},{"data":"sneckomod:SerpentIdol","floor":11,"key":"SMITH"}],"neow_cost":"TEN_PERCENT_HP_LOSS","seed_source_timestamp":14715518748800,"circlet_count":0,"master_deck":["sneckomod:Strike","sneckomod:Strike+1","sneckomod:Strike","sneckomod:Defend","sneckomod:Defend","sneckomod:Defend","sneckomod:Defend","sneckomod:TailWhip","sneckomod:SnekBite+1","sneckomod:Unknown+1","sneckomod:Unknown+1","sneckomod:DiceBlock","sneckomod:CheapStock","sneckomod:UnknownDraw","sneckomod:SerpentIdol+1","downfall:Icky","downfall:Icky","sneckomod:UnknownStrike","expansioncontent:Chronoboost","sneckomod:Unknown3Cost","sneckomod:QuickMove"],"relics":["sneckomod:SneckoSoul","Prayer Wheel","Thread and Needle","Potion Belt","Whetstone","hermit:BrassTacks"],"potions_floor_usage":[],"damage_taken":[{"damage":2,"enemies":"2 Louse","floor":4,"turns":2},{"damage":23,"enemies":"Gremlin Nob","floor":8,"turns":4},{"damage":0,"enemies":"Cultist","floor":10,"turns":1},{"damage":1,"enemies":"downfall:FleeingMerchant","floor":13,"turns":4},{"damage":0,"enemies":"Jaw Worm","floor":14,"turns":3},{"damage":0,"enemies":"3 Louse","floor":15,"turns":6},{"damage":45,"enemies":"HERMIT_SHARPSHOOTER_ARCHETYPE","floor":16,"turns":12}],"seed_played":"-3147979213860638552","potions_obtained":[{"floor":14,"key":"Strength Potion"}],"is_trial":false,"path_per_floor":["R","?","?","M","?","R","T","E","R","M","R","?","$","M","M","B"],"character_chosen":"THE_SNECKO","items_purchased":["hermit:BrassTacks","expansioncontent:Chronoboost"],"campfire_rested":0,"item_purchase_floors":[13,13],"current_hp_per_floor":[77,65,65,63,63,63,63,40,40,40,40,40,39,39,39,0],"gold":339,"neow_bonus":"ONE_RARE_RELIC","is_prod":false,"is_daily":false,"chose_seed":false,"campfire_upgraded":3,"win_rate":0.0,"timestamp":1651928454,"path_taken":["R","?","?","?","?","R","T","E","R","M","R","?","$","M","M","BOSS"],"build_version":"2022-03-07","purchased_purges":1,"victory":false,"max_hp_per_floor":[77,77,77,77,77,77,77,77,77,77,77,77,77,77,77,77],"card_choices":[{"not_picked":["sneckomod:Memorize","sneckomod:UnknownUncommonAttack"],"picked":"sneckomod:DiceBlock","floor":4},{"not_picked":["sneckomod:DiceCrush","sneckomod:SoulDraw"],"picked":"sneckomod:CheapStock","floor":4},{"not_picked":["sneckomod:SoulCleanse","sneckomod:UnknownVulnerable"],"picked":"sneckomod:UnknownDraw","floor":8},{"not_picked":["sneckomod:SoulCleanse","sneckomod:SoulRoll"],"picked":"sneckomod:SerpentIdol","floor":10},{"not_picked":["sneckomod:SoulRoll","sneckomod:UnknownExhaust","sneckomod:SerpentIdol"],"picked":"SKIP","floor":10},{"not_picked":["sneckomod:SoulRoll","sneckomod:SoulCleanse"],"picked":"sneckomod:UnknownStrike","floor":13},{"not_picked":["sneckomod:RainOfDice","sneckomod:ImprovisedGuard"],"picked":"sneckomod:Unknown3Cost","floor":14},{"not_picked":["sneckomod:UnknownDraw","sneckomod:UnknownBlock","sneckomod:QuickBite"],"picked":"SKIP","floor":14},{"not_picked":["sneckomod:UnknownCommonSkill","sneckomod:Unknown1Cost"],"picked":"sneckomod:QuickMove","floor":15},{"not_picked":["sneckomod:UnknownBlock","sneckomod:SoulRoll","sneckomod:Memorize"],"picked":"SKIP","floor":15}],"player_experience":1942502,"relics_obtained":[{"floor":7,"key":"Potion Belt"},{"floor":8,"key":"Whetstone"}],"event_choices":[{"damage_healed":0,"gold_gain":0,"player_choice":"Success","damage_taken":12,"relics_obtained":["Thread and Needle"],"max_hp_gain":0,"max_hp_loss":0,"event_name":"Scrap Ooze","floor":2,"gold_loss":0},{"damage_healed":0,"gold_gain":0,"player_choice":"Ignored","damage_taken":0,"max_hp_gain":0,"max_hp_loss":0,"event_name":"NoteForYourself","floor":3,"gold_loss":0},{"damage_healed":0,"gold_gain":0,"player_choice":"Collected Statue","damage_taken":0,"relics_obtained":["downfall:BrokenWingStatue"],"max_hp_gain":0,"max_hp_loss":0,"event_name":"downfall:WingStatue","floor":5,"gold_loss":0},{"damage_healed":0,"gold_gain":450,"player_choice":"Gooped x3","damage_taken":0,"max_hp_gain":0,"max_hp_loss":0,"event_name":"downfall:WorldOfGoop","floor":12,"gold_loss":0,"cards_obtained":["downfall:Icky","downfall:Icky","downfall:Icky"]}],"is_beta":false,"boss_relics":[],"items_purged_floors":[13],"is_endless":false,"potions_floor_spawned":[14],"killed_by":"HERMIT_SHARPSHOOTER_ARCHETYPE","ascension_level":0}