{"gold_per_floor":[115,115,115,127,202,202,221,256,256,256,290,290,290,26,26,151,214,237,260,279,279,194,194,194,194,194,194,210,226,151,175,175,298,298,311,311,436,495,43,43,61,61,143,143],"floor_reached":44,"playtime":2648,"items_purged":["Injury","Writhe"],"score":652,"play_id":"7a94ad5e-3dad-47fa-b984-655f67f6a316","local_time":"20181204181858","is_ascension_mode":true,"campfire_choices":[{"floor":6.0,"key":"REST"},{"floor":12.0,"key":"REST"},{"floor":15.0,"key":"REST"},{"floor":23.0,"key":"REST"},{"floor":24.0,"key":"RECALL"},{"data":"Apotheosis","floor":27.0,"key":"SMITH"},{"floor":32.0,"key":"REST"},{"floor":40,"key":"REST"}],"neow_cost":"NONE","seed_source_timestamp":0,"circlet_count":0,"master_deck":["Defend_G","Defend_G","Defend_G","Strike_G+1","Survivor+1","Neutralize","Masterful Stab+1","Underhanded Strike","All Out Attack","Tactician","Doppelganger","Venomology","Apotheosis+1","Underhanded Strike","A Thousand Cuts","Underhanded Strike","Distraction+1","Escape Plan+1","Finisher","Dodge and Roll","Dagger Throw","Escape Plan","Distraction+1","Adrenaline","Underhanded Strike","Backflip+1","Tactician","Tactician"],"special_seed":0,"relics":["Ring of the Snake","WingedGreaves","Mango","Golden Idol","Pocketwatch","Paper Crane","Tiny House","Strawberry","WristBlade","Unceasing Top","Torii","Lantern","DollysMirror","Bottled Tornado"],"potions_floor_usage":[38,44,44],"damage_taken":[{"damage":0.0,"enemies":"2 Louse","floor":1.0,"turns":3.0},{"damage":0.0,"enemies":"Jaw Worm","floor":4.0,"turns":3.0},{"damage":0.0,"enemies":"Small Slimes","floor":7.0,"turns":2.0},{"damage":25.0,"enemies":"3 Sentries","floor":8.0,"turns":7.0},{"damage":36.0,"enemies":"Lagavulin","floor":11.0,"turns":7.0},{"damage":9.0,"enemies":"Hexaghost","floor":16.0,"turns":13.0},{"damage":15.0,"enemies":"2 Thieves","floor":18.0,"turns":4.0},{"damage":15.0,"enemies":"3 Byrds","floor":19.0,"turns":5.0},{"damage":29.0,"enemies":"3 Cultists","floor":20.0,"turns":5.0},{"damage":18.0,"enemies":"Chosen and Byrds","floor":28.0,"turns":5.0},{"damage":14.0,"enemies":"Centurion and Healer","floor":29.0,"turns":5.0},{"damage":8.0,"enemies":"Cultist and Chosen","floor":31.0,"turns":5.0},{"damage":26.0,"enemies":"Champ","floor":33.0,"turns":12.0},{"damage":25,"enemies":"3 Darklings","floor":35,"turns":4},{"damage":6,"enemies":"Mind Bloom Boss Battle","floor":37,"turns":7},{"damage":57,"enemies":"2 Orb Walkers","floor":38,"turns":5},{"damage":3,"enemies":"3 Shapes","floor":41,"turns":4},{"damage":45,"enemies":"Giant Head","floor":44,"turns":7}],"seed_played":"-210320856575595097","potions_obtained":[{"floor":1.0,"key":"SteroidPotion"},{"floor":4.0,"key":"LiquidBronze"},{"floor":17.0,"key":"Ancient Potion"},{"floor":18.0,"key":"Swift Potion"},{"floor":20.0,"key":"AttackPotion"},{"floor":31.0,"key":"Swift Potion"},{"floor":37,"key":"Swift Potion"},{"floor":41,"key":"Energy Potion"}],"is_trial":false,"path_per_floor":["M","?","?","M","?","R","M","E","T","?","E","R","?","$","R","B",null,"M","M","M","M","?","?","R","R","?","T","R","M","M","?","M","R","B",null,"M","?","?","?","$","R","M","$","T","E"],"character_chosen":"THE_SILENT","items_purchased":["Apotheosis","Underhanded Strike","Lantern","DollysMirror"],"campfire_rested":6,"item_purchase_floors":[14,14,39,39],"current_hp_per_floor":[63,56,42,42,31,52,52,27,41,41,5,30,30,30,55,46,80,65,50,21,21,28,56,56,56,56,56,38,24,24,16,44,18,77,52,76,70,13,13,41,38,38,38,0],"gold":143,"neow_bonus":"TRANSFORM_CARD","is_prod":false,"is_daily":false,"chose_seed":false,"campfire_upgraded":1,"win_rate":0,"timestamp":1543965538,"path_taken":["M","?","?","?","?","R","M","E","T","?","E","R","?","$","R","BOSS","M","?","M","?","?","R","R","?","T","R","M","M","?","?","R","BOSS","M","?","?","?","$","R","M","?","T","E"],"build_version":"2018-11-15","purchased_purges":2,"victory":false,"max_hp_per_floor":[70,70,70,70,70,70,70,70,84,84,84,84,84,84,84,84,89,89,89,89,89,96,96,96,96,96,96,96,96,96,96,96,96,96,96,96,96,96,96,96,96,96,96,96],"card_choices":[{"not_picked":["Catalyst","Acrobatics"],"picked":"Underhanded Strike","floor":1.0},{"not_picked":["Prepared","Dagger Throw"],"picked":"All Out Attack","floor":4.0},{"not_picked":["Blade Dance","Prepared"],"picked":"Tactician","floor":7.0},{"not_picked":["Choke","PiercingWail"],"picked":"Doppelganger","floor":8.0},{"not_picked":["Calculated Gamble","Noxious Fumes"],"picked":"Venomology","floor":11.0},{"not_picked":["Night Terror","Malaise"],"picked":"A Thousand Cuts","floor":16.0},{"not_picked":["Cloak And Dagger","Predator"],"picked":"Underhanded Strike","floor":17.0},{"not_picked":["Quick Slash+1","Dagger Throw"],"picked":"Distraction+1","floor":18.0},{"not_picked":["Catalyst","Flying Knee"],"picked":"Escape Plan+1","floor":19.0},{"not_picked":["Sucker Punch","Grand Finale"],"picked":"Finisher","floor":20.0},{"not_picked":["Well Laid Plans","Slice","Flying Knee+1"],"picked":"SKIP","floor":28.0},{"not_picked":["Distraction","Predator"],"picked":"Escape Plan","floor":29.0},{"not_picked":["Deflect","Riddle With Holes"],"picked":"Distraction+1","floor":31.0},{"not_picked":["Burst","Tools of the Trade"],"picked":"Adrenaline","floor":33.0},{"not_picked":["Dagger Throw","Masterful Stab"],"picked":"Underhanded Strike","floor":35},{"not_picked":["Slice","Deflect+1"],"picked":"Backflip+1","floor":37},{"not_picked":["Prepared+1","Quick Slash"],"picked":"Tactician","floor":41}],"player_experience":614075,"relics_obtained":[{"floor":8.0,"key":"WingedGreaves"},{"floor":9.0,"key":"Mango"},{"floor":11.0,"key":"Pocketwatch"},{"floor":37,"key":"Unceasing Top"},{"floor":38,"key":"Torii"},{"floor":43,"key":"Bottled Tornado"}],"event_choices":[{"cards_removed":["Strike_G"],"damage_healed":0.0,"max_hp_gain":0.0,"max_hp_loss":0.0,"gold_gain":0.0,"event_name":"Golden Wing","player_choice":"Card Removal","floor":2.0,"gold_loss":0.0,"damage_taken":7.0},{"damage_healed":0.0,"max_hp_gain":0.0,"max_hp_loss":0.0,"gold_gain":0.0,"event_name":"Shining Light","player_choice":"Entered Light","floor":3.0,"gold_loss":0.0,"damage_taken":14.0,"cards_upgraded":["Strike_G","Masterful Stab"]},{"damage_healed":0.0,"max_hp_gain":0.0,"max_hp_loss":0.0,"gold_gain":75.0,"event_name":"World of Goop","player_choice":"Gather Gold","floor":5.0,"gold_loss":0.0,"damage_taken":11.0},{"damage_healed":0.0,"max_hp_gain":0.0,"max_hp_loss":0.0,"gold_gain":0.0,"event_name":"Golden Idol","player_choice":"Take Wound","floor":10.0,"gold_loss":0.0,"damage_taken":0.0,"relics_obtained":["Golden Idol"],"cards_obtained":["Injury"]},{"damage_healed":0.0,"max_hp_gain":0.0,"max_hp_loss":0.0,"gold_gain":0.0,"event_name":"WeMeetAgain","player_choice":"Gave Potion","floor":13.0,"gold_loss":0.0,"damage_taken":0.0,"relics_obtained":["Paper Crane"]},{"damage_healed":0.0,"max_hp_gain":0.0,"max_hp_loss":0.0,"gold_gain":0.0,"cards_transformed":["Defend_G","Strike_G"],"event_name":"Drug Dealer","player_choice":"Became Test Subject","floor":21.0,"gold_loss":0.0,"damage_taken":0.0,"cards_obtained":["Dodge and Roll","Dagger Throw"]},{"damage_healed":0.0,"max_hp_gain":0.0,"max_hp_loss":0.0,"gold_gain":0.0,"event_name":"Addict","player_choice":"Obtained Relic","floor":22.0,"gold_loss":85.0,"damage_taken":0.0,"relics_obtained":["Strawberry"]},{"cards_removed":["Defend_G"],"damage_healed":0.0,"max_hp_gain":0.0,"max_hp_loss":0.0,"gold_gain":0.0,"event_name":"Back to Basics","player_choice":"Elegance","floor":25.0,"gold_loss":0.0,"damage_taken":0.0},{"cards_removed":["Strike_G"],"damage_healed":0.0,"max_hp_gain":0.0,"max_hp_loss":0.0,"gold_gain":0.0,"event_name":"Beggar","player_choice":"Gave Gold","floor":30.0,"gold_loss":75.0,"damage_taken":0.0},{"damage_healed":24,"gold_gain":0,"player_choice":"Writhe","damage_taken":0,"max_hp_gain":0,"max_hp_loss":0,"event_name":"Winding Halls","floor":36,"gold_loss":0,"cards_obtained":["Writhe"]},{"damage_healed":0,"gold_gain":0,"player_choice":"Fight","damage_taken":0,"max_hp_gain":0,"max_hp_loss":0,"event_name":"MindBloom","floor":37,"gold_loss":0},{"damage_healed":0,"gold_gain":0,"player_choice":"Fight","damage_taken":0,"max_hp_gain":0,"max_hp_loss":0,"event_name":"Mysterious Sphere","floor":38,"gold_loss":0}],"is_beta":false,"boss_relics":[{"not_picked":["HoveringKite","Pandora\u0027s Box"],"picked":"Tiny House"},{"not_picked":["Velvet Choker","Snecko Eye"],"picked":"WristBlade"}],"items_purged_floors":[14,39],"is_endless":false,"potions_floor_spawned":[1,4,18,20,31,37,41],"killed_by":"Giant Head","ascension_level":8}