{"gold_per_floor":[113,113,125,125,138,172,172,190,190,190,209,209,209,221,221,326,326,340,354,377,390,390,390,406,435,513,124,124,142,73,93,93,188,188,201,201,216,236,246,246,260,0,0,29,49,49,49,49,49,49],"floor_reached":50,"playtime":1973,"items_purged":["Strike_G"],"score":744,"play_id":"57fe5d21-0896-4578-bb13-126f7d61f7cd","local_time":"20181205223703","is_ascension_mode":true,"campfire_choices":[{"floor":7,"key":"REST"},{"data":"Noxious Fumes","floor":10,"key":"SMITH"},{"data":"Strike_G","floor":15,"key":"PURGE"},{"data":"Strike_G","floor":23,"key":"PURGE"},{"floor":32,"key":"REST"},{"floor":40,"key":"REST"},{"floor":46,"key":"REST"},{"data":"Writhe","floor":49,"key":"PURGE"}],"neow_cost":"NONE","seed_source_timestamp":19743843776362,"circlet_count":0,"master_deck":["Defend_G+1","Defend_G","Defend_G","Defend_G","Defend_G","Strike_G","Survivor+1","Neutralize","Poisoned Stab+1","Malaise","Underhanded Strike","Noxious Fumes+1","Noxious Fumes","Poisoned Stab","Bane","Bane+1","Caltrops","Footwork","Bandage Up+1","Leg Sweep","Footwork","Caltrops","After Image","Bouncing Flask","Backflip+1","Deadly Poison+1","Apotheosis","Noxious Fumes","Noxious Fumes+1"],"relics":["Ring of the Snake","Mercury Hourglass","Bird Faced Urn","Peace Pipe","Mango","Black Star","Ancient Tea Set","Matryoshka","Paper Crane","PreservedInsect","Ornamental Fan","Art of War","War Paint","Question Card","Lizard Tail","Smiling Mask","Lantern","Strawberry"],"potions_floor_usage":[6,21,24,29,35,38,45,50],"damage_taken":[{"damage":4,"enemies":"Small Slimes","floor":1,"turns":5},{"damage":0,"enemies":"2 Louse","floor":3,"turns":3},{"damage":1,"enemies":"Jaw Worm","floor":5,"turns":3},{"damage":19,"enemies":"Gremlin Nob","floor":6,"turns":5},{"damage":0,"enemies":"Looter","floor":8,"turns":3},{"damage":1,"enemies":"Red Slaver","floor":11,"turns":4},{"damage":1,"enemies":"Lots of Slimes","floor":14,"turns":3},{"damage":18,"enemies":"Hexaghost","floor":16,"turns":8},{"damage":6,"enemies":"Shell Parasite","floor":18,"turns":6},{"damage":12,"enemies":"Spheric Guardian","floor":19,"turns":5},{"damage":11,"enemies":"Snake Plant","floor":21,"turns":4},{"damage":16,"enemies":"Centurion and Healer","floor":24,"turns":6},{"damage":68,"enemies":"Book of Stabbing","floor":25,"turns":7},{"damage":1,"enemies":"Chosen and Byrds","floor":29,"turns":5},{"damage":6,"enemies":"Snake Plant","floor":31,"turns":5},{"damage":57,"enemies":"Champ","floor":33,"turns":15},{"damage":11,"enemies":"Orb Walker","floor":35,"turns":6},{"damage":28,"enemies":"3 Shapes","floor":37,"turns":5},{"damage":29,"enemies":"Sphere and 2 Shapes","floor":38,"turns":7},{"damage":70,"enemies":"Jaw Worm Horde","floor":39,"turns":7},{"damage":22,"enemies":"Maw","floor":41,"turns":8},{"damage":54,"enemies":"Giant Head","floor":44,"turns":9},{"damage":62,"enemies":"Transient","floor":45,"turns":5},{"damage":105,"enemies":"Donu and Deca","floor":50,"turns":6}],"seed_played":"-8581613193100718700","potions_obtained":[{"floor":1,"key":"Energy Potion"},{"floor":11,"key":"Block Potion"},{"floor":14,"key":"Poison Potion"},{"floor":16,"key":"AttackPotion"},{"floor":19,"key":"Block Potion"},{"floor":24,"key":"Ancient Potion"},{"floor":29,"key":"SteroidPotion"},{"floor":33,"key":"Block Potion"},{"floor":35,"key":"Regen Potion"},{"floor":37,"key":"SkillPotion"},{"floor":45,"key":"SteroidPotion"}],"is_trial":false,"path_per_floor":["M","?","M","?","M","E","R","M","T","R","M","T","?","M","R","B",null,"M","M","T","M","?","R","M","E","T","$","T","M","$","M","R","B",null,"M","?","M","M","M","R","M","$","T","E","M","R","?","?","R","B"],"character_chosen":"THE_SILENT","items_purchased":["Bandage Up","Leg Sweep","Art of War","Caltrops","Apotheosis","Noxious Fumes"],"campfire_rested":4,"item_purchase_floors":[27,27,27,30,42,42],"current_hp_per_floor":[66,66,66,51,50,31,54,54,54,54,57,57,71,72,72,58,83,81,73,73,66,91,91,75,13,13,13,13,26,26,38,65,26,75,82,82,70,61,9,36,34,34,34,9,17,46,71,71,71,0],"gold":49,"neow_bonus":"TEN_PERCENT_HP_BONUS","is_prod":false,"is_daily":false,"chose_seed":false,"campfire_upgraded":1,"win_rate":0,"timestamp":1544067423,"path_taken":["M","?","M","?","M","E","R","M","T","R","M","?","?","M","R","BOSS","M","M","?","?","?","R","M","E","T","?","?","M","$","?","R","BOSS","M","?","M","M","M","R","M","$","T","E","M","R","?","?","R","BOSS"],"build_version":"2018-11-15","purchased_purges":1,"victory":false,"max_hp_per_floor":[77,77,77,77,77,77,77,77,77,77,77,77,91,91,91,91,91,91,91,91,91,91,91,91,91,91,91,91,91,91,91,91,91,91,91,91,91,91,91,91,91,91,91,98,98,98,98,98,98,98],"card_choices":[{"not_picked":["Catalyst","Dodge and Roll"],"picked":"Poisoned Stab","floor":1},{"not_picked":["Expertise","Predator"],"picked":"Underhanded Strike","floor":3},{"not_picked":["Catalyst","Dash"],"picked":"Noxious Fumes","floor":5},{"not_picked":["Eviscerate","Blade Dance","Infinite Blades"],"picked":"SKIP","floor":6},{"not_picked":["Calculated Gamble","Bouncing Flask"],"picked":"Noxious Fumes","floor":8},{"not_picked":["Heel Hook","Flying Knee"],"picked":"Poisoned Stab","floor":11},{"not_picked":["All Out Attack","Predator"],"picked":"Bane","floor":14},{"not_picked":["Flying Knee","Dagger Spray"],"picked":"Bane+1","floor":18},{"not_picked":["Dagger Spray","Poisoned Stab"],"picked":"Caltrops","floor":19},{"not_picked":["Sucker Punch+1","Dagger Spray","Predator+1"],"picked":"SKIP","floor":21},{"not_picked":["All Out Attack","Grand Finale","Sucker Punch"],"picked":"SKIP","floor":24},{"not_picked":["Dagger Throw","Sucker Punch+1"],"picked":"Footwork","floor":25},{"not_picked":["Well Laid Plans","Blade Dance","Slice"],"picked":"Footwork","floor":29},{"not_picked":["Masterful Stab","Cloak And Dagger+1","Blade Dance","Poisoned Stab"],"picked":"SKIP","floor":31},{"not_picked":["Malaise","A Thousand Cuts","Die Die Die"],"picked":"After Image","floor":33},{"not_picked":["Slice+1","Distraction","Backflip"],"picked":"Bouncing Flask","floor":35},{"not_picked":["Dagger Throw+1","Tactician+1","PiercingWail+1"],"picked":"Backflip+1","floor":37},{"not_picked":["Reflex","Backflip","Finisher"],"picked":"Deadly Poison+1","floor":38},{"not_picked":["Endless Agony+1","Masterful Stab+1","Riddle With Holes","Quick Slash"],"picked":"SKIP","floor":39},{"not_picked":["Acrobatics","Reflex","Eviscerate","Deflect"],"picked":"SKIP","floor":41},{"not_picked":["Calculated Gamble+1","Dodge and Roll+1","Poisoned Stab+1","Accuracy+1"],"picked":"SKIP","floor":44},{"not_picked":["Dodge and Roll","Infinite Blades","Flying Knee","Finisher"],"picked":"SKIP","floor":45}],"player_experience":619475,"relics_obtained":[{"floor":6,"key":"Mercury Hourglass"},{"floor":9,"key":"Bird Faced Urn"},{"floor":12,"key":"Peace Pipe"},{"floor":20,"key":"Ancient Tea Set"},{"floor":25,"key":"Matryoshka"},{"floor":25,"key":"Paper Crane"},{"floor":26,"key":"PreservedInsect"},{"floor":26,"key":"Ornamental Fan"},{"floor":28,"key":"War Paint"},{"floor":28,"key":"Question Card"},{"floor":43,"key":"Smiling Mask"},{"floor":44,"key":"Lantern"},{"floor":44,"key":"Strawberry"}],"event_choices":[{"damage_healed":0,"gold_gain":0,"cards_transformed":["Strike_G"],"player_choice":"Change","damage_taken":0,"max_hp_gain":0,"max_hp_loss":0,"event_name":"Living Wall","floor":2,"gold_loss":0,"cards_obtained":["Malaise"]},{"damage_healed":0,"gold_gain":0,"player_choice":"Entered Light","damage_taken":15,"max_hp_gain":0,"max_hp_loss":0,"event_name":"Shining Light","floor":4,"gold_loss":0,"cards_upgraded":["Defend_G","Poisoned Stab"]},{"damage_healed":0,"gold_gain":0,"player_choice":"Gave Potion","damage_taken":0,"relics_obtained":["Mango"],"max_hp_gain":0,"max_hp_loss":0,"event_name":"WeMeetAgain","floor":13,"gold_loss":0},{"damage_healed":25,"gold_gain":0,"player_choice":"Full Heal","damage_taken":0,"max_hp_gain":0,"max_hp_loss":0,"event_name":"Wheel of Change","floor":22,"gold_loss":0},{"damage_healed":0,"gold_gain":0,"player_choice":"Ignored","damage_taken":0,"max_hp_gain":0,"max_hp_loss":0,"event_name":"Tomb of Lord Red Mask","floor":36,"gold_loss":0},{"damage_healed":25,"gold_gain":0,"player_choice":"Writhe","damage_taken":0,"max_hp_gain":0,"max_hp_loss":0,"event_name":"Winding Halls","floor":47,"gold_loss":0,"cards_obtained":["Writhe"]},{"damage_healed":0,"gold_gain":0,"player_choice":"Copied","damage_taken":0,"max_hp_gain":0,"max_hp_loss":0,"event_name":"Duplicator","floor":48,"gold_loss":0,"cards_obtained":["Noxious Fumes"]}],"is_beta":false,"boss_relics":[{"not_picked":["Runic Pyramid","Calling Bell"],"picked":"Black Star"},{"not_picked":["Pandora\u0027s Box","Ring of the Serpent"],"picked":"Lizard Tail"}],"items_purged_floors":[27],"is_endless":false,"potions_floor_spawned":[1,11,14,16,19,24,29,33,35,37,45],"killed_by":"Donu and Deca","ascension_level":8}