{"gold_per_floor":[117,117,65,77,92,92,0,16,16,16,191,191,201,235,235,332,332,351,371],"floor_reached":19,"playtime":844,"items_purged":[],"score":223,"play_id":"d7edc17a-4326-4c74-aef4-93736f2fcf59","local_time":"20181212232032","is_ascension_mode":true,"campfire_choices":[{"data":"Prepared","floor":6,"key":"SMITH"},{"data":"Jack Of All Trades","floor":12,"key":"SMITH"},{"floor":15,"key":"REST"}],"neow_cost":"NONE","seed_source_timestamp":22205502097627,"circlet_count":0,"master_deck":["Defend_G","Defend_G","Defend_G","Defend_G","Defend_G","Strike_G+1","Strike_G+1","Strike_G","Strike_G","Survivor","Neutralize","Outmaneuver","Prepared+1","Underhanded Strike","All Out Attack","Backflip","Jack Of All Trades+1","Doubt","Burst","Phantasmal Killer","Tools of the Trade","Acrobatics"],"relics":["Ring of the Snake","Whetstone","Question Card","Sozu"],"potions_floor_usage":[14,16],"damage_taken":[{"damage":5,"enemies":"2 Louse","floor":1,"turns":3},{"damage":0,"enemies":"Small Slimes","floor":4,"turns":3},{"damage":2,"enemies":"Jaw Worm","floor":5,"turns":4},{"damage":1,"enemies":"Looter","floor":8,"turns":3},{"damage":9,"enemies":"Exordium Wildlife","floor":13,"turns":5},{"damage":4,"enemies":"Lots of Slimes","floor":14,"turns":3},{"damage":39,"enemies":"Slime Boss","floor":16,"turns":14},{"damage":26,"enemies":"3 Byrds","floor":18,"turns":9},{"damage":33,"enemies":"Masked Bandits","floor":19,"turns":3}],"seed_played":"7047917301505490068","potions_obtained":[{"floor":8,"key":"Block Potion"},{"floor":14,"key":"Swift Potion"}],"is_trial":false,"path_per_floor":["M","?","$","M","M","R","$","M","T","?","?","R","M","M","R","B",null,"M","?"],"character_chosen":"THE_SILENT","items_purchased":["Underhanded Strike","Jack Of All Trades"],"campfire_rested":1,"item_purchase_floors":[3,7],"current_hp_per_floor":[58,58,58,58,56,56,56,55,55,55,55,55,46,42,63,24,59,33,0],"gold":371,"neow_bonus":"RANDOM_COMMON_RELIC","is_prod":false,"is_daily":false,"chose_seed":false,"campfire_upgraded":2,"win_rate":0,"timestamp":1544674832,"path_taken":["M","?","$","M","M","R","$","M","T","?","?","R","M","M","R","BOSS","M","?"],"build_version":"2018-12-06","purchased_purges":0,"victory":false,"max_hp_per_floor":[70,70,70,70,70,70,70,70,70,70,70,70,70,70,70,70,70,70,70],"card_choices":[{"not_picked":["Dodge and Roll","Quick Slash"],"picked":"Outmaneuver","floor":1},{"not_picked":["Blade Dance","Blur"],"picked":"All Out Attack","floor":4},{"not_picked":["Endless Agony","Cloak And Dagger"],"picked":"Backflip","floor":5},{"not_picked":["Blur","Bane","Crippling Poison"],"picked":"SKIP","floor":8},{"not_picked":["Blade Dance","Deadly Poison","Outmaneuver"],"picked":"Burst","floor":13},{"not_picked":["Outmaneuver","Backflip","Slice"],"picked":"Phantasmal Killer","floor":14},{"not_picked":["A Thousand Cuts","Malaise","Glass Knife"],"picked":"Tools of the Trade","floor":16},{"not_picked":["Deflect","Distraction","Quick Slash"],"picked":"Acrobatics","floor":18}],"player_experience":634437,"relics_obtained":[{"floor":9,"key":"Question Card"}],"event_choices":[{"damage_healed":0,"gold_gain":0,"cards_transformed":["Strike_G"],"player_choice":"Change","damage_taken":0,"max_hp_gain":0,"max_hp_loss":0,"event_name":"Living Wall","floor":2,"gold_loss":0,"cards_obtained":["Prepared"]},{"damage_healed":0,"gold_gain":0,"player_choice":"Leave","damage_taken":0,"max_hp_gain":0,"max_hp_loss":0,"event_name":"The Cleric","floor":10,"gold_loss":0},{"damage_healed":0,"gold_gain":175,"player_choice":"AGREE","damage_taken":0,"max_hp_gain":0,"max_hp_loss":0,"event_name":"Liars Game","floor":11,"gold_loss":0,"cards_obtained":["Doubt"]},{"damage_healed":0,"gold_gain":0,"player_choice":"Fought Bandits","damage_taken":0,"max_hp_gain":0,"max_hp_loss":0,"event_name":"Masked Bandits","floor":19,"gold_loss":0}],"is_beta":false,"boss_relics":[{"not_picked":["Runic Dome","Philosopher\u0027s Stone"],"picked":"Sozu"}],"items_purged_floors":[],"is_endless":false,"potions_floor_spawned":[8,14],"killed_by":"Masked Bandits","ascension_level":8}