{"gold_per_floor":[115,115,115,127,127,153,153,5,30,30,60,90,10,28,28,129,179,195,215,215,58,76,76,89,89,137,150,169,169,268,268,268,371,371,390,407,407],"floor_reached":37,"playtime":6133,"items_purged":["Strike_G"],"score":613,"play_id":"01d34abe-701b-4262-a3c1-a0695ff4c991","local_time":"20181213195701","is_ascension_mode":true,"campfire_choices":[{"data":"Accuracy","floor":7,"key":"SMITH"},{"floor":10,"key":"REST"},{"data":"Blade Dance","floor":15,"key":"SMITH"},{"floor":23,"key":"REST"},{"floor":25,"key":"REST"},{"data":"A Thousand Cuts","floor":29,"key":"SMITH"},{"floor":32,"key":"REST"}],"neow_cost":"NONE","seed_source_timestamp":91110484230927,"circlet_count":0,"master_deck":["Defend_G","Defend_G","Defend_G","Defend_G","Defend_G","Strike_G+1","Strike_G","Survivor","Neutralize","Accuracy+1","Corpse Explosion","Infinite Blades","Blade Dance+1","Accuracy","Leg Sweep","Escape Plan","A Thousand Cuts+1","Accuracy","Footwork+1","Bullet Time","Slice","Accuracy+1","Terror+1","Cloak And Dagger+1"],"relics":["Ring of the Serpent","Dream Catcher","Anchor","Strawberry","Regal Pillow","Happy Flower","Tiny House","Pen Nib","Juzu Bracelet"],"potions_floor_usage":[16,27,33,36,36,36],"damage_taken":[{"damage":1,"enemies":"Small Slimes","floor":1,"turns":5},{"damage":0,"enemies":"Jaw Worm","floor":4,"turns":6},{"damage":19,"enemies":"3 Sentries","floor":6,"turns":14},{"damage":40,"enemies":"Lagavulin","floor":11,"turns":6},{"damage":0,"enemies":"2 Louse","floor":14,"turns":2},{"damage":33,"enemies":"The Guardian","floor":16,"turns":11},{"damage":0,"enemies":"Chosen","floor":18,"turns":6},{"damage":16,"enemies":"Spheric Guardian","floor":19,"turns":4},{"damage":25,"enemies":"Centurion and Healer","floor":22,"turns":5},{"damage":27,"enemies":"Sentry and Sphere","floor":24,"turns":5},{"damage":10,"enemies":"Shelled Parasite and Fungi","floor":27,"turns":6},{"damage":21,"enemies":"Centurion and Healer","floor":28,"turns":6},{"damage":44,"enemies":"Champ","floor":33,"turns":12},{"damage":30,"enemies":"Orb Walker","floor":35,"turns":6},{"damage":28,"enemies":"3 Shapes","floor":36,"turns":3},{"damage":23,"enemies":"3 Darklings","floor":37,"turns":1}],"seed_played":"6890323647738762483","potions_obtained":[{"floor":1,"key":"SpeedPotion"},{"floor":11,"key":"EssenceOfSteel"},{"floor":17,"key":"PowerPotion"},{"floor":22,"key":"GhostInAJar"},{"floor":27,"key":"GhostInAJar"},{"floor":35,"key":"Strength Potion"}],"is_trial":false,"path_per_floor":["M","?","?","M","T","E","R","$","T","R","E","?","$","M","R","B",null,"M","M","?","$","M","R","M","R","T","M","M","R","?","?","R","B",null,"M","M","M"],"character_chosen":"THE_SILENT","items_purchased":["Infinite Blades","Accuracy","Pen Nib"],"campfire_rested":4,"item_purchase_floors":[8,13,21],"current_hp_per_floor":[62,55,60,60,60,48,48,48,48,82,42,42,42,42,42,9,69,69,53,53,53,28,69,42,83,83,73,52,52,52,52,87,43,76,46,18,0],"gold":407,"neow_bonus":"RANDOM_COMMON_RELIC","is_prod":false,"is_daily":false,"chose_seed":false,"campfire_upgraded":3,"win_rate":0,"timestamp":1544749021,"path_taken":["M","?","?","M","?","E","R","$","T","R","E","?","$","M","R","BOSS","M","M","?","$","M","R","M","R","T","M","M","R","?","?","R","BOSS","M","M","M"],"build_version":"2018-12-06","purchased_purges":1,"victory":false,"max_hp_per_floor":[70,70,75,75,75,82,82,82,82,82,82,82,82,82,82,82,87,87,87,87,87,87,87,87,87,87,87,87,87,87,87,87,87,87,87,87,87],"card_choices":[{"not_picked":["Bouncing Flask","Dodge and Roll"],"picked":"Deadly Poison","floor":1},{"not_picked":["Dodge and Roll","Backflip"],"picked":"Accuracy","floor":4},{"not_picked":["Dagger Throw","Concentrate"],"picked":"Corpse Explosion","floor":6},{"not_picked":["Backflip","Acrobatics"],"picked":"Blade Dance","floor":11},{"not_picked":["Predator","Flying Knee","Quick Slash"],"picked":"SKIP","floor":14},{"not_picked":["Flying Knee","Quick Slash"],"picked":"Leg Sweep","floor":17},{"not_picked":["Dodge and Roll","Noxious Fumes","Deadly Poison+1"],"picked":"SKIP","floor":18},{"not_picked":["Slice+1","Acrobatics"],"picked":"Escape Plan","floor":19},{"not_picked":["Setup","Outmaneuver","Quick Slash"],"picked":"SKIP","floor":22},{"not_picked":["Bane","Dodge and Roll"],"picked":"A Thousand Cuts","floor":23},{"not_picked":["Deadly Poison","Dagger Throw","Acrobatics"],"picked":"SKIP","floor":24},{"not_picked":["Quick Slash","Bouncing Flask"],"picked":"Accuracy","floor":25},{"not_picked":["Bouncing Flask","Bane"],"picked":"Footwork+1","floor":27},{"not_picked":["Deflect","Sucker Punch","Backflip+1"],"picked":"SKIP","floor":28},{"not_picked":["Deflect+1","After Image"],"picked":"Accuracy+1","floor":32},{"not_picked":["All Out Attack","Skewer+1"],"picked":"Terror+1","floor":35},{"not_picked":["Caltrops","Heel Hook"],"picked":"Cloak And Dagger+1","floor":36}],"player_experience":637248,"relics_obtained":[{"floor":5,"key":"Anchor"},{"floor":6,"key":"Strawberry"},{"floor":9,"key":"Regal Pillow"},{"floor":11,"key":"Happy Flower"},{"floor":26,"key":"Juzu Bracelet"}],"event_choices":[{"cards_removed":["Strike_G"],"damage_healed":0,"gold_gain":0,"player_choice":"Card Removal","damage_taken":7,"max_hp_gain":0,"max_hp_loss":0,"event_name":"Golden Wing","floor":2,"gold_loss":0},{"damage_healed":0,"gold_gain":0,"player_choice":"Donut","damage_taken":0,"max_hp_gain":5,"max_hp_loss":0,"event_name":"Big Fish","floor":3,"gold_loss":0},{"damage_healed":0,"gold_gain":30,"player_choice":"Searched \u00271\u0027 times","damage_taken":0,"max_hp_gain":0,"max_hp_loss":0,"event_name":"Dead Adventurer","floor":12,"gold_loss":0},{"damage_healed":0,"gold_gain":0,"player_choice":"Ignored","damage_taken":0,"max_hp_gain":0,"max_hp_loss":0,"event_name":"Vampires","floor":20,"gold_loss":0},{"damage_healed":0,"gold_gain":99,"player_choice":"Stole From Cult","damage_taken":0,"max_hp_gain":0,"max_hp_loss":0,"event_name":"Nest","floor":30,"gold_loss":0},{"damage_healed":0,"gold_gain":0,"cards_transformed":["Deadly Poison","Strike_G"],"player_choice":"Became Test Subject","damage_taken":0,"max_hp_gain":0,"max_hp_loss":0,"event_name":"Drug Dealer","floor":31,"gold_loss":0,"cards_obtained":["Bullet Time","Slice"]}],"is_beta":false,"boss_relics":[{"not_picked":["Ectoplasm","Runic Pyramid"],"picked":"Tiny House"},{"not_picked":["Calling Bell","White Beast Statue"],"picked":"Ring of the Serpent"}],"items_purged_floors":[8],"is_endless":false,"potions_floor_spawned":[1,11,22,27,35],"killed_by":"3 Darklings","ascension_level":8}