{"gold_per_floor":[117,292,292,292,307,307,8,37,92,92,57,57],"floor_reached":12,"playtime":284,"items_purged":["Doubt"],"score":107,"play_id":"84b42421-60e4-4afe-b95d-5549a99e5939","local_time":"20181222232958","is_ascension_mode":true,"campfire_choices":[{"data":"Tactician","floor":6,"key":"SMITH"},{"floor":10,"key":"REST"}],"neow_cost":"PERCENT_DAMAGE","seed_source_timestamp":27787507069210,"circlet_count":0,"master_deck":["Defend_G","Defend_G","Defend_G","Defend_G","Defend_G","Strike_G","Strike_G","Strike_G","Strike_G","Strike_G","Survivor","Neutralize","Dramatic Entrance","Impatience","Tactician+1","Finisher","Distraction"],"relics":["Ring of the Snake","The Specimen","Juzu Bracelet","Bottled Flame","Regal Pillow"],"potions_floor_usage":[],"damage_taken":[{"damage":0,"enemies":"Jaw Worm","floor":1,"turns":5},{"damage":5,"enemies":"Cultist","floor":5,"turns":5},{"damage":38,"enemies":"Lagavulin","floor":8,"turns":7},{"damage":80,"enemies":"Gremlin Nob","floor":12,"turns":4}],"seed_played":"-814760372411004386","potions_obtained":[{"floor":1,"key":"GamblersBrew"},{"floor":8,"key":"LiquidBronze"}],"is_trial":false,"path_per_floor":["M","?","T","?","M","R","$","E","T","R","?","?"],"character_chosen":"THE_SILENT","items_purchased":["Juzu Bracelet","Finisher"],"campfire_rested":1,"item_purchase_floors":[7,7],"current_hp_per_floor":[45,45,45,50,45,45,45,7,7,44,62,0],"gold":57,"neow_bonus":"RANDOM_COLORLESS_2","is_prod":false,"is_daily":false,"chose_seed":false,"campfire_upgraded":1,"win_rate":0,"timestamp":1545539398,"path_taken":["M","?","?","?","?","R","?","E","T","R","?","?"],"build_version":"2018-12-20","purchased_purges":1,"victory":false,"max_hp_per_floor":[70,70,70,75,75,75,75,75,75,75,75,75],"card_choices":[{"not_picked":["Flechettes","Prepared"],"picked":"Tactician","floor":1},{"not_picked":["Deadly Poison","Flying Knee","Dash"],"picked":"SKIP","floor":5},{"not_picked":["Catalyst","Riddle With Holes"],"picked":"Distraction","floor":8}],"player_experience":653205,"relics_obtained":[{"floor":3,"key":"The Specimen"},{"floor":8,"key":"Bottled Flame"},{"floor":9,"key":"Regal Pillow"}],"event_choices":[{"damage_healed":0,"gold_gain":175,"player_choice":"AGREE","damage_taken":0,"max_hp_gain":0,"max_hp_loss":0,"event_name":"Liars Game","floor":2,"gold_loss":0,"cards_obtained":["Doubt"]},{"damage_healed":0,"gold_gain":0,"player_choice":"Donut","damage_taken":0,"max_hp_gain":5,"max_hp_loss":0,"event_name":"Big Fish","floor":4,"gold_loss":0},{"damage_healed":18,"gold_gain":0,"player_choice":"Healed","damage_taken":0,"max_hp_gain":0,"max_hp_loss":0,"event_name":"The Cleric","floor":11,"gold_loss":35},{"damage_healed":0,"gold_gain":0,"player_choice":"Searched \u00272\u0027 times","damage_taken":0,"max_hp_gain":0,"max_hp_loss":0,"event_name":"Dead Adventurer","floor":12,"gold_loss":0}],"is_beta":false,"boss_relics":[],"items_purged_floors":[7],"is_endless":false,"potions_floor_spawned":[1,8],"killed_by":"Gremlin Nob","ascension_level":9}