{"gold_per_floor":[110,110,70,70,70,98,98,126,149,179,209,16,34,86,86,189,189,204,9,9,9,29,60,80,80,148,181,198,227,0,12,12,115,115,131,131,5,25,44,44,56,56,56,83,135,164,264,293,293,293],"floor_reached":51,"playtime":1754,"items_purged":["Strike_G"],"score":1393,"play_id":"ec4bf32e-3c0c-4021-8b63-38ecdcbd6f03","local_time":"20181222235932","is_ascension_mode":true,"campfire_choices":[{"data":"Cloak And Dagger","floor":7,"key":"SMITH"},{"floor":15,"key":"REST"},{"data":"Accuracy","floor":25,"key":"SMITH"},{"floor":32,"key":"REST"},{"data":"Adrenaline","floor":40,"key":"SMITH"},{"data":"Cloak And Dagger","floor":42,"key":"SMITH"},{"floor":49,"key":"DIG"}],"neow_cost":"NONE","seed_source_timestamp":28082911247850,"circlet_count":0,"master_deck":["Defend_G","Defend_G","Defend_G+1","Defend_G+1","Defend_G","Strike_G","Strike_G","Survivor+1","Neutralize","Heel Hook","Cloak And Dagger+1","Finisher+1","Adrenaline+1","Accuracy+1","Cloak And Dagger+1","Storm of Steel+1","Slice+1","Infinite Blades","Infinite Blades","Terror+1","Burst+1","Cloak And Dagger+1","Blade Dance+1","Footwork+1","Accuracy+1"],"relics":["Ring of the Snake","NeowsBlessing","Lantern","Singing Bowl","Orichalcum","Gremlin Horn","Strawberry","WristBlade","Membership Card","Kunai","Toxic Egg 2","Ancient Tea Set","Pear","Black Star","Shuriken","Meat on the Bone","Calipers","Dodecahedron","Bird Faced Urn","War Paint","The Courier","Shovel","Pocketwatch","Juzu Bracelet","Snake Skull"],"potions_floor_usage":[16,23,24,29,29,35,41,50],"damage_taken":[{"damage":0,"enemies":"Small Slimes","floor":1,"turns":1},{"damage":0,"enemies":"Gremlin Nob","floor":6,"turns":1},{"damage":0,"enemies":"Lagavulin","floor":8,"turns":1},{"damage":34,"enemies":"Gremlin Nob","floor":10,"turns":5},{"damage":0,"enemies":"Jaw Worm","floor":13,"turns":4},{"damage":12,"enemies":"The Guardian","floor":16,"turns":12},{"damage":0,"enemies":"Spheric Guardian","floor":18,"turns":3},{"damage":0,"enemies":"3 Byrds","floor":22,"turns":4},{"damage":0,"enemies":"Gremlin Leader","floor":23,"turns":6},{"damage":14,"enemies":"Snecko","floor":24,"turns":5},{"damage":18,"enemies":"Book of Stabbing","floor":27,"turns":4},{"damage":0,"enemies":"3 Cultists","floor":28,"turns":3},{"damage":17,"enemies":"Gremlin Leader","floor":29,"turns":4},{"damage":16,"enemies":"Snake Plant","floor":31,"turns":3},{"damage":29,"enemies":"Champ","floor":33,"turns":10},{"damage":7,"enemies":"3 Shapes","floor":35,"turns":3},{"damage":4,"enemies":"3 Darklings","floor":38,"turns":3},{"damage":0,"enemies":"4 Shapes","floor":39,"turns":4},{"damage":0,"enemies":"Spire Growth","floor":41,"turns":2},{"damage":15,"enemies":"Nemesis","floor":44,"turns":5},{"damage":21,"enemies":"2 Orb Walkers","floor":45,"turns":4},{"damage":17,"enemies":"Reptomancer","floor":46,"turns":4},{"damage":5,"enemies":"Mind Bloom Boss Battle","floor":47,"turns":5},{"damage":0,"enemies":"Giant Head","floor":48,"turns":4},{"damage":66,"enemies":"Awakened One","floor":50,"turns":7}],"seed_played":"3301057742573020295","potions_obtained":[{"floor":6,"key":"Energy Potion"},{"floor":10,"key":"GhostInAJar"},{"floor":13,"key":"LiquidBronze"},{"floor":23,"key":"LiquidBronze"},{"floor":27,"key":"Weak Potion"},{"floor":28,"key":"SteroidPotion"},{"floor":33,"key":"Explosive Potion"},{"floor":35,"key":"FearPotion"},{"floor":41,"key":"Poison Potion"},{"floor":48,"key":"Fire Potion"}],"is_trial":false,"path_per_floor":["M","?","$","?","$","E","R","E","T","E","?","$","M","T","R","B",null,"M","$","?","?","M","E","M","R","T","E","M","E","?","M","R","B",null,"M","?","$","M","M","R","M","R","T","E","?","E","?","E","R","B",null],"character_chosen":"THE_SILENT","items_purchased":["Finisher","Accuracy","Cloak And Dagger","Membership Card","Shuriken"],"campfire_rested":2,"item_purchase_floors":[3,12,12,19,37],"current_hp_per_floor":[63,63,63,49,49,49,49,51,51,17,17,17,19,26,50,38,70,70,70,70,70,72,72,58,58,58,40,42,37,37,23,52,23,80,75,75,75,73,75,75,77,77,77,62,55,54,55,61,61,17],"gold":293,"neow_bonus":"THREE_ENEMY_KILL","is_prod":false,"is_daily":false,"chose_seed":false,"campfire_upgraded":4,"win_rate":0,"timestamp":1545541172,"path_taken":["M","?","$","?","$","E","R","E","T","E","?","?","M","?","R","BOSS","M","?","?","?","M","E","?","R","T","E","M","E","?","M","R","BOSS","M","?","$","?","M","R","M","R","T","E","?","E","?","E","R","BOSS"],"build_version":"2018-12-20","purchased_purges":1,"victory":true,"max_hp_per_floor":[70,70,70,70,70,70,70,72,72,72,72,72,74,81,81,81,81,81,81,81,81,83,83,83,83,83,83,85,97,97,99,99,99,99,101,101,101,103,105,105,107,107,107,107,109,109,109,109,109,109],"card_choices":[{"not_picked":["Bane","Infinite Blades"],"picked":"Heel Hook","floor":1},{"not_picked":["Dash","Setup","Flying Knee"],"picked":"SKIP","floor":6},{"not_picked":["Deadly Poison","Bouncing Flask","Dash"],"picked":"Singing Bowl","floor":8},{"not_picked":["Underhanded Strike","Flying Knee"],"picked":"Adrenaline","floor":10},{"not_picked":["Catalyst","Dagger Spray","Predator"],"picked":"Singing Bowl","floor":13},{"not_picked":["Bullet Time","Malaise"],"picked":"Storm of Steel","floor":16},{"not_picked":["Deadly Poison","Blur+1"],"picked":"Slice+1","floor":18},{"not_picked":["Deflect","Quick Slash","Bane"],"picked":"Singing Bowl","floor":22},{"not_picked":["Acrobatics+1","Predator"],"picked":"Infinite Blades","floor":23},{"not_picked":["Tactician","Prepared"],"picked":"Infinite Blades","floor":24},{"not_picked":["Venomology+1","Concentrate+1"],"picked":"Terror+1","floor":27},{"not_picked":["Slice+1","Setup+1","Outmaneuver+1"],"picked":"Singing Bowl","floor":28},{"not_picked":["Masterful Stab+1","Endless Agony","Dodge and Roll+1"],"picked":"Singing Bowl","floor":29},{"not_picked":["Bane","PiercingWail+1","Predator"],"picked":"Singing Bowl","floor":31},{"not_picked":["Unload","Envenom"],"picked":"Burst+1","floor":33},{"not_picked":["Masterful Stab","Crippling Poison+1","Deadly Poison+1"],"picked":"Singing Bowl","floor":35},{"not_picked":["Acrobatics+1","Dagger Throw+1","Outmaneuver+1"],"picked":"Singing Bowl","floor":38},{"not_picked":["Flechettes","Prepared+1","Leg Sweep+1"],"picked":"Singing Bowl","floor":39},{"not_picked":["Deadly Poison+1","Quick Slash+1","Flying Knee+1"],"picked":"Singing Bowl","floor":41},{"not_picked":["Acrobatics+1","Deadly Poison+1"],"picked":"Cloak And Dagger+1","floor":44},{"not_picked":["Dodge and Roll+1","Outmaneuver+1","Blur+1"],"picked":"Singing Bowl","floor":45},{"not_picked":["Endless Agony+1","Blur+1"],"picked":"Blade Dance+1","floor":46},{"not_picked":["Deadly Poison+1","Outmaneuver+1"],"picked":"Footwork+1","floor":47},{"not_picked":["Prepared+1","Reflex+1"],"picked":"Accuracy+1","floor":48}],"player_experience":653489,"relics_obtained":[{"floor":6,"key":"Lantern"},{"floor":8,"key":"Singing Bowl"},{"floor":9,"key":"Orichalcum"},{"floor":10,"key":"Gremlin Horn"},{"floor":14,"key":"Strawberry"},{"floor":23,"key":"Kunai"},{"floor":26,"key":"Toxic Egg 2"},{"floor":27,"key":"Ancient Tea Set"},{"floor":29,"key":"Pear"},{"floor":43,"key":"Meat on the Bone"},{"floor":44,"key":"Calipers"},{"floor":44,"key":"Dodecahedron"},{"floor":45,"key":"Bird Faced Urn"},{"floor":46,"key":"War Paint"},{"floor":46,"key":"The Courier"},{"floor":47,"key":"Shovel"},{"floor":48,"key":"Pocketwatch"},{"floor":48,"key":"Juzu Bracelet"},{"floor":49,"key":"Snake Skull"}],"event_choices":[{"damage_healed":0,"gold_gain":0,"cards_transformed":["Strike_G"],"player_choice":"Change","damage_taken":0,"max_hp_gain":0,"max_hp_loss":0,"event_name":"Living Wall","floor":2,"gold_loss":0,"cards_obtained":["Cloak And Dagger"]},{"damage_healed":0,"gold_gain":0,"player_choice":"Entered Light","damage_taken":14,"max_hp_gain":0,"max_hp_loss":0,"event_name":"Shining Light","floor":4,"gold_loss":0,"cards_upgraded":["Finisher","Defend_G"]},{"damage_healed":0,"gold_gain":30,"player_choice":"Searched \u00271\u0027 times","damage_taken":0,"max_hp_gain":0,"max_hp_loss":0,"event_name":"Dead Adventurer","floor":11,"gold_loss":0},{"damage_healed":0,"gold_gain":0,"player_choice":"Ignored","damage_taken":0,"max_hp_gain":0,"max_hp_loss":0,"event_name":"Beggar","floor":20,"gold_loss":0},{"damage_healed":0,"gold_gain":0,"player_choice":"Upgraded","damage_taken":0,"max_hp_gain":0,"max_hp_loss":0,"event_name":"Upgrade Shrine","floor":21,"gold_loss":0,"cards_upgraded":["Storm of Steel"]},{"damage_healed":0,"gold_gain":0,"player_choice":"Paid Fearfully","damage_taken":0,"max_hp_gain":0,"max_hp_loss":0,"event_name":"Masked Bandits","floor":30,"gold_loss":227},{"cards_removed":["Strike_G"],"damage_healed":0,"gold_gain":0,"player_choice":"Card Removal","damage_taken":0,"max_hp_gain":0,"max_hp_loss":0,"event_name":"Wheel of Change","floor":36,"gold_loss":0},{"damage_healed":0,"gold_gain":0,"player_choice":"Fight","damage_taken":0,"max_hp_gain":0,"max_hp_loss":0,"event_name":"Mysterious Sphere","floor":45,"gold_loss":0},{"damage_healed":0,"gold_gain":0,"player_choice":"Fight","damage_taken":0,"max_hp_gain":0,"max_hp_loss":0,"event_name":"MindBloom","floor":47,"gold_loss":0}],"is_beta":false,"boss_relics":[{"not_picked":["Runic Pyramid","Busted Crown"],"picked":"WristBlade"},{"not_picked":["Astrolabe","Cursed Key"],"picked":"Black Star"}],"items_purged_floors":[12],"is_endless":false,"potions_floor_spawned":[6,10,13,23,27,28,33,35,41,48],"ascension_level":9}