{"gold_per_floor":[114,132,82,82,101,101,101,101,149,176,176,194,221,9,9,107,107,117,117,99,99,149,149,160,4,73,73,73,73,89,109,109,208,208,228,30,30,41,55,55,90,17,17,17,47,63,63,76,76,76],"floor_reached":51,"playtime":2228,"items_purged":["Regret"],"score":1038,"play_id":"5c3c6e57-a7b0-4e68-b93d-98613fe423f2","local_time":"20181217230515","is_ascension_mode":true,"campfire_choices":[{"data":"Deadly Poison","floor":6,"key":"SMITH"},{"data":"Neutralize","floor":8,"key":"SMITH"},{"data":"Deadly Poison","floor":11,"key":"SMITH"},{"floor":15,"key":"REST"},{"floor":23,"key":"REST"},{"data":"Crippling Poison","floor":27,"key":"SMITH"},{"floor":32,"key":"REST"},{"data":"Envenom","floor":40,"key":"SMITH"},{"data":"Catalyst","floor":47,"key":"SMITH"},{"data":"Noxious Fumes","floor":49,"key":"SMITH"}],"neow_cost":"NONE","seed_source_timestamp":451902526486773,"circlet_count":0,"master_deck":["Defend_G+1","Defend_G+1","Defend_G+1","Defend_G+1","Defend_G+1","Strike_G+1","Strike_G+1","Survivor","Neutralize+1","Deadly Poison+1","Flying Knee","Deadly Poison+1","Venomology","Noxious Fumes","Crippling Poison+1","Adrenaline","Bane","Noxious Fumes+1","Backstab","Noxious Fumes","Adrenaline","Distraction","Bane","Envenom+1","Bane+1","Catalyst+1"],"relics":["Ring of the Serpent","Ancient Tea Set","Oddly Smooth Stone","Whetstone","Paper Crane","Omamori","Orrery","Regal Pillow","Happy Flower","Letter Opener","Darkstone Periapt","TwistedFunnel","Vajra","Boot","Centennial Puzzle"],"potions_floor_usage":[10,13,13,16,18,18,18,24,24,30,31,33,33,35,39,41,41,41,45,46,46,50,50,50],"damage_taken":[{"damage":5,"enemies":"Jaw Worm","floor":1,"turns":6},{"damage":0,"enemies":"2 Louse","floor":2,"turns":3},{"damage":4,"enemies":"Cultist","floor":5,"turns":5},{"damage":2,"enemies":"Gremlin Nob","floor":10,"turns":3},{"damage":0,"enemies":"Red Slaver","floor":12,"turns":3},{"damage":28,"enemies":"3 Sentries","floor":13,"turns":10},{"damage":8,"enemies":"The Guardian","floor":16,"turns":7},{"damage":6,"enemies":"3 Byrds","floor":18,"turns":6},{"damage":16,"enemies":"2 Thieves","floor":20,"turns":4},{"damage":16,"enemies":"Centurion and Healer","floor":24,"turns":4},{"damage":24,"enemies":"Snake Plant","floor":30,"turns":3},{"damage":0,"enemies":"3 Cultists","floor":31,"turns":4},{"damage":50,"enemies":"Champ","floor":33,"turns":8},{"damage":0,"enemies":"3 Darklings","floor":35,"turns":4},{"damage":0,"enemies":"3 Shapes","floor":38,"turns":1},{"damage":0,"enemies":"Jaw Worm Horde","floor":39,"turns":3},{"damage":9,"enemies":"Giant Head","floor":41,"turns":8},{"damage":9,"enemies":"Nemesis","floor":45,"turns":7},{"damage":6,"enemies":"Spire Growth","floor":46,"turns":5},{"damage":0,"enemies":"Sphere and 2 Shapes","floor":48,"turns":4},{"damage":41,"enemies":"Donu and Deca","floor":50,"turns":7}],"seed_played":"6982605629791130998","potions_obtained":[{"floor":2,"key":"Dexterity Potion"},{"floor":5,"key":"SpeedPotion"},{"floor":13,"key":"Poison Potion"},{"floor":18,"key":"Dexterity Potion"},{"floor":20,"key":"AttackPotion"},{"floor":24,"key":"Swift Potion"},{"floor":35,"key":"SpeedPotion"},{"floor":39,"key":"Dexterity Potion"},{"floor":45,"key":"Ancient Potion"},{"floor":48,"key":"EssenceOfSteel"}],"is_trial":false,"path_per_floor":["M","M","?","?","M","R","?","R","T","E","R","M","E","$","R","B",null,"M","?","M","?","?","R","M","$","T","R","T","?","M","M","R","B",null,"M","$","?","M","M","R","E","$","T","?","E","M","R","M","R","B",null],"character_chosen":"THE_SILENT","items_purchased":["Noxious Fumes","Crippling Poison","Happy Flower","TwistedFunnel","Catalyst"],"campfire_rested":3,"item_purchase_floors":[14,14,25,36,42],"current_hp_per_floor":[58,58,58,58,54,54,54,54,54,52,52,52,24,24,45,37,62,56,56,40,40,40,70,54,54,54,54,54,54,30,30,66,16,57,57,57,57,57,57,57,48,48,48,70,61,55,55,55,55,14],"gold":76,"neow_bonus":"RANDOM_COMMON_RELIC","is_prod":false,"is_daily":false,"chose_seed":false,"campfire_upgraded":7,"win_rate":0,"timestamp":1545105915,"path_taken":["M","M","?","?","M","R","?","R","T","E","R","?","E","?","R","BOSS","M","?","?","?","?","R","?","$","T","R","?","?","M","M","R","BOSS","M","$","?","?","M","R","E","?","T","?","E","M","R","?","R","BOSS"],"build_version":"2018-12-13","purchased_purges":1,"victory":true,"max_hp_per_floor":[70,70,70,70,70,70,70,70,70,70,70,70,70,70,70,70,70,70,70,70,70,70,70,70,70,70,70,70,70,70,70,70,70,70,70,70,70,70,70,70,70,70,70,70,70,70,70,70,70,70],"card_choices":[{"not_picked":["Acrobatics","Quick Slash"],"picked":"Deadly Poison","floor":1},{"not_picked":["Calculated Gamble","Endless Agony"],"picked":"Flying Knee","floor":2},{"not_picked":["Sucker Punch","Dagger Throw"],"picked":"Deadly Poison","floor":5},{"not_picked":["Glass Knife","Terror"],"picked":"Well Laid Plans","floor":10},{"not_picked":["Skewer","Acrobatics","Underhanded Strike"],"picked":"SKIP","floor":12},{"not_picked":["Outmaneuver","Predator","Dodge and Roll"],"picked":"SKIP","floor":13},{"not_picked":["Night Terror","Wraith Form v2"],"picked":"Adrenaline","floor":16},{"not_picked":["Acrobatics","Underhanded Strike"],"picked":"Bane","floor":17},{"not_picked":["Deadly Poison","Choke"],"picked":"Noxious Fumes","floor":17},{"not_picked":["Dodge and Roll","Flying Knee"],"picked":"Backstab","floor":17},{"not_picked":["Deadly Poison","Dodge and Roll"],"picked":"Noxious Fumes","floor":18},{"not_picked":["Heel Hook","Backstab"],"picked":"Distraction","floor":20},{"not_picked":["Storm of Steel","Dagger Throw"],"picked":"Bane","floor":24},{"not_picked":["Outmaneuver","Sucker Punch","Acrobatics+1"],"picked":"SKIP","floor":30},{"not_picked":["Accuracy","Deadly Poison","Acrobatics+1"],"picked":"SKIP","floor":31},{"not_picked":["Bullet Time","Adrenaline"],"picked":"Envenom","floor":33},{"not_picked":["Underhanded Strike+1","Blur"],"picked":"Bane+1","floor":35},{"not_picked":["Poisoned Stab","Leg Sweep+1","Wraith Form v2"],"picked":"SKIP","floor":38},{"not_picked":["Slice+1","Caltrops","Dagger Spray"],"picked":"SKIP","floor":39},{"not_picked":["Eviscerate+1","Choke+1","Dagger Spray"],"picked":"SKIP","floor":41},{"not_picked":["Quick Slash+1","Dagger Throw+1","Blur"],"picked":"SKIP","floor":45},{"not_picked":["Well Laid Plans+1","Dagger Throw","Outmaneuver+1"],"picked":"SKIP","floor":46},{"not_picked":["Setup+1","Slice+1","Dodge and Roll"],"picked":"SKIP","floor":48}],"player_experience":646430,"relics_obtained":[{"floor":9,"key":"Whetstone"},{"floor":10,"key":"Paper Crane"},{"floor":13,"key":"Omamori"},{"floor":26,"key":"Letter Opener"},{"floor":28,"key":"Darkstone Periapt"},{"floor":41,"key":"Vajra"},{"floor":43,"key":"Boot"},{"floor":45,"key":"Centennial Puzzle"}],"event_choices":[{"cards_removed":["Strike_G"],"damage_healed":0,"gold_gain":0,"player_choice":"Card Removal","damage_taken":0,"max_hp_gain":0,"max_hp_loss":0,"event_name":"The Cleric","floor":3,"gold_loss":50},{"damage_healed":0,"gold_gain":0,"player_choice":"Box","damage_taken":0,"relics_obtained":["Oddly Smooth Stone"],"max_hp_gain":0,"max_hp_loss":0,"event_name":"Big Fish","floor":4,"gold_loss":0,"cards_obtained":["Regret"]},{"damage_healed":0,"gold_gain":0,"cards_transformed":["Strike_G"],"player_choice":"Transformed","damage_taken":0,"max_hp_gain":0,"max_hp_loss":0,"event_name":"Transmorgrifier","floor":7,"gold_loss":0,"cards_obtained":["Venomology"]},{"damage_healed":0,"gold_gain":0,"player_choice":"Copied","damage_taken":0,"max_hp_gain":0,"max_hp_loss":0,"event_name":"Duplicator","floor":19,"gold_loss":0,"cards_obtained":["Adrenaline"]},{"damage_healed":0,"gold_gain":0,"player_choice":"Stole Relic","damage_taken":0,"relics_obtained":["Regal Pillow"],"max_hp_gain":0,"max_hp_loss":0,"event_name":"Addict","floor":21,"gold_loss":0,"cards_obtained":["Shame"]},{"damage_healed":0,"gold_gain":100,"player_choice":"Bet on Murderer","damage_taken":0,"max_hp_gain":0,"max_hp_loss":0,"event_name":"The Joust","floor":22,"gold_loss":50},{"damage_healed":0,"gold_gain":0,"player_choice":"Simplicity","damage_taken":0,"max_hp_gain":0,"max_hp_loss":0,"event_name":"Back to Basics","floor":29,"gold_loss":0,"cards_upgraded":["Defend_G","Defend_G","Defend_G","Defend_G","Defend_G","Strike_G"]},{"cards_removed":["Strike_G"],"damage_healed":0,"gold_gain":0,"player_choice":"Purged","damage_taken":0,"max_hp_gain":0,"max_hp_loss":0,"event_name":"Purifier","floor":37,"gold_loss":0},{"cards_removed":["Well Laid Plans"],"damage_healed":22,"gold_gain":0,"player_choice":"Offered Uncommon","damage_taken":0,"max_hp_gain":0,"max_hp_loss":0,"event_name":"Bonfire Elementals","floor":44,"gold_loss":0}],"is_beta":false,"boss_relics":[{"not_picked":["Sozu","WristBlade"],"picked":"Orrery"},{"not_picked":["Pandora\u0027s Box","Runic Pyramid"],"picked":"Ring of the Serpent"}],"items_purged_floors":[14],"is_endless":false,"potions_floor_spawned":[2,5,13,18,20,24,35,39,45,48],"ascension_level":8}