{"gold_per_floor":[113,113,132,143,37,37,37,37,37,49,94,106,118,140,152,164],"floor_reached":16,"playtime":671,"items_purged":[],"score":147,"play_id":"41050628-d332-48ab-b12b-d2a17a67d98b","local_time":"20181226211703","is_ascension_mode":true,"campfire_choices":[{"data":"Footwork","floor":6,"key":"SMITH"},{"data":"Neutralize","floor":8,"key":"SMITH"},{"data":"Backflip","floor":10,"key":"SMITH"},{"floor":12,"key":"REST"},{"floor":15,"key":"DIG"}],"neow_cost":"NONE","seed_source_timestamp":285317658584432,"circlet_count":0,"master_deck":["AscendersBane","Defend_G","Defend_G","Defend_G","Defend_G","Defend_G","Strike_G","Strike_G","Strike_G","Strike_G","Strike_G","Survivor","Neutralize+1","Quick Slash","Deep Breath","Expertise","Backflip+1","Footwork+1","Blur","Regret","Parasite","Tactician","Acrobatics"],"relics":["Cursed Key","StoneCalendar","MawBank","Shovel","Gambling Chip"],"potions_floor_usage":[11,16],"damage_taken":[{"damage":0,"enemies":"Jaw Worm","floor":1,"turns":5},{"damage":0,"enemies":"Cultist","floor":3,"turns":4},{"damage":0,"enemies":"2 Louse","floor":4,"turns":3},{"damage":53,"enemies":"Gremlin Nob","floor":11,"turns":7},{"damage":35,"enemies":"Gremlin Gang","floor":14,"turns":7},{"damage":50,"enemies":"The Guardian","floor":16,"turns":23}],"seed_played":"3926307004188378579","potions_obtained":[{"floor":1,"key":"Dexterity Potion"},{"floor":3,"key":"SkillPotion"}],"is_trial":false,"path_per_floor":["M","?","M","M","$","R","?","R","T","R","E","R","?","M","R","B"],"character_chosen":"THE_SILENT","items_purchased":["Footwork","Blur"],"campfire_rested":1,"item_purchase_floors":[5,5],"current_hp_per_floor":[63,63,63,63,63,63,63,63,63,63,10,31,70,35,35,0],"gold":164,"neow_bonus":"BOSS_RELIC","is_prod":false,"is_daily":false,"chose_seed":false,"campfire_upgraded":3,"win_rate":0,"timestamp":1545877023,"path_taken":["M","?","M","?","$","R","?","R","T","R","E","R","?","M","R","BOSS"],"build_version":"2018-12-20","purchased_purges":0,"victory":false,"max_hp_per_floor":[70,70,70,70,70,70,70,70,70,70,70,70,70,70,70,70],"card_choices":[{"not_picked":["All Out Attack","Skewer"],"picked":"Quick Slash","floor":1},{"not_picked":["Backstab","Sucker Punch"],"picked":"Expertise","floor":3},{"not_picked":["Deadly Poison","Blur"],"picked":"Backflip","floor":4},{"not_picked":["Quick Slash","Noxious Fumes"],"picked":"Tactician","floor":11},{"not_picked":["Outmaneuver","Blade Dance"],"picked":"Acrobatics","floor":14}],"player_experience":671303,"relics_obtained":[{"floor":9,"key":"MawBank"},{"floor":11,"key":"Shovel"},{"floor":15,"key":"Gambling Chip"}],"event_choices":[{"damage_healed":0,"gold_gain":0,"player_choice":"1 cards matched","damage_taken":0,"max_hp_gain":0,"max_hp_loss":0,"event_name":"Match and Keep!","floor":2,"gold_loss":0,"cards_obtained":["Deep Breath"]},{"damage_healed":0,"gold_gain":0,"player_choice":"Box","damage_taken":0,"relics_obtained":["StoneCalendar"],"max_hp_gain":0,"max_hp_loss":0,"event_name":"Big Fish","floor":7,"gold_loss":0,"cards_obtained":["Regret"]},{"damage_healed":39,"gold_gain":0,"player_choice":"Full Heal","damage_taken":0,"max_hp_gain":0,"max_hp_loss":0,"event_name":"Wheel of Change","floor":13,"gold_loss":0}],"is_beta":false,"boss_relics":[],"items_purged_floors":[],"is_endless":false,"potions_floor_spawned":[1,3],"killed_by":"The Guardian","ascension_level":10}