{"gold_per_floor":[116,17,30,44,44,44,78,78,123,123,181,193,193,268,268,268],"floor_reached":16,"playtime":658,"items_purged":["Shame"],"score":147,"play_id":"1a38d053-65c4-49fe-99c9-de2912dd5629","local_time":"20181226212812","is_ascension_mode":true,"campfire_choices":[{"data":"Storm of Steel","floor":6,"key":"SMITH"},{"floor":8,"key":"REST"},{"floor":10,"key":"REST"},{"data":"Blade Dance","floor":13,"key":"SMITH"},{"floor":15,"key":"REST"}],"neow_cost":"CURSE","seed_source_timestamp":285999848996314,"circlet_count":0,"master_deck":["AscendersBane","Defend_G","Defend_G+1","Defend_G","Defend_G","Defend_G","Strike_G","Strike_G","Strike_G","Strike_G","Strike_G","Survivor+1","Neutralize","Storm of Steel+1","Prepared","Blade Dance+1","Finisher","Acrobatics","Backstab","Quick Slash","Caltrops"],"relics":["Ring of the Snake","War Paint","Potion Belt","Omamori"],"potions_floor_usage":[7,11],"damage_taken":[{"damage":1,"enemies":"Cultist","floor":1,"turns":5},{"damage":3,"enemies":"2 Louse","floor":3,"turns":3},{"damage":0,"enemies":"Small Slimes","floor":4,"turns":2},{"damage":49,"enemies":"3 Sentries","floor":7,"turns":17},{"damage":2,"enemies":"3 Sentries","floor":11,"turns":6},{"damage":4,"enemies":"Blue Slaver","floor":12,"turns":4},{"damage":60,"enemies":"Hexaghost","floor":16,"turns":11}],"seed_played":"1824734133168090029","potions_obtained":[{"floor":3,"key":"Fire Potion"},{"floor":7,"key":"Explosive Potion"},{"floor":11,"key":"Ancient Potion"}],"is_trial":false,"path_per_floor":["M","$","M","M","?","R","E","R","T","R","?","M","R","?","R","B"],"character_chosen":"THE_SILENT","items_purchased":["Blade Dance"],"campfire_rested":3,"item_purchase_floors":[2],"current_hp_per_floor":[62,62,59,59,59,59,10,31,31,52,50,46,46,35,56,0],"gold":268,"neow_bonus":"THREE_RARE_CARDS","is_prod":false,"is_daily":false,"chose_seed":false,"campfire_upgraded":2,"win_rate":0,"timestamp":1545877692,"path_taken":["M","$","M","M","?","R","E","R","T","R","?","M","R","?","R","BOSS"],"build_version":"2018-12-20","purchased_purges":1,"victory":false,"max_hp_per_floor":[70,70,70,70,70,70,70,70,70,70,70,70,70,70,70,70],"card_choices":[{"not_picked":["Corpse Explosion","Malaise"],"picked":"Storm of Steel","floor":0},{"not_picked":["Flying Knee","Masterful Stab"],"picked":"Prepared","floor":1},{"not_picked":["Deflect","Endless Agony"],"picked":"Finisher","floor":3},{"not_picked":["Poisoned Stab","Tactician"],"picked":"Acrobatics","floor":4},{"not_picked":["Concentrate","Reflex"],"picked":"Backstab","floor":7},{"not_picked":["Flying Knee","Prepared"],"picked":"Quick Slash","floor":11},{"not_picked":["Dagger Spray","Slice"],"picked":"Caltrops","floor":12}],"player_experience":671974,"relics_obtained":[{"floor":7,"key":"War Paint"},{"floor":9,"key":"Potion Belt"},{"floor":11,"key":"Omamori"}],"event_choices":[{"damage_healed":0,"gold_gain":0,"player_choice":"Leave","damage_taken":0,"max_hp_gain":0,"max_hp_loss":0,"event_name":"The Cleric","floor":5,"gold_loss":0},{"damage_healed":0,"gold_gain":30,"player_choice":"Searched \u00272\u0027 times","damage_taken":0,"max_hp_gain":0,"max_hp_loss":0,"event_name":"Dead Adventurer","floor":11,"gold_loss":0},{"damage_healed":0,"gold_gain":75,"player_choice":"Gather Gold","damage_taken":11,"max_hp_gain":0,"max_hp_loss":0,"event_name":"World of Goop","floor":14,"gold_loss":0}],"is_beta":false,"boss_relics":[],"items_purged_floors":[2],"is_endless":false,"potions_floor_spawned":[3,7,11],"killed_by":"Hexaghost","ascension_level":10}