{"gold_per_floor":[114,189,202,221,146,146,161,161,161,190,214,214,224,65,65,162,162,175,75,92,92],"floor_reached":21,"playtime":1241,"items_purged":["Decay","Regret"],"score":269,"play_id":"89a353b1-2c5d-405e-aed2-41e0f3b924dc","local_time":"20190101132756","is_ascension_mode":true,"campfire_choices":[{"data":"Skewer","floor":6,"key":"SMITH"},{"floor":15,"key":"REST"}],"neow_cost":"CURSE","seed_source_timestamp":80538606795031,"circlet_count":0,"master_deck":["AscendersBane","Defend_G","Defend_G","Defend_G","Defend_G","Defend_G","Strike_G","Strike_G","Strike_G","Strike_G","Survivor","Neutralize","Skewer+1","Flying Knee","All Out Attack","Backflip","Adrenaline","Backstab","Footwork","Reflex","Underhanded Strike","Dagger Throw","Phantasmal Killer","Decay","Parasite","Reflex+1","Footwork"],"relics":["Ring of the Snake","Nunchaku","The Specimen","Peace Pipe","Odd Mushroom","Calling Bell","Anchor","Toxic Egg 2","Shovel"],"potions_floor_usage":[13,16,18,21,21],"damage_taken":[{"damage":10,"enemies":"Small Slimes","floor":1,"turns":7},{"damage":0,"enemies":"Jaw Worm","floor":3,"turns":4},{"damage":1,"enemies":"2 Louse","floor":4,"turns":2},{"damage":7,"enemies":"2 Fungi Beasts","floor":7,"turns":4},{"damage":12,"enemies":"3 Sentries","floor":10,"turns":7},{"damage":21,"enemies":"The Mushroom Lair","floor":11,"turns":4},{"damage":0,"enemies":"Blue Slaver","floor":13,"turns":1},{"damage":36,"enemies":"Hexaghost","floor":16,"turns":13},{"damage":4,"enemies":"Chosen","floor":18,"turns":4},{"damage":18,"enemies":"Spheric Guardian","floor":20,"turns":4},{"damage":53,"enemies":"Cultist and Chosen","floor":21,"turns":9}],"seed_played":"3500700511953498622","potions_obtained":[{"floor":3,"key":"LiquidBronze"},{"floor":11,"key":"SteroidPotion"},{"floor":13,"key":"Energy Potion"},{"floor":16,"key":"FairyPotion"},{"floor":18,"key":"EssenceOfSteel"},{"floor":20,"key":"SkillPotion"}],"is_trial":false,"path_per_floor":["M","?","M","M","$","R","M","?","T","E","?","?","M","$","R","B",null,"M","$","M","M"],"character_chosen":"THE_SILENT","items_purchased":["Reflex","Underhanded Strike","Dagger Throw"],"campfire_rested":1,"item_purchase_floors":[14,14,14],"current_hp_per_floor":[53,42,42,41,41,41,34,57,57,45,24,24,24,24,45,9,55,51,51,33,0],"gold":92,"neow_bonus":"ONE_RARE_RELIC","is_prod":false,"is_daily":false,"chose_seed":false,"campfire_upgraded":1,"win_rate":0,"timestamp":1546367276,"path_taken":["M","?","M","M","$","R","M","?","T","E","?","?","M","$","R","BOSS","M","$","M","M"],"build_version":"2018-12-20","purchased_purges":2,"victory":false,"max_hp_per_floor":[70,70,70,70,70,70,70,70,70,70,70,70,70,70,70,70,70,70,70,70,70],"card_choices":[{"not_picked":["Backflip","Bane"],"picked":"Skewer","floor":1},{"not_picked":["Cloak And Dagger","Dodge and Roll"],"picked":"Flying Knee","floor":3},{"not_picked":["Expertise","Envenom"],"picked":"All Out Attack","floor":4},{"not_picked":["Flying Knee","Poisoned Stab"],"picked":"Backflip","floor":7},{"not_picked":["Dash","Dagger Spray"],"picked":"Adrenaline","floor":10},{"not_picked":["Skewer","Expertise"],"picked":"Footwork","floor":13},{"not_picked":["Tools of the Trade","Burst"],"picked":"Phantasmal Killer","floor":16},{"not_picked":["Sucker Punch","Expertise+1"],"picked":"Reflex+1","floor":18},{"not_picked":["Blur+1","Distraction+1"],"picked":"Footwork","floor":20}],"player_experience":694722,"relics_obtained":[{"floor":9,"key":"The Specimen"},{"floor":10,"key":"Peace Pipe"},{"floor":11,"key":"Odd Mushroom"},{"floor":17,"key":"Anchor"},{"floor":17,"key":"Toxic Egg 2"},{"floor":17,"key":"Shovel"}],"event_choices":[{"damage_healed":0,"gold_gain":75,"player_choice":"Gather Gold","damage_taken":11,"max_hp_gain":0,"max_hp_loss":0,"event_name":"World of Goop","floor":2,"gold_loss":0},{"damage_healed":23,"gold_gain":0,"player_choice":"Banana","damage_taken":0,"max_hp_gain":0,"max_hp_loss":0,"event_name":"Big Fish","floor":8,"gold_loss":0},{"damage_healed":0,"gold_gain":0,"player_choice":"Fought Mushrooms","damage_taken":0,"max_hp_gain":0,"max_hp_loss":0,"event_name":"Mushrooms","floor":11,"gold_loss":0},{"damage_healed":0,"gold_gain":0,"cards_transformed":["Strike_G"],"player_choice":"Change","damage_taken":0,"max_hp_gain":0,"max_hp_loss":0,"event_name":"Living Wall","floor":12,"gold_loss":0,"cards_obtained":["Backstab"]}],"is_beta":false,"boss_relics":[{"not_picked":["Cursed Key","Runic Pyramid"],"picked":"Calling Bell"}],"items_purged_floors":[5,19],"is_endless":false,"potions_floor_spawned":[3,11,13,16,18,20],"killed_by":"Cultist and Chosen","ascension_level":10}