{"gold_per_floor":[109,129,147,322,322,322,352,352,352,38,49,79,96,96,96,198,198,209,222,137,148,148,183,183,202,229,67,81,81,101,101],"floor_reached":31,"playtime":1391,"items_purged":["Strike_G"],"score":401,"play_id":"9b3acd40-ec13-4f10-8fed-905574e0a863","local_time":"20190104211112","is_ascension_mode":true,"campfire_choices":[{"data":"Dagger Spray","floor":6,"key":"SMITH"},{"floor":8,"key":"REST"},{"floor":15,"key":"REST"},{"floor":24,"key":"REST"},{"floor":29,"key":"REST"}],"neow_cost":"NONE","seed_source_timestamp":367393779775740,"circlet_count":0,"master_deck":["AscendersBane","Defend_G","Defend_G","Defend_G","Defend_G","Defend_G+1","Strike_G","Strike_G+1","Strike_G","Survivor","Neutralize+1","Dagger Spray+1","Flying Knee","Cloak And Dagger","Backstab","Infinite Blades","Malaise","Accuracy","Corpse Explosion+1","Storm of Steel","Slice","Terror","Finisher","Dramatic Entrance","Infinite Blades","Expertise","Escape Plan"],"relics":["Ring of the Snake","Whetstone","Letter Opener","Question Card","Paper Crane","Pen Nib","WristBlade","Matryoshka","Unceasing Top","Dream Catcher","War Paint"],"potions_floor_usage":[19,23,23,30,31],"damage_taken":[{"damage":5,"enemies":"Small Slimes","floor":1,"turns":5},{"damage":1,"enemies":"2 Louse","floor":2,"turns":2},{"damage":0,"enemies":"Cultist","floor":3,"turns":3},{"damage":45,"enemies":"Lagavulin","floor":7,"turns":8},{"damage":6,"enemies":"2 Fungi Beasts","floor":11,"turns":4},{"damage":10,"enemies":"Gremlin Nob","floor":12,"turns":5},{"damage":0,"enemies":"Blue Slaver","floor":13,"turns":4},{"damage":7,"enemies":"Hexaghost","floor":16,"turns":13},{"damage":8,"enemies":"Shell Parasite","floor":18,"turns":6},{"damage":3,"enemies":"2 Thieves","floor":19,"turns":2},{"damage":17,"enemies":"Sentry and Sphere","floor":21,"turns":4},{"damage":25,"enemies":"Slavers","floor":23,"turns":3},{"damage":24,"enemies":"Shelled Parasite and Fungi","floor":25,"turns":6},{"damage":9,"enemies":"Centurion and Healer","floor":28,"turns":4},{"damage":20,"enemies":"Cultist and Chosen","floor":30,"turns":5},{"damage":21,"enemies":"Snake Plant","floor":31,"turns":2}],"seed_played":"-5031722018381685526","potions_obtained":[{"floor":1,"key":"Energy Potion"},{"floor":11,"key":"SteroidPotion"},{"floor":19,"key":"Poison Potion"},{"floor":25,"key":"PowerPotion"},{"floor":28,"key":"Fire Potion"},{"floor":30,"key":"Dexterity Potion"}],"is_trial":false,"path_per_floor":["M","M","M","?","?","R","E","R","T","$","M","E","M","?","R","B",null,"M","M","?","M","?","E","R","M","T","$","M","R","M","M"],"character_chosen":"THE_SILENT","items_purchased":["Paper Crane","Infinite Blades","Dramatic Entrance"],"campfire_rested":4,"item_purchase_floors":[10,10,27],"current_hp_per_floor":[58,57,57,57,57,57,12,33,33,33,27,17,17,17,38,31,60,52,49,49,32,55,30,51,27,27,27,18,39,19,0],"gold":101,"neow_bonus":"RANDOM_COMMON_RELIC","is_prod":false,"is_daily":false,"chose_seed":false,"campfire_upgraded":1,"win_rate":0,"timestamp":1546654272,"path_taken":["M","M","M","?","?","R","E","R","T","$","M","E","?","?","R","BOSS","M","M","?","M","?","E","R","M","T","$","M","R","M","M"],"build_version":"2019-01-03v4","purchased_purges":1,"victory":false,"max_hp_per_floor":[70,70,70,70,70,70,70,70,70,70,70,70,70,70,70,70,70,70,70,70,70,70,70,70,70,70,70,70,70,70,70],"card_choices":[{"not_picked":["Riddle With Holes","Dagger Throw"],"picked":"Dagger Spray","floor":1},{"not_picked":["Bane","Sucker Punch"],"picked":"Flying Knee","floor":2},{"not_picked":["Backflip","Dagger Spray"],"picked":"Cloak And Dagger","floor":3},{"not_picked":["Quick Slash","Acrobatics"],"picked":"Backstab","floor":7},{"not_picked":["Quick Slash","Leg Sweep","Noxious Fumes"],"picked":"Malaise","floor":11},{"not_picked":["Bane","Distraction","Malaise"],"picked":"Accuracy","floor":12},{"not_picked":["Bane","Dodge and Roll","Dagger Spray","Deflect"],"picked":"SKIP","floor":13},{"not_picked":["A Thousand Cuts","Envenom","Adrenaline"],"picked":"Storm of Steel","floor":16},{"not_picked":["Sucker Punch","Eviscerate+1","Concentrate"],"picked":"Slice","floor":18},{"not_picked":["Slice","Quick Slash","Flechettes","Noxious Fumes"],"picked":"SKIP","floor":19},{"not_picked":["Acrobatics","Flechettes","Underhanded Strike"],"picked":"Terror","floor":21},{"not_picked":["Quick Slash+1","Underhanded Strike","Terror"],"picked":"Finisher","floor":23},{"not_picked":["Dodge and Roll","Venomology","All Out Attack","Slice"],"picked":"SKIP","floor":25},{"not_picked":["Skewer","Crippling Poison","Footwork"],"picked":"Infinite Blades","floor":28},{"not_picked":["Dodge and Roll+1","Quick Slash+1","Noxious Fumes+1"],"picked":"Expertise","floor":29},{"not_picked":["Tactician","Caltrops","Predator"],"picked":"Escape Plan","floor":30}],"player_experience":702160,"relics_obtained":[{"floor":7,"key":"Letter Opener"},{"floor":9,"key":"Question Card"},{"floor":12,"key":"Pen Nib"},{"floor":23,"key":"Unceasing Top"},{"floor":26,"key":"Dream Catcher"},{"floor":26,"key":"War Paint"}],"event_choices":[{"damage_healed":0,"gold_gain":175,"player_choice":"AGREE","damage_taken":0,"max_hp_gain":0,"max_hp_loss":0,"event_name":"Liars Game","floor":4,"gold_loss":0,"cards_obtained":["Doubt"]},{"cards_removed":["Doubt"],"damage_healed":0,"gold_gain":0,"player_choice":"Removed Curses","damage_taken":0,"max_hp_gain":0,"max_hp_loss":0,"event_name":"Fountain of Cleansing","floor":5,"gold_loss":0},{"damage_healed":0,"gold_gain":0,"cards_transformed":["Strike_G"],"player_choice":"Change","damage_taken":0,"max_hp_gain":0,"max_hp_loss":0,"event_name":"Living Wall","floor":14,"gold_loss":0,"cards_obtained":["Corpse Explosion"]},{"damage_healed":0,"gold_gain":0,"player_choice":"Obtained Relic","damage_taken":0,"relics_obtained":["Matryoshka"],"max_hp_gain":0,"max_hp_loss":0,"event_name":"Addict","floor":20,"gold_loss":85},{"damage_healed":23,"gold_gain":0,"player_choice":"Heal","damage_taken":0,"max_hp_gain":0,"max_hp_loss":0,"event_name":"The Library","floor":22,"gold_loss":0}],"is_beta":false,"boss_relics":[{"not_picked":["Ectoplasm","Orrery"],"picked":"WristBlade"}],"items_purged_floors":[27],"is_endless":false,"potions_floor_spawned":[1,11,19,25,28,30],"killed_by":"Snake Plant","ascension_level":10}