{"gold_per_floor":[119,119,39,54,54,54,73,73,98,2,30,48,105,132,132,232,232,251,21,21,38,57,57,57,57],"floor_reached":25,"playtime":1761,"items_purged":[],"score":351,"play_id":"8ead860a-b51c-4488-88ce-72ae5c5c7d03","local_time":"20190101141732","is_ascension_mode":true,"campfire_choices":[{"data":"Caltrops","floor":6,"key":"SMITH"},{"data":"Footwork","floor":8,"key":"SMITH"},{"data":"Discovery","floor":15,"key":"SMITH"},{"floor":23,"key":"REST"}],"neow_cost":"TEN_PERCENT_HP_LOSS","seed_source_timestamp":82994605502510,"circlet_count":0,"master_deck":["AscendersBane","Defend_G","Defend_G","Defend_G","Defend_G","Strike_G","Strike_G","Strike_G","Survivor","Neutralize","Footwork+1","Expertise","Quick Slash","Slice","Caltrops+1","Outmaneuver","Discovery+1","Backstab","Distraction","Underhanded Strike","Die Die Die","Flying Knee","Eviscerate","Eviscerate","Escape Plan"],"relics":["Ring of the Snake","Blood Vial","Tough Bandages","Orichalcum","Dodecahedron","Sozu","Juzu Bracelet"],"potions_floor_usage":[13,22],"damage_taken":[{"damage":0,"enemies":"Jaw Worm","floor":1,"turns":7},{"damage":0,"enemies":"Cultist","floor":4,"turns":5},{"damage":2,"enemies":"2 Louse","floor":7,"turns":4},{"damage":0,"enemies":"Lagavulin","floor":11,"turns":8},{"damage":0,"enemies":"Blue Slaver","floor":12,"turns":4},{"damage":7,"enemies":"Gremlin Nob","floor":13,"turns":4},{"damage":13,"enemies":"3 Sentries","floor":14,"turns":10},{"damage":8,"enemies":"Hexaghost","floor":16,"turns":11},{"damage":14,"enemies":"2 Thieves","floor":18,"turns":4},{"damage":14,"enemies":"Shell Parasite","floor":21,"turns":7},{"damage":19,"enemies":"Cultist and Chosen","floor":22,"turns":6},{"damage":42,"enemies":"Slavers","floor":25,"turns":3}],"seed_played":"-4141345576813521004","potions_obtained":[{"floor":4,"key":"Dexterity Potion"},{"floor":11,"key":"AttackPotion"},{"floor":14,"key":"FearPotion"}],"is_trial":false,"path_per_floor":["M","?","$","M","?","R","M","R","T","$","E","M","?","E","R","B",null,"M","$","?","M","M","R","$","E"],"character_chosen":"THE_SILENT","items_purchased":["Caltrops","Discovery","Juzu Bracelet","Eviscerate"],"campfire_rested":1,"item_purchase_floors":[3,10,19,19],"current_hp_per_floor":[63,63,63,63,56,56,54,54,54,54,56,58,53,42,42,36,56,44,44,44,32,15,33,33,0],"gold":57,"neow_bonus":"TRANSFORM_TWO_CARDS","is_prod":false,"is_daily":false,"chose_seed":false,"campfire_upgraded":3,"win_rate":0,"timestamp":1546370252,"path_taken":["M","?","?","?","?","R","M","R","T","$","E","M","?","E","R","BOSS","M","$","?","M","M","R","$","E"],"build_version":"2018-12-20","purchased_purges":0,"victory":false,"max_hp_per_floor":[63,63,63,63,63,63,63,63,63,63,63,63,63,63,63,63,63,63,63,63,63,63,63,63,63],"card_choices":[{"not_picked":["Bane","Well Laid Plans"],"picked":"Quick Slash","floor":1},{"not_picked":["Sucker Punch","Choke"],"picked":"Outmaneuver","floor":4},{"not_picked":["Dagger Throw","Prepared","Blade Dance"],"picked":"SKIP","floor":7},{"not_picked":["Calculated Gamble","Dagger Spray"],"picked":"Backstab","floor":11},{"not_picked":["Flechettes","Acrobatics"],"picked":"Distraction","floor":12},{"not_picked":["PiercingWail","Caltrops"],"picked":"Underhanded Strike","floor":14},{"not_picked":["Phantasmal Killer","Envenom"],"picked":"Die Die Die","floor":16},{"not_picked":["Outmaneuver","Bane"],"picked":"Flying Knee","floor":18},{"not_picked":["Sucker Punch","Bane"],"picked":"Eviscerate","floor":21},{"not_picked":["Slice+1","Dodge and Roll+1"],"picked":"Escape Plan","floor":22}],"player_experience":697091,"relics_obtained":[{"floor":9,"key":"Blood Vial"},{"floor":11,"key":"Tough Bandages"},{"floor":13,"key":"Orichalcum"},{"floor":14,"key":"Dodecahedron"}],"event_choices":[{"damage_healed":0,"gold_gain":0,"player_choice":"1 cards matched","damage_taken":0,"max_hp_gain":0,"max_hp_loss":0,"event_name":"Match and Keep!","floor":2,"gold_loss":0,"cards_obtained":["Slice"]},{"cards_removed":["Defend_G"],"damage_healed":0,"gold_gain":0,"player_choice":"Card Removal","damage_taken":7,"max_hp_gain":0,"max_hp_loss":0,"event_name":"Golden Wing","floor":5,"gold_loss":0},{"damage_healed":0,"gold_gain":0,"player_choice":"Searched \u00271\u0027 times","damage_taken":0,"max_hp_gain":0,"max_hp_loss":0,"event_name":"Dead Adventurer","floor":13,"gold_loss":0},{"damage_healed":0,"gold_gain":0,"player_choice":"Ignored","damage_taken":0,"max_hp_gain":0,"max_hp_loss":0,"event_name":"Beggar","floor":20,"gold_loss":0}],"is_beta":false,"boss_relics":[{"not_picked":["Velvet Choker","Ectoplasm"],"picked":"Sozu"}],"items_purged_floors":[],"is_endless":false,"potions_floor_spawned":[4,11,14,22],"killed_by":"Slavers","ascension_level":10}