{"gold_per_floor":[109,123,123,137,212,242,242,242,242,272,242,256,256,270,270,369,369,384,395,61,61,77,110,126,126,126,161,161,161,109,109,109,205,205,217,228,241,62,62,62,87,87,87,237,256,285,285,302,302,302],"floor_reached":51,"playtime":3367,"items_purged":["Wraith Form v2","Dagger Throw"],"score":1155,"play_id":"58bf05b5-9e28-4ead-a5a8-7cc5e1df6c59","local_time":"20190104221634","is_ascension_mode":true,"campfire_choices":[{"floor":7,"key":"REST"},{"floor":8,"key":"REST"},{"floor":13,"key":"REST"},{"floor":15,"key":"REST"},{"floor":25,"key":"REST"},{"floor":29,"key":"REST"},{"floor":32,"key":"REST"},{"data":"Adrenaline","floor":40,"key":"SMITH"},{"data":"Burst","floor":47,"key":"SMITH"},{"floor":49,"key":"REST"}],"neow_cost":"TEN_PERCENT_HP_LOSS","seed_source_timestamp":369330377877446,"circlet_count":0,"master_deck":["AscendersBane","Survivor","Neutralize+1","PiercingWail","Backstab","Dagger Throw","Reflex","Tools of the Trade","Acrobatics","After Image","Finisher","Slice","Backflip","After Image","Burst+1","Underhanded Strike","Footwork","Dagger Throw","Caltrops+1","Prepared","All Out Attack+1","Underhanded Strike","After Image","Predator","Prepared+1","Calculated Gamble+1","Adrenaline+1","Writhe","Underhanded Strike","Footwork+1","Escape Plan+1","Footwork"],"relics":["Ring of the Snake","Tough Bandages","WingedGreaves","Gremlin Horn","Ginger","Pandora\u0027s Box","Letter Opener","Juzu Bracelet","PreservedInsect","Orichalcum","Philosopher\u0027s Stone","Vajra","SsserpentHead","Blue Candle","Tingsha","Bottled Flame"],"potions_floor_usage":[14,16,16,37,48,50,50,50],"damage_taken":[{"damage":0,"enemies":"Small Slimes","floor":1,"turns":3},{"damage":0,"enemies":"Cultist","floor":2,"turns":4},{"damage":4,"enemies":"2 Louse","floor":4,"turns":3},{"damage":39,"enemies":"Lagavulin","floor":6,"turns":9},{"damage":28,"enemies":"Gremlin Nob","floor":10,"turns":6},{"damage":0,"enemies":"Lots of Slimes","floor":12,"turns":3},{"damage":4,"enemies":"Exordium Thugs","floor":14,"turns":6},{"damage":51,"enemies":"The Guardian","floor":16,"turns":21},{"damage":0,"enemies":"Chosen","floor":18,"turns":6},{"damage":7,"enemies":"Spheric Guardian","floor":19,"turns":8},{"damage":10,"enemies":"Shelled Parasite and Fungi","floor":22,"turns":5},{"damage":7,"enemies":"Gremlin Leader","floor":23,"turns":8},{"damage":5,"enemies":"Sentry and Sphere","floor":24,"turns":6},{"damage":21,"enemies":"Slavers","floor":27,"turns":6},{"damage":16,"enemies":"Champ","floor":33,"turns":15},{"damage":7,"enemies":"3 Shapes","floor":35,"turns":4},{"damage":5,"enemies":"3 Darklings","floor":36,"turns":5},{"damage":9,"enemies":"4 Shapes","floor":37,"turns":5},{"damage":0,"enemies":"Reptomancer","floor":41,"turns":4},{"damage":4,"enemies":"Mind Bloom Boss Battle","floor":44,"turns":6},{"damage":6,"enemies":"Sphere and 2 Shapes","floor":45,"turns":3},{"damage":0,"enemies":"Nemesis","floor":46,"turns":5},{"damage":11,"enemies":"Spire Growth","floor":48,"turns":5},{"damage":38,"enemies":"Donu and Deca","floor":50,"turns":10}],"seed_played":"7974255248753065641","potions_obtained":[{"floor":10,"key":"FairyPotion"},{"floor":11,"key":"SpeedPotion"},{"floor":11,"key":"Swift Potion"},{"floor":14,"key":"Poison Potion"},{"floor":16,"key":"Poison Potion"},{"floor":19,"key":"Regen Potion"},{"floor":22,"key":"Ancient Potion"},{"floor":33,"key":"Ancient Potion"},{"floor":35,"key":"AttackPotion"},{"floor":41,"key":"PowerPotion"},{"floor":48,"key":"SteroidPotion"}],"is_trial":false,"path_per_floor":["M","M","?","M","?","E","R","R","T","E","?","M","R","M","R","B",null,"M","M","$","?","M","E","M","R","T","E","?","R","$","?","R","B",null,"M","M","M","$","?","R","E","?","T","?","M","E","R","M","R","B",null],"character_chosen":"THE_SILENT","items_purchased":["Letter Opener","Underhanded Strike","Adrenaline"],"campfire_rested":8,"item_purchase_floors":[20,30,38],"current_hp_per_floor":[63,63,63,59,48,9,27,45,45,17,17,17,35,31,49,6,49,49,42,42,42,32,25,20,38,38,17,17,35,35,24,44,28,58,51,46,37,37,54,54,54,54,54,50,44,44,44,33,53,30],"gold":302,"neow_bonus":"ONE_RARE_RELIC","is_prod":false,"is_daily":false,"chose_seed":false,"campfire_upgraded":2,"win_rate":0,"timestamp":1546658194,"path_taken":["M","M","?","?","?","E","R","R","T","E","?","?","R","M","R","BOSS","M","M","$","?","M","E","M","R","T","E","?","R","$","?","R","BOSS","M","M","M","$","?","R","E","?","T","?","M","E","R","M","R","BOSS"],"build_version":"2019-01-03v4","purchased_purges":2,"victory":true,"max_hp_per_floor":[63,63,63,63,63,63,63,63,63,63,63,63,63,63,63,63,63,63,63,63,63,63,63,63,63,63,63,63,63,63,68,68,68,68,68,68,68,68,68,68,68,68,68,68,68,68,68,68,68,68],"card_choices":[{"not_picked":["Deflect","Deadly Poison"],"picked":"PiercingWail","floor":1},{"not_picked":["Backflip","Deadly Poison"],"picked":"Backstab","floor":2},{"not_picked":["Well Laid Plans","Sucker Punch"],"picked":"Dagger Throw","floor":4},{"not_picked":["Leg Sweep","Underhanded Strike"],"picked":"Reflex","floor":6},{"not_picked":["Deadly Poison","Dodge and Roll"],"picked":"Dagger Throw","floor":10},{"not_picked":["Cloak And Dagger","Envenom","Outmaneuver"],"picked":"SKIP","floor":12},{"not_picked":["Well Laid Plans","Quick Slash","Bane"],"picked":"SKIP","floor":14},{"not_picked":["Phantasmal Killer","Grand Finale"],"picked":"Tools of the Trade","floor":16},{"not_picked":["Deflect","Dagger Spray","Flechettes"],"picked":"SKIP","floor":18},{"not_picked":["Poisoned Stab+1","Blur"],"picked":"Underhanded Strike","floor":19},{"not_picked":["Backflip+1","PiercingWail"],"picked":"Caltrops+1","floor":22},{"not_picked":["Sucker Punch","Die Die Die","Riddle With Holes"],"picked":"SKIP","floor":23},{"not_picked":["PiercingWail","Caltrops"],"picked":"Prepared","floor":24},{"not_picked":["Quick Slash+1","Slice+1"],"picked":"All Out Attack+1","floor":27},{"not_picked":["Glass Knife","Corpse Explosion"],"picked":"After Image","floor":33},{"not_picked":["Flechettes+1","Bouncing Flask+1"],"picked":"Predator","floor":35},{"not_picked":["Bouncing Flask","Flying Knee+1"],"picked":"Prepared+1","floor":36},{"not_picked":["Heel Hook+1","Blade Dance"],"picked":"Calculated Gamble+1","floor":37},{"not_picked":["Infinite Blades+1","Bane+1"],"picked":"Underhanded Strike","floor":41},{"not_picked":["Backflip+1","Prepared+1"],"picked":"Footwork+1","floor":45},{"not_picked":["Backflip","Infinite Blades+1"],"picked":"Escape Plan+1","floor":46},{"not_picked":["Heel Hook+1","Caltrops+1"],"picked":"Footwork","floor":48}],"player_experience":704024,"relics_obtained":[{"floor":6,"key":"WingedGreaves"},{"floor":9,"key":"Gremlin Horn"},{"floor":10,"key":"Ginger"},{"floor":23,"key":"Juzu Bracelet"},{"floor":26,"key":"PreservedInsect"},{"floor":27,"key":"Orichalcum"},{"floor":41,"key":"Vajra"},{"floor":43,"key":"Blue Candle"},{"floor":44,"key":"Tingsha"},{"floor":46,"key":"Bottled Flame"}],"event_choices":[{"damage_healed":0,"gold_gain":0,"player_choice":"Upgraded","damage_taken":0,"max_hp_gain":0,"max_hp_loss":0,"event_name":"Upgrade Shrine","floor":3,"gold_loss":0,"cards_upgraded":["Neutralize"]},{"damage_healed":0,"gold_gain":75,"player_choice":"Gather Gold","damage_taken":11,"max_hp_gain":0,"max_hp_loss":0,"event_name":"World of Goop","floor":5,"gold_loss":0},{"damage_healed":0,"gold_gain":0,"player_choice":"Bought 2 Potions","damage_taken":0,"max_hp_gain":0,"max_hp_loss":0,"event_name":"The Woman in Blue","floor":11,"gold_loss":0},{"damage_healed":0,"gold_gain":0,"cards_transformed":["Malaise","Poisoned Stab"],"player_choice":"Became Test Subject","damage_taken":0,"max_hp_gain":0,"max_hp_loss":0,"event_name":"Drug Dealer","floor":21,"gold_loss":0,"cards_obtained":["Footwork","Dagger Throw"]},{"damage_healed":0,"gold_gain":0,"player_choice":"Ignored","damage_taken":0,"max_hp_gain":0,"max_hp_loss":0,"event_name":"Ghosts","floor":28,"gold_loss":0},{"damage_healed":0,"gold_gain":0,"player_choice":"Shed Blood","damage_taken":16,"max_hp_gain":5,"max_hp_loss":0,"event_name":"Forgotten Altar","floor":31,"gold_loss":0},{"damage_healed":17,"gold_gain":0,"player_choice":"Writhe","damage_taken":0,"max_hp_gain":0,"max_hp_loss":0,"event_name":"Winding Halls","floor":39,"gold_loss":0,"cards_obtained":["Writhe"]},{"damage_healed":0,"gold_gain":0,"player_choice":"Trade","damage_taken":0,"relics_obtained":["SsserpentHead"],"max_hp_gain":0,"max_hp_loss":0,"event_name":"FaceTrader","floor":42,"gold_loss":0},{"damage_healed":0,"gold_gain":0,"player_choice":"Fight","damage_taken":0,"max_hp_gain":0,"max_hp_loss":0,"event_name":"MindBloom","floor":44,"gold_loss":0}],"is_beta":false,"boss_relics":[{"not_picked":["Calling Bell","Velvet Choker"],"picked":"Pandora\u0027s Box"},{"not_picked":["Coffee Dripper","Snecko Eye"],"picked":"Philosopher\u0027s Stone"}],"items_purged_floors":[20,38],"is_endless":false,"potions_floor_spawned":[10,12,14,16,19,22,33,35,41,44,46,48],"ascension_level":10}