{"gold_per_floor":[117,134,134,144,144,144,179,197,197,278,278],"floor_reached":11,"playtime":327,"items_purged":[],"score":113,"play_id":"a578a340-2bd2-4eb5-954f-1e01f1739523","local_time":"20190122230744","is_ascension_mode":true,"campfire_choices":[{"data":"Prepared","floor":6,"key":"SMITH"}],"neow_cost":"NONE","seed_source_timestamp":442336908336316,"circlet_count":0,"master_deck":["AscendersBane","Defend_G","Defend_G","Defend_G","Defend_G","Defend_G","Strike_G","Strike_G","Strike_G","Strike_G","Strike_G","Survivor","Neutralize","Underhanded Strike","Prepared+1","Madness","Eviscerate","Finisher","Underhanded Strike"],"relics":["Ring of the Snake","Pen Nib","PreservedInsect","Smiling Mask","The Courier"],"potions_floor_usage":[7,8],"damage_taken":[{"damage":6,"enemies":"Small Slimes","floor":1,"turns":5},{"damage":0,"enemies":"Cultist","floor":2,"turns":3},{"damage":0,"enemies":"Jaw Worm","floor":4,"turns":3},{"damage":60,"enemies":"Gremlin Nob","floor":7,"turns":7},{"damage":0,"enemies":"2 Fungi Beasts","floor":8,"turns":4},{"damage":5,"enemies":"3 Sentries","floor":11,"turns":2}],"seed_played":"6774244614296426683","potions_obtained":[{"floor":4,"key":"Weak Potion"},{"floor":7,"key":"AttackPotion"}],"is_trial":false,"path_per_floor":["M","M","?","M","?","R","E","M","T","T","E"],"character_chosen":"THE_SILENT","items_purchased":[],"campfire_rested":0,"item_purchase_floors":[],"current_hp_per_floor":[57,57,57,57,62,62,2,2,2,2,0],"gold":278,"neow_bonus":"RANDOM_COMMON_RELIC","is_prod":false,"is_daily":false,"chose_seed":false,"campfire_upgraded":1,"win_rate":0,"timestamp":1548216464,"path_taken":["M","M","?","?","?","R","E","M","T","?","E"],"build_version":"2019-01-17v2","purchased_purges":0,"victory":false,"max_hp_per_floor":[70,70,70,70,75,75,75,75,75,75,75],"card_choices":[{"not_picked":["Predator","Dagger Spray"],"picked":"Underhanded Strike","floor":1},{"not_picked":["Backflip","Deflect"],"picked":"Prepared","floor":2},{"not_picked":["Dodge and Roll","Backflip"],"picked":"Eviscerate","floor":4},{"not_picked":["Catalyst","Blade Dance"],"picked":"Finisher","floor":7},{"not_picked":["Dodge and Roll","Eviscerate"],"picked":"Underhanded Strike","floor":8}],"player_experience":738038,"relics_obtained":[{"floor":7,"key":"PreservedInsect"},{"floor":9,"key":"Smiling Mask"},{"floor":10,"key":"The Courier"}],"event_choices":[{"damage_healed":0,"gold_gain":0,"player_choice":"1 cards matched","damage_taken":0,"max_hp_gain":0,"max_hp_loss":0,"event_name":"Match and Keep!","floor":3,"gold_loss":0,"cards_obtained":["Madness"]},{"damage_healed":0,"gold_gain":0,"player_choice":"Donut","damage_taken":0,"max_hp_gain":5,"max_hp_loss":0,"event_name":"Big Fish","floor":5,"gold_loss":0}],"is_beta":false,"boss_relics":[],"items_purged_floors":[],"is_endless":false,"potions_floor_spawned":[4,7],"killed_by":"3 Sentries","ascension_level":11}