{"gold_per_floor":[111,111,131,56,56,56,56,56,56,66,96,96,126,5,5,100,100,115,128,128,145,145],"floor_reached":22,"playtime":890,"items_purged":["Pain"],"score":387,"play_id":"7aa5004d-3ed0-4df2-ab02-3cf2bd4c9cc7","local_time":"20190126160220","is_ascension_mode":true,"campfire_choices":[{"data":"Finisher","floor":6.0,"key":"SMITH"},{"data":"Neutralize","floor":8.0,"key":"SMITH"},{"data":"Cloak And Dagger","floor":12.0,"key":"SMITH"},{"data":"Flash of Steel","floor":15.0,"key":"SMITH"}],"neow_cost":"NONE","seed_source_timestamp":0,"circlet_count":0,"master_deck":["AscendersBane","Defend_G","Defend_G","Defend_G","Defend_G","Defend_G","Strike_G","Strike_G","Strike_G","Strike_G","Survivor","Neutralize+1","Deflect","Finisher+1","Cloak And Dagger+1","Terror","Backflip","Accuracy+1","Flash of Steel+1","Envenom+1","Cloak And Dagger","PiercingWail","Die Die Die"],"special_seed":0,"relics":["WristBlade","WarpedTongs","Ancient Tea Set","Frozen Egg 2","Mango","MawBank","Orrery"],"potions_floor_usage":[],"damage_taken":[{"damage":1.0,"enemies":"Small Slimes","floor":1.0,"turns":4.0},{"damage":1.0,"enemies":"Cultist","floor":3.0,"turns":4.0},{"damage":0.0,"enemies":"2 Louse","floor":10.0,"turns":3.0},{"damage":10.0,"enemies":"3 Sentries","floor":11.0,"turns":6.0},{"damage":10.0,"enemies":"Lagavulin","floor":13.0,"turns":5.0},{"damage":0.0,"enemies":"Slime Boss","floor":16.0,"turns":7.0},{"damage":20.0,"enemies":"2 Thieves","floor":18.0,"turns":5.0},{"damage":12.0,"enemies":"Chosen","floor":19.0,"turns":6.0},{"damage":27,"enemies":"Shelled Parasite and Fungi","floor":21,"turns":7},{"damage":16,"enemies":"Centurion and Healer","floor":22,"turns":3}],"seed_played":"-6965276441232903471","potions_obtained":[{"floor":3.0,"key":"GhostInAJar"},{"floor":10.0,"key":"Explosive Potion"},{"floor":18.0,"key":"SteroidPotion"},{"floor":21,"key":"Swift Potion"}],"is_trial":false,"path_per_floor":["M","?","M","$","?","R","?","R","T","M","E","R","E","$","R","B",null,"M","M","?","M","M"],"character_chosen":"THE_SILENT","items_purchased":["Accuracy+1","Flash of Steel"],"campfire_rested":0,"item_purchase_floors":[14,14],"current_hp_per_floor":[62,62,61,61,58,58,51,51,51,51,55,55,45,45,45,45,74,54,42,42,15,0],"gold":145,"neow_bonus":"BOSS_RELIC","is_prod":false,"is_daily":false,"chose_seed":false,"campfire_upgraded":4,"win_rate":0,"timestamp":1548536540,"path_taken":["M","?","?","$","?","R","?","R","T","M","E","R","E","$","R","BOSS","M","?","?","M","M"],"build_version":"2019-01-23","purchased_purges":1,"victory":false,"max_hp_per_floor":[70,70,70,70,70,70,70,70,70,70,84,84,84,84,84,84,84,84,84,84,84,84],"card_choices":[{"not_picked":["Acrobatics","Underhanded Strike"],"picked":"Deflect","floor":1.0},{"not_picked":["Skewer","Dodge and Roll"],"picked":"Finisher","floor":3.0},{"not_picked":["Distraction","Poisoned Stab"],"picked":"Cloak And Dagger","floor":10.0},{"not_picked":["Eviscerate","Underhanded Strike"],"picked":"Terror","floor":11.0},{"not_picked":["Flying Knee","Sucker Punch"],"picked":"Backflip","floor":13.0},{"not_picked":["Venomology","Glass Knife"],"picked":"Envenom+1","floor":16.0},{"not_picked":["Dagger Spray","Backflip"],"picked":"Cloak And Dagger","floor":17.0},{"not_picked":["Noxious Fumes+1","Dash"],"picked":"PiercingWail","floor":17.0},{"not_picked":["Sucker Punch","Endless Agony","Noxious Fumes+1"],"picked":"SKIP","floor":18.0},{"not_picked":["Dagger Throw","Slice","Flying Knee"],"picked":"SKIP","floor":19.0},{"not_picked":["Quick Slash","Prepared"],"picked":"Die Die Die","floor":21}],"player_experience":757432,"relics_obtained":[{"floor":9.0,"key":"Frozen Egg 2"},{"floor":11.0,"key":"Mango"},{"floor":13.0,"key":"MawBank"}],"event_choices":[{"damage_healed":0.0,"max_hp_gain":0.0,"max_hp_loss":0.0,"gold_gain":0.0,"event_name":"Accursed Blacksmith","player_choice":"Rummage","floor":2.0,"gold_loss":0.0,"damage_taken":0.0,"relics_obtained":["WarpedTongs"],"cards_obtained":["Pain"]},{"damage_healed":0.0,"max_hp_gain":0.0,"max_hp_loss":0.0,"gold_gain":0.0,"event_name":"Scrap Ooze","player_choice":"Success","floor":5.0,"gold_loss":0.0,"damage_taken":3.0,"relics_obtained":["Ancient Tea Set"]},{"damage_healed":0.0,"max_hp_gain":0.0,"max_hp_loss":0.0,"gold_gain":0.0,"event_name":"Wheel of Change","player_choice":"Damaged","floor":7.0,"gold_loss":0.0,"damage_taken":7.0},{"cards_removed":["Strike_G"],"damage_healed":0.0,"max_hp_gain":0.0,"max_hp_loss":0.0,"gold_gain":0.0,"event_name":"Bonfire Elementals","player_choice":"Offered Basic","floor":20.0,"gold_loss":0.0,"damage_taken":0.0}],"is_beta":false,"boss_relics":[{"not_picked":["Cursed Key","Empty Cage"],"picked":"Orrery"}],"items_purged_floors":[4],"is_endless":false,"potions_floor_spawned":[3,10,18,21],"killed_by":"Centurion and Healer","ascension_level":12}