{"gold_per_floor":[110,110,177,67,117,117,151,126,126,126,152,152,162,187,187,292,292,304,134,145,155,205,232,232,232],"floor_reached":25,"playtime":1192,"items_purged":["Pain","Strike_G"],"score":499,"play_id":"7836772f-e208-4f2c-9f9c-18442ad2102e","local_time":"20190126200653","is_ascension_mode":true,"campfire_choices":[{"data":"Cloak And Dagger","floor":6,"key":"SMITH"},{"data":"Finisher","floor":10,"key":"SMITH"},{"data":"All Out Attack","floor":12,"key":"SMITH"},{"data":"Neutralize","floor":15,"key":"SMITH"},{"floor":24,"key":"REST"}],"neow_cost":"TEN_PERCENT_HP_LOSS","seed_source_timestamp":776254088530932,"circlet_count":0,"master_deck":["AscendersBane","Defend_G","Defend_G","Defend_G","Defend_G","Defend_G","Strike_G","Strike_G","Strike_G","Strike_G","Survivor","Neutralize+1","Terror","Cloak And Dagger+1","Infinite Blades","Finisher+1","All Out Attack+1","Reflex","Infinite Blades","After Image","Die Die Die","Footwork","PiercingWail+1","Caltrops","Blur"],"relics":["Ring of the Snake","Incense Burner","SsserpentHead","WarpedTongs","Mummified Hand","Turnip","FossilizedHelix","Regal Pillow","Orrery","Ornamental Fan"],"potions_floor_usage":[14,23,23],"damage_taken":[{"damage":0,"enemies":"Jaw Worm","floor":1,"turns":6},{"damage":1,"enemies":"Cultist","floor":3,"turns":3},{"damage":22,"enemies":"Lagavulin","floor":7,"turns":5},{"damage":18,"enemies":"Gremlin Nob","floor":11,"turns":4},{"damage":0,"enemies":"Small Slimes","floor":13,"turns":2},{"damage":0,"enemies":"3 Sentries","floor":14,"turns":5},{"damage":0,"enemies":"The Guardian","floor":16,"turns":9},{"damage":7,"enemies":"2 Thieves","floor":18,"turns":5},{"damage":0,"enemies":"Shell Parasite","floor":20,"turns":6},{"damage":12,"enemies":"3 Cultists","floor":21,"turns":6},{"damage":1,"enemies":"Colosseum Slavers","floor":22,"turns":5},{"damage":30,"enemies":"Gremlin Leader","floor":23,"turns":5},{"damage":50,"enemies":"Slavers","floor":25,"turns":3}],"seed_played":"-7446171774687169647","potions_obtained":[{"floor":3,"key":"SkillPotion"},{"floor":7,"key":"Regen Potion"},{"floor":14,"key":"GamblersBrew"}],"is_trial":false,"path_per_floor":["M","?","M","$","?","R","E","$","T","R","E","R","M","E","R","B",null,"M","$","M","M","?","E","R","E"],"character_chosen":"THE_SILENT","items_purchased":["Infinite Blades","Finisher","Footwork"],"campfire_rested":1,"item_purchase_floors":[4,4,19],"current_hp_per_floor":[63,63,62,62,62,62,40,40,40,40,22,22,22,36,36,36,56,49,49,49,37,36,6,39,0],"gold":232,"neow_bonus":"ONE_RARE_RELIC","is_prod":false,"is_daily":false,"chose_seed":false,"campfire_upgraded":4,"win_rate":0,"timestamp":1548551213,"path_taken":["M","?","?","$","?","R","E","?","T","R","E","R","M","E","R","BOSS","M","$","M","M","?","E","R","E"],"build_version":"2019-01-23","purchased_purges":2,"victory":false,"max_hp_per_floor":[63,63,63,63,63,63,63,63,63,63,63,63,63,63,63,63,63,63,63,63,63,63,63,63,63],"card_choices":[{"not_picked":["Backflip","Outmaneuver"],"picked":"Terror","floor":1},{"not_picked":["Terror","Deflect"],"picked":"Cloak And Dagger","floor":3},{"not_picked":["Flechettes","Concentrate"],"picked":"All Out Attack","floor":7},{"not_picked":["Acrobatics","Dash"],"picked":"Reflex","floor":11},{"not_picked":["Leg Sweep","Backflip"],"picked":"Infinite Blades","floor":13},{"not_picked":["Night Terror","Choke","Quick Slash"],"picked":"SKIP","floor":14},{"not_picked":["Wraith Form v2","Unload"],"picked":"After Image","floor":16},{"not_picked":["Skewer","Flying Knee"],"picked":"Die Die Die","floor":17},{"not_picked":["Well Laid Plans","Distraction","Bouncing Flask"],"picked":"SKIP","floor":18},{"not_picked":["Poisoned Stab","Flechettes"],"picked":"PiercingWail+1","floor":20},{"not_picked":["Flechettes+1","All Out Attack"],"picked":"Caltrops","floor":21},{"not_picked":["Catalyst","Acrobatics"],"picked":"Blur","floor":23}],"player_experience":763562,"relics_obtained":[{"floor":7,"key":"Mummified Hand"},{"floor":9,"key":"Turnip"},{"floor":11,"key":"FossilizedHelix"},{"floor":14,"key":"Regal Pillow"},{"floor":23,"key":"Ornamental Fan"}],"event_choices":[{"damage_healed":0,"gold_gain":0,"player_choice":"Trade","damage_taken":0,"relics_obtained":["SsserpentHead"],"max_hp_gain":0,"max_hp_loss":0,"event_name":"FaceTrader","floor":2,"gold_loss":0},{"damage_healed":0,"gold_gain":0,"player_choice":"Rummage","damage_taken":0,"relics_obtained":["WarpedTongs"],"max_hp_gain":0,"max_hp_loss":0,"event_name":"Accursed Blacksmith","floor":5,"gold_loss":0,"cards_obtained":["Pain"]},{"damage_healed":0,"gold_gain":0,"player_choice":"Fight","damage_taken":0,"max_hp_gain":0,"max_hp_loss":0,"event_name":"Colosseum","floor":22,"gold_loss":0},{"damage_healed":0,"gold_gain":0,"player_choice":"Fled From Nobs","damage_taken":0,"max_hp_gain":0,"max_hp_loss":0,"event_name":"Colosseum","floor":22,"gold_loss":0}],"is_beta":false,"boss_relics":[{"not_picked":["Runic Dome","Ectoplasm"],"picked":"Orrery"}],"items_purged_floors":[8,19],"is_endless":false,"potions_floor_spawned":[3,7,13,14,18,22],"killed_by":"Slavers","ascension_level":12}