{"gold_per_floor":[111,122,122,132,144,144,168,201,201,201,201],"floor_reached":11,"playtime":384,"items_purged":[],"score":117,"play_id":"c228639a-7f7d-4d95-b389-a9e29b34e7d9","local_time":"20190128201420","is_ascension_mode":true,"campfire_choices":[{"data":"Catalyst","floor":6.0,"key":"SMITH"}],"neow_cost":"NONE","seed_source_timestamp":0,"circlet_count":0,"master_deck":["AscendersBane","Defend_G","Defend_G","Defend_G","Defend_G","Defend_G","Strike_G","Strike_G","Strike_G","Strike_G","Survivor","Neutralize","Backstab","Catalyst+1","Quick Slash","Deadly Poison","Catalyst","Distraction"],"special_seed":0,"relics":["Ring of the Snake","NeowsBlessing","Odd Mushroom","Gambling Chip","Du-Vu Doll","Pantograph"],"potions_floor_usage":[8,11],"damage_taken":[{"damage":0.0,"enemies":"Small Slimes","floor":1.0,"turns":1.0},{"damage":0.0,"enemies":"Cultist","floor":2.0,"turns":1.0},{"damage":0.0,"enemies":"Jaw Worm","floor":4.0,"turns":1.0},{"damage":3.0,"enemies":"Looter","floor":5.0,"turns":4.0},{"damage":0.0,"enemies":"The Mushroom Lair","floor":7.0,"turns":3.0},{"damage":31,"enemies":"3 Sentries","floor":8,"turns":11},{"damage":44,"enemies":"Lagavulin","floor":11,"turns":8}],"seed_played":"3892663150244420129","potions_obtained":[{"floor":1.0,"key":"Explosive Potion"},{"floor":7.0,"key":"AttackPotion"},{"floor":8,"key":"Dexterity Potion"}],"is_trial":false,"path_per_floor":["M","M","?","M","M","R","?","E","T","?","E"],"character_chosen":"THE_SILENT","items_purchased":[],"campfire_rested":0,"item_purchase_floors":[],"current_hp_per_floor":[63,63,63,63,60,60,60,29,29,26,0],"gold":201,"neow_bonus":"THREE_ENEMY_KILL","is_prod":false,"is_daily":false,"chose_seed":false,"campfire_upgraded":1,"win_rate":0,"timestamp":1548724460,"path_taken":["M","M","?","?","M","R","?","E","T","?","E"],"build_version":"2019-01-23","purchased_purges":0,"victory":false,"max_hp_per_floor":[70,70,70,70,70,70,70,70,70,70,70],"card_choices":[{"not_picked":["Acrobatics","Bane"],"picked":"Backstab","floor":1.0},{"not_picked":["Noxious Fumes","Infinite Blades"],"picked":"Catalyst","floor":2.0},{"not_picked":["Outmaneuver","Leg Sweep"],"picked":"Quick Slash","floor":4.0},{"not_picked":["Masterful Stab","Acrobatics"],"picked":"Deadly Poison","floor":5.0},{"not_picked":["Cloak And Dagger","Concentrate"],"picked":"Catalyst","floor":7.0},{"not_picked":["Blur","Caltrops"],"picked":"Distraction","floor":8}],"player_experience":764763,"relics_obtained":[{"floor":7.0,"key":"Odd Mushroom"},{"floor":8,"key":"Gambling Chip"},{"floor":9,"key":"Du-Vu Doll"}],"event_choices":[{"cards_removed":["Strike_G"],"damage_healed":0.0,"max_hp_gain":0.0,"max_hp_loss":0.0,"gold_gain":0.0,"event_name":"Purifier","player_choice":"Purged","floor":3.0,"gold_loss":0.0,"damage_taken":0.0},{"damage_healed":0.0,"max_hp_gain":0.0,"max_hp_loss":0.0,"gold_gain":0.0,"event_name":"Mushrooms","player_choice":"Fought Mushrooms","floor":7.0,"gold_loss":0.0,"damage_taken":0.0},{"damage_healed":0,"gold_gain":0,"player_choice":"Success","damage_taken":3,"relics_obtained":["Pantograph"],"max_hp_gain":0,"max_hp_loss":0,"event_name":"Scrap Ooze","floor":10,"gold_loss":0}],"is_beta":false,"boss_relics":[],"items_purged_floors":[],"is_endless":false,"potions_floor_spawned":[1,7,8],"killed_by":"Lagavulin","ascension_level":12}