{"gold_per_floor":[116,191,191,191,209,235,235,264,317,317],"floor_reached":10,"playtime":167,"items_purged":[],"score":153,"play_id":"738a4add-db51-4fbb-993f-0564f871cf13","local_time":"20190124140601","is_ascension_mode":true,"campfire_choices":[{"data":"Cloak And Dagger","floor":7,"key":"SMITH"}],"neow_cost":"NONE","seed_source_timestamp":582806875599419,"circlet_count":0,"master_deck":["AscendersBane","Defend_G","Defend_G+1","Defend_G","Defend_G","Defend_G","Strike_G","Strike_G+1","Strike_G","Strike_G","Strike_G","Survivor","Neutralize","Cloak And Dagger+1","Deadly Poison+1","Acrobatics+1","Blur+1"],"relics":["Ring of the Snake","NeowsBlessing","Toxic Egg 2","Dodecahedron","Mercury Hourglass","Smiling Mask"],"potions_floor_usage":[],"damage_taken":[{"damage":0,"enemies":"Small Slimes","floor":1,"turns":1},{"damage":0,"enemies":"Jaw Worm","floor":5,"turns":1},{"damage":0,"enemies":"3 Sentries","floor":6,"turns":1},{"damage":26,"enemies":"Gremlin Nob","floor":8,"turns":4},{"damage":17,"enemies":"3 Sentries","floor":10,"turns":4}],"seed_played":"4522091869929081527","potions_obtained":[{"floor":8,"key":"Weak Potion"}],"is_trial":false,"path_per_floor":["M","?","T","?","M","E","R","E","T","E"],"character_chosen":"THE_SILENT","items_purchased":[],"campfire_rested":0,"item_purchase_floors":[],"current_hp_per_floor":[63,52,52,38,38,38,38,12,12,0],"gold":317,"neow_bonus":"THREE_ENEMY_KILL","is_prod":false,"is_daily":false,"chose_seed":false,"campfire_upgraded":1,"win_rate":0,"timestamp":1548356761,"path_taken":["M","?","?","?","M","E","R","E","T","E"],"build_version":"2019-01-23","purchased_purges":0,"victory":false,"max_hp_per_floor":[70,70,70,70,70,70,70,70,70,70],"card_choices":[{"not_picked":["Sucker Punch","Flechettes"],"picked":"Cloak And Dagger","floor":1},{"not_picked":["Noxious Fumes","Quick Slash"],"picked":"Deadly Poison+1","floor":5},{"not_picked":["Poisoned Stab","Quick Slash"],"picked":"Acrobatics+1","floor":6},{"not_picked":["Dagger Spray","Sucker Punch"],"picked":"Blur+1","floor":8}],"player_experience":745876,"relics_obtained":[{"floor":3,"key":"Toxic Egg 2"},{"floor":6,"key":"Dodecahedron"},{"floor":8,"key":"Mercury Hourglass"},{"floor":9,"key":"Smiling Mask"}],"event_choices":[{"damage_healed":0,"gold_gain":75,"player_choice":"Gather Gold","damage_taken":11,"max_hp_gain":0,"max_hp_loss":0,"event_name":"World of Goop","floor":2,"gold_loss":0},{"damage_healed":0,"gold_gain":0,"player_choice":"Entered Light","damage_taken":14,"max_hp_gain":0,"max_hp_loss":0,"event_name":"Shining Light","floor":4,"gold_loss":0,"cards_upgraded":["Strike_G","Defend_G"]}],"is_beta":false,"boss_relics":[],"items_purged_floors":[],"is_endless":false,"potions_floor_spawned":[8],"killed_by":"3 Sentries","ascension_level":11}