{"gold_per_floor":[112,62,62,37,57,57,86,86,157,157,127,208,227,261,261,261],"floor_reached":16,"playtime":750,"items_purged":[],"score":170,"play_id":"98af4f20-c676-4224-b47d-f297a663cf57","local_time":"20190125212434","is_ascension_mode":true,"campfire_choices":[{"data":"Sucker Punch","floor":6,"key":"SMITH"},{"data":"Survivor","floor":8,"key":"SMITH"},{"data":"Neutralize","floor":10,"key":"SMITH"},{"floor":15,"key":"REST"}],"neow_cost":"NONE","seed_source_timestamp":694957753762083,"circlet_count":0,"master_deck":["AscendersBane","Defend_G","Defend_G","Defend_G","Defend_G","Defend_G","Strike_G","Strike_G","Strike_G","Survivor+1","Neutralize+1","Impatience","Sucker Punch+1","Escape Plan","Underhanded Strike","Distraction","Distraction","Escape Plan","Doppelganger"],"relics":["Ring of the Snake","Frozen Egg 2","Ornamental Fan","Du-Vu Doll"],"potions_floor_usage":[14],"damage_taken":[{"damage":1,"enemies":"Small Slimes","floor":1,"turns":4},{"damage":4,"enemies":"2 Louse","floor":5,"turns":4},{"damage":30,"enemies":"Lagavulin","floor":7,"turns":9},{"damage":0,"enemies":"Cultist","floor":13,"turns":3},{"damage":18,"enemies":"3 Sentries","floor":14,"turns":13},{"damage":34,"enemies":"Hexaghost","floor":16,"turns":16}],"seed_played":"7780145032705756005","potions_obtained":[{"floor":5,"key":"Block Potion"}],"is_trial":false,"path_per_floor":["M","?","?","$","M","R","E","R","T","R","?","T","M","E","R","B"],"character_chosen":"THE_SILENT","items_purchased":["Underhanded Strike"],"campfire_rested":1,"item_purchase_floors":[4],"current_hp_per_floor":[62,62,62,62,58,58,28,28,28,28,28,28,28,10,31,0],"gold":261,"neow_bonus":"RANDOM_COLORLESS","is_prod":false,"is_daily":false,"chose_seed":false,"campfire_upgraded":3,"win_rate":0,"timestamp":1548469474,"path_taken":["M","?","?","$","M","R","E","R","T","R","?","?","M","E","R","BOSS"],"build_version":"2019-01-23","purchased_purges":0,"victory":false,"max_hp_per_floor":[70,70,70,70,70,70,70,70,70,70,70,70,70,70,70,70],"card_choices":[{"not_picked":["Expertise","Dagger Spray"],"picked":"Sucker Punch","floor":1},{"not_picked":["Flying Knee","Terror"],"picked":"Distraction","floor":5},{"not_picked":["Accuracy","Deadly Poison"],"picked":"Distraction","floor":7},{"not_picked":["Backflip","Outmaneuver"],"picked":"Escape Plan","floor":13},{"not_picked":["Outmaneuver","Deadly Poison"],"picked":"Doppelganger","floor":14}],"player_experience":756682,"relics_obtained":[{"floor":9,"key":"Frozen Egg 2"},{"floor":12,"key":"Ornamental Fan"},{"floor":14,"key":"Du-Vu Doll"}],"event_choices":[{"cards_removed":["Strike_G"],"damage_healed":0,"gold_gain":0,"player_choice":"Card Removal","damage_taken":0,"max_hp_gain":0,"max_hp_loss":0,"event_name":"The Cleric","floor":2,"gold_loss":50},{"damage_healed":0,"gold_gain":0,"cards_transformed":["Strike_G"],"player_choice":"Change","damage_taken":0,"max_hp_gain":0,"max_hp_loss":0,"event_name":"Living Wall","floor":3,"gold_loss":0,"cards_obtained":["Escape Plan"]},{"damage_healed":0,"gold_gain":0,"player_choice":"Left Gold","damage_taken":0,"max_hp_gain":0,"max_hp_loss":0,"event_name":"World of Goop","floor":11,"gold_loss":30}],"is_beta":false,"boss_relics":[],"items_purged_floors":[],"is_endless":false,"potions_floor_spawned":[5],"killed_by":"Hexaghost","ascension_level":12}