{"gold_per_floor":[115,115,134,134,134,167,167,167,167,178,26,43,43,62,62,62],"floor_reached":16,"playtime":419,"items_purged":[],"score":194,"play_id":"042baaa6-c975-44a3-8c03-bfb9f23a12ff","local_time":"20190122231452","is_ascension_mode":true,"campfire_choices":[{"data":"Dash","floor":7,"key":"SMITH"},{"data":"All Out Attack","floor":13,"key":"SMITH"},{"data":"Leg Sweep","floor":15,"key":"SMITH"}],"neow_cost":"NONE","seed_source_timestamp":442673730366395,"circlet_count":0,"master_deck":["AscendersBane","Defend_G","Defend_G","Defend_G","Defend_G","Defend_G","Strike_G","Strike_G","Strike_G","Strike_G","Survivor","Neutralize+1","Infinite Blades","Quick Slash","Dash+1","Deflect","All Out Attack+1","After Image","Blur","Leg Sweep+1"],"relics":["Ring of the Snake","NeowsBlessing","Art of War","Smiling Mask","NlothsMask"],"potions_floor_usage":[12],"damage_taken":[{"damage":0,"enemies":"2 Louse","floor":1,"turns":1},{"damage":0,"enemies":"Cultist","floor":3,"turns":1},{"damage":0,"enemies":"3 Sentries","floor":6,"turns":1},{"damage":0,"enemies":"Small Slimes","floor":10,"turns":4},{"damage":0,"enemies":"Looter","floor":12,"turns":3},{"damage":7,"enemies":"Gremlin Gang","floor":14,"turns":6},{"damage":38,"enemies":"Hexaghost","floor":16,"turns":17}],"seed_played":"8598676764694484723","potions_obtained":[{"floor":1,"key":"FearPotion"},{"floor":10,"key":"SteroidPotion"},{"floor":14,"key":"Dexterity Potion"}],"is_trial":false,"path_per_floor":["M","?","M","?","?","E","R","?","T","M","$","M","R","M","R","B"],"character_chosen":"THE_SILENT","items_purchased":["After Image"],"campfire_rested":0,"item_purchase_floors":[11],"current_hp_per_floor":[63,63,63,45,45,45,45,45,45,45,45,45,45,38,38,0],"gold":62,"neow_bonus":"THREE_ENEMY_KILL","is_prod":false,"is_daily":false,"chose_seed":false,"campfire_upgraded":3,"win_rate":0,"timestamp":1548216892,"path_taken":["M","?","?","?","?","E","R","?","T","?","$","M","R","M","R","BOSS"],"build_version":"2019-01-17v2","purchased_purges":0,"victory":false,"max_hp_per_floor":[70,70,70,70,70,70,70,70,70,70,70,70,70,70,70,70],"card_choices":[{"not_picked":["Reflex","Sucker Punch"],"picked":"Infinite Blades","floor":1},{"not_picked":["Bane","Deflect"],"picked":"Quick Slash","floor":3},{"not_picked":["Dagger Spray","Reflex"],"picked":"Deflect","floor":6},{"not_picked":["Quick Slash","Deflect"],"picked":"All Out Attack","floor":10},{"not_picked":["Choke","Prepared"],"picked":"Blur","floor":12},{"not_picked":["PiercingWail","Quick Slash"],"picked":"Leg Sweep","floor":14}],"player_experience":738365,"relics_obtained":[{"floor":6,"key":"Smiling Mask"}],"event_choices":[{"damage_healed":0,"gold_gain":0,"player_choice":"Upgraded","damage_taken":0,"max_hp_gain":0,"max_hp_loss":0,"event_name":"Upgrade Shrine","floor":2,"gold_loss":0,"cards_upgraded":["Neutralize"]},{"damage_healed":0,"gold_gain":0,"player_choice":"Success","damage_taken":18,"relics_obtained":["Art of War"],"max_hp_gain":0,"max_hp_loss":0,"event_name":"Scrap Ooze","floor":4,"gold_loss":0},{"damage_healed":0,"gold_gain":0,"cards_transformed":["Strike_G"],"player_choice":"Change","damage_taken":0,"max_hp_gain":0,"max_hp_loss":0,"event_name":"Living Wall","floor":5,"gold_loss":0,"cards_obtained":["Dash"]},{"damage_healed":0,"gold_gain":0,"player_choice":"Trade","damage_taken":0,"relics_obtained":["NlothsMask"],"max_hp_gain":0,"max_hp_loss":0,"event_name":"FaceTrader","floor":8,"gold_loss":0}],"is_beta":false,"boss_relics":[],"items_purged_floors":[],"is_endless":false,"potions_floor_spawned":[1,10,14],"killed_by":"Hexaghost","ascension_level":11}