{"gold_per_floor":[99,99,99,99,99,99,99,99,99,99,99,99,99,99,99,99],"floor_reached":16,"playtime":853,"items_purged":[],"score":179,"play_id":"58f9a79c-5a6b-4a20-9b3e-89d83d792dfc","local_time":"20190126165741","is_ascension_mode":true,"campfire_choices":[{"data":"Deflect","floor":6,"key":"SMITH"},{"floor":8,"key":"REST"},{"floor":15,"key":"REST"}],"neow_cost":"NONE","seed_source_timestamp":765242217968957,"circlet_count":0,"master_deck":["AscendersBane","Defend_G","Defend_G","Defend_G","Defend_G","Defend_G","Strike_G","Strike_G","Strike_G","Strike_G","Survivor","Neutralize","Tactician","Deflect+1","PiercingWail","Predator","Dash","Backflip","Blur","Acrobatics","Storm of Steel","Footwork"],"relics":["Ectoplasm","Bag of Preparation","Tiny Chest","Omamori","Matryoshka"],"potions_floor_usage":[16],"damage_taken":[{"damage":0,"enemies":"2 Louse","floor":1,"turns":3},{"damage":7,"enemies":"Jaw Worm","floor":2,"turns":6},{"damage":2,"enemies":"Small Slimes","floor":3,"turns":5},{"damage":31,"enemies":"3 Sentries","floor":7,"turns":13},{"damage":13,"enemies":"Lagavulin","floor":10,"turns":8},{"damage":3,"enemies":"Exordium Wildlife","floor":11,"turns":4},{"damage":32,"enemies":"Lagavulin Event","floor":12,"turns":10},{"damage":0,"enemies":"Lots of Slimes","floor":13,"turns":5},{"damage":0,"enemies":"Blue Slaver","floor":14,"turns":3},{"damage":42,"enemies":"Hexaghost","floor":16,"turns":17}],"seed_played":"-1222485003656512392","potions_obtained":[{"floor":3,"key":"Regen Potion"},{"floor":7,"key":"Dexterity Potion"}],"is_trial":false,"path_per_floor":["M","M","M","?","?","R","E","R","T","E","M","?","M","M","R","B"],"character_chosen":"THE_SILENT","items_purchased":[],"campfire_rested":2,"item_purchase_floors":[],"current_hp_per_floor":[63,56,54,54,59,59,28,50,50,37,34,2,2,2,24,0],"gold":99,"neow_bonus":"BOSS_RELIC","is_prod":false,"is_daily":false,"chose_seed":false,"campfire_upgraded":1,"win_rate":0,"timestamp":1548539861,"path_taken":["M","M","M","?","?","R","E","R","T","E","M","?","?","?","R","BOSS"],"build_version":"2019-01-23","purchased_purges":0,"victory":false,"max_hp_per_floor":[70,70,70,70,75,75,75,75,75,75,75,75,75,75,75,75],"card_choices":[{"not_picked":["Bane","Eviscerate"],"picked":"Tactician","floor":1},{"not_picked":["Cloak And Dagger","Flying Knee"],"picked":"Deflect","floor":2},{"not_picked":["Poisoned Stab","Noxious Fumes"],"picked":"PiercingWail","floor":3},{"not_picked":["Choke","PiercingWail"],"picked":"Dash","floor":7},{"not_picked":["Dodge and Roll","Bane"],"picked":"Backflip","floor":10},{"not_picked":["Crippling Poison","Dagger Spray"],"picked":"Blur","floor":11},{"not_picked":["Deadly Poison","Setup"],"picked":"Acrobatics","floor":12},{"not_picked":["Outmaneuver","PiercingWail"],"picked":"Storm of Steel","floor":13},{"not_picked":["Bane","Flying Knee"],"picked":"Footwork","floor":14}],"player_experience":760624,"relics_obtained":[{"floor":7,"key":"Bag of Preparation"},{"floor":9,"key":"Tiny Chest"},{"floor":10,"key":"Omamori"}],"event_choices":[{"damage_healed":0,"gold_gain":0,"cards_transformed":["Strike_G"],"player_choice":"Change","damage_taken":0,"max_hp_gain":0,"max_hp_loss":0,"event_name":"Living Wall","floor":4,"gold_loss":0,"cards_obtained":["Predator"]},{"damage_healed":0,"gold_gain":0,"player_choice":"Donut","damage_taken":0,"max_hp_gain":5,"max_hp_loss":0,"event_name":"Big Fish","floor":5,"gold_loss":0},{"damage_healed":0,"gold_gain":30,"player_choice":"Searched \u00273\u0027 times","damage_taken":0,"relics_obtained":["Matryoshka"],"max_hp_gain":0,"max_hp_loss":0,"event_name":"Dead Adventurer","floor":12,"gold_loss":0}],"is_beta":false,"boss_relics":[],"items_purged_floors":[],"is_endless":false,"potions_floor_spawned":[3,7,13,14],"killed_by":"Hexaghost","ascension_level":12}