{"gold_per_floor":[119,129,140,58,58,58,88,88,88,121,134,99,99,123,123,225,225,236,236,2,14,14,42,42,76,76,88,114,146,258,305,317,432,444,466,496,522,534,646,658],"floor_reached":40,"playtime":2377,"items_purged":[],"score":726,"play_id":"e1984203-7c2e-45fd-aefd-157d1ea5ee5c","local_time":"20190123175553","is_ascension_mode":true,"campfire_choices":[{"data":"Deadly Poison","floor":6,"key":"SMITH"},{"floor":8,"key":"REST"},{"floor":13,"key":"REST"},{"data":"Adrenaline","floor":15,"key":"SMITH"},{"floor":24,"key":"REST"},{"floor":27,"key":"REST"},{"floor":32,"key":"REST"}],"neow_cost":"NONE","seed_source_timestamp":507978751632462,"circlet_count":0,"master_deck":["AscendersBane","Defend_G","Defend_G","Defend_G","Defend_G","Defend_G","Strike_G","Strike_G","Strike_G","Strike_G","Strike_G","Survivor","Neutralize","Poisoned Stab","Deadly Poison+1","Outmaneuver","Purity","Regret","Adrenaline+1","Poisoned Stab","Backflip","Burst","Quick Slash+1","Noxious Fumes","Adrenaline","Expertise+1","Adrenaline+1","After Image","PiercingWail+1","Bane","Flechettes+1","Deadly Poison","Blur","Noxious Fumes","Backstab","Corpse Explosion","Tactician"],"relics":["Ring of the Snake","Dream Catcher","Mercury Hourglass","Bag of Preparation","Blue Candle","Anchor","Odd Mushroom","Sozu","Enchiridion","Tingsha","Gremlin Horn","MawBank","Tough Bandages","The Courier","Oddly Smooth Stone","Black Star","Ginger"],"potions_floor_usage":[7,16,23,25],"damage_taken":[{"damage":2,"enemies":"2 Louse","floor":1,"turns":4},{"damage":5,"enemies":"Small Slimes","floor":2,"turns":4},{"damage":2,"enemies":"Jaw Worm","floor":3,"turns":4},{"damage":29,"enemies":"Gremlin Nob","floor":7,"turns":5},{"damage":31,"enemies":"3 Sentries","floor":10,"turns":7},{"damage":0,"enemies":"3 Louse","floor":11,"turns":3},{"damage":11,"enemies":"The Mushroom Lair","floor":14,"turns":4},{"damage":15,"enemies":"The Guardian","floor":16,"turns":9},{"damage":3,"enemies":"Chosen","floor":18,"turns":4},{"damage":1,"enemies":"3 Byrds","floor":21,"turns":3},{"damage":17,"enemies":"Book of Stabbing","floor":23,"turns":5},{"damage":7,"enemies":"Slavers","floor":25,"turns":5},{"damage":1,"enemies":"Shelled Parasite and Fungi","floor":28,"turns":2},{"damage":4,"enemies":"Centurion and Healer","floor":29,"turns":4},{"damage":0,"enemies":"Colosseum Slavers","floor":30,"turns":3},{"damage":33,"enemies":"Colosseum Nobs","floor":30,"turns":4},{"damage":5,"enemies":"Book of Stabbing","floor":31,"turns":5},{"damage":20,"enemies":"Collector","floor":33,"turns":8},{"damage":1,"enemies":"Orb Walker","floor":35,"turns":3},{"damage":0,"enemies":"3 Darklings","floor":36,"turns":3},{"damage":1,"enemies":"Sphere and 2 Shapes","floor":37,"turns":4},{"damage":5,"enemies":"Mind Bloom Boss Battle","floor":39,"turns":7},{"damage":65,"enemies":"Giant Head","floor":40,"turns":7}],"seed_played":"7114629802748838955","potions_obtained":[{"floor":1,"key":"Block Potion"},{"floor":7,"key":"FearPotion"},{"floor":14,"key":"Dexterity Potion"},{"floor":16,"key":"GamblersBrew"}],"is_trial":false,"path_per_floor":["M","M","M","$","?","R","E","R","T","E","M","?","R","?","R","B",null,"M","?","$","M","?","E","R","E","T","R","M","M","?","E","R","B",null,"M","M","M","?","?","E"],"character_chosen":"THE_SILENT","items_purchased":["Purity","Noxious Fumes","Adrenaline"],"campfire_rested":5,"item_purchase_floors":[4,20,20],"current_hp_per_floor":[61,56,54,54,54,54,25,46,46,15,15,32,53,42,42,27,59,56,40,40,39,39,22,43,36,36,57,56,52,19,14,35,15,56,55,55,54,54,49,0],"gold":658,"neow_bonus":"RANDOM_COMMON_RELIC","is_prod":false,"is_daily":false,"chose_seed":false,"campfire_upgraded":2,"win_rate":0,"timestamp":1548284153,"path_taken":["M","M","M","$","?","R","E","R","T","E","M","?","R","?","R","BOSS","M","?","$","M","?","E","R","E","T","R","?","M","?","E","R","BOSS","M","M","M","?","?","E"],"build_version":"2019-01-23","purchased_purges":0,"victory":false,"max_hp_per_floor":[70,70,70,70,70,70,70,70,70,70,70,70,70,70,70,70,70,70,70,70,70,70,70,70,70,70,70,70,70,70,70,70,70,70,70,70,70,70,70,70],"card_choices":[{"not_picked":["Dash","Dagger Throw"],"picked":"Poisoned Stab","floor":1},{"not_picked":["Poisoned Stab","Slice"],"picked":"Deadly Poison","floor":2},{"not_picked":["Quick Slash","Dash"],"picked":"Outmaneuver","floor":3},{"not_picked":["Footwork","Prepared"],"picked":"Adrenaline","floor":7},{"not_picked":["Choke","Blade Dance"],"picked":"Poisoned Stab","floor":8},{"not_picked":["Slice","Concentrate","Dodge and Roll"],"picked":"SKIP","floor":10},{"not_picked":["Outmaneuver","Dodge and Roll","Quick Slash"],"picked":"SKIP","floor":11},{"not_picked":["Prepared","Eviscerate"],"picked":"Acrobatics","floor":13},{"not_picked":["Night Terror","Underhanded Strike"],"picked":"Backflip","floor":14},{"not_picked":["After Image","Unload"],"picked":"Burst","floor":16},{"not_picked":["Deflect","Acrobatics"],"picked":"Quick Slash+1","floor":18},{"not_picked":["Dagger Spray","Choke"],"picked":"Expertise+1","floor":21},{"not_picked":["Expertise","Predator"],"picked":"After Image","floor":23},{"not_picked":["Sucker Punch","Deflect"],"picked":"PiercingWail+1","floor":24},{"not_picked":["Quick Slash","Backflip"],"picked":"Bane","floor":25},{"not_picked":["Quick Slash+1","Prepared"],"picked":"Flechettes+1","floor":27},{"not_picked":["Dagger Spray+1","Backflip","Wraith Form v2"],"picked":"SKIP","floor":28},{"not_picked":["Masterful Stab","Blade Dance+1"],"picked":"Deadly Poison","floor":29},{"not_picked":["Dagger Throw","Slice+1"],"picked":"Blur","floor":30},{"not_picked":["Quick Slash","Prepared"],"picked":"Noxious Fumes","floor":31},{"not_picked":["Riddle With Holes","Dodge and Roll"],"picked":"Backstab","floor":32},{"not_picked":["Grand Finale","Phantasmal Killer"],"picked":"Corpse Explosion","floor":33},{"not_picked":["Dash+1","Deadly Poison","Flechettes"],"picked":"SKIP","floor":35},{"not_picked":["Outmaneuver+1","Finisher"],"picked":"Tactician","floor":36},{"not_picked":["Outmaneuver","Quick Slash","Eviscerate"],"picked":"SKIP","floor":37}],"player_experience":739022,"relics_obtained":[{"floor":7,"key":"Bag of Preparation"},{"floor":9,"key":"Blue Candle"},{"floor":10,"key":"Anchor"},{"floor":14,"key":"Odd Mushroom"},{"floor":19,"key":"Enchiridion"},{"floor":23,"key":"Tingsha"},{"floor":25,"key":"Gremlin Horn"},{"floor":26,"key":"MawBank"},{"floor":30,"key":"Tough Bandages"},{"floor":30,"key":"The Courier"},{"floor":31,"key":"Oddly Smooth Stone"},{"floor":39,"key":"Ginger"}],"event_choices":[{"damage_healed":0,"gold_gain":0,"player_choice":"Box","damage_taken":0,"relics_obtained":["Mercury Hourglass"],"max_hp_gain":0,"max_hp_loss":0,"event_name":"Big Fish","floor":5,"gold_loss":0,"cards_obtained":["Regret"]},{"damage_healed":17,"gold_gain":0,"player_choice":"Healed","damage_taken":0,"max_hp_gain":0,"max_hp_loss":0,"event_name":"The Cleric","floor":12,"gold_loss":35},{"damage_healed":0,"gold_gain":0,"player_choice":"Fought Mushrooms","damage_taken":0,"max_hp_gain":0,"max_hp_loss":0,"event_name":"Mushrooms","floor":14,"gold_loss":0},{"damage_healed":0,"gold_gain":0,"player_choice":"Obtained Book","damage_taken":16,"max_hp_gain":0,"max_hp_loss":0,"event_name":"Cursed Tome","floor":19,"gold_loss":0},{"damage_healed":0,"gold_gain":0,"player_choice":"Copied","damage_taken":0,"max_hp_gain":0,"max_hp_loss":0,"event_name":"Duplicator","floor":22,"gold_loss":0,"cards_obtained":["Adrenaline"]},{"damage_healed":0,"gold_gain":0,"player_choice":"Fight","damage_taken":0,"max_hp_gain":0,"max_hp_loss":0,"event_name":"Colosseum","floor":30,"gold_loss":0},{"damage_healed":0,"gold_gain":0,"player_choice":"Fought Nobs","damage_taken":0,"max_hp_gain":0,"max_hp_loss":0,"event_name":"Colosseum","floor":30,"gold_loss":0},{"cards_removed":["Acrobatics"],"damage_healed":0,"gold_gain":0,"player_choice":"Removed Skill","damage_taken":0,"max_hp_gain":0,"max_hp_loss":0,"event_name":"Falling","floor":38,"gold_loss":0},{"damage_healed":0,"gold_gain":0,"player_choice":"Fight","damage_taken":0,"max_hp_gain":0,"max_hp_loss":0,"event_name":"MindBloom","floor":39,"gold_loss":0}],"is_beta":false,"boss_relics":[{"not_picked":["Snecko Eye","Tiny House"],"picked":"Sozu"},{"not_picked":["Runic Pyramid","White Beast Statue"],"picked":"Black Star"}],"items_purged_floors":[],"is_endless":false,"potions_floor_spawned":[1,7,14,16,18,21,25,30,31,36],"killed_by":"Giant Head","ascension_level":11}