{"gold_per_floor":[114,14,25,25,25,60,60,119,193,203,203,215,238,277,289,398,460,488,500,64,84,84,84,84],"floor_reached":24,"playtime":918,"items_purged":["Doubt","Clumsy"],"score":339,"play_id":"10060b65-3354-4c57-bd97-22c56d16c2bc","local_time":"20190131230843","is_ascension_mode":true,"campfire_choices":[{"data":"All Out Attack","floor":7,"key":"SMITH"},{"floor":15,"key":"REST"},{"data":"Adrenaline","floor":23,"key":"SMITH"}],"neow_cost":"NONE","seed_source_timestamp":1219449589070294,"circlet_count":0,"master_deck":["AscendersBane","Defend_G","Defend_G","Defend_G","Defend_G","Defend_G","Strike_G+1","Strike_G","Strike_G","Strike_G","Strike_G","Survivor","Neutralize","Underhanded Strike","Acrobatics","Dagger Spray","All Out Attack+1","Sucker Punch","Blur","Flying Knee","Bullet Time","Adrenaline+1","Prepared","Reflex","Finisher"],"relics":["Calling Bell","Strawberry","Paper Crane","Torii","Happy Flower","Mummified Hand","Tiny Chest","Pantograph","MawBank","Gremlin Horn","Oddly Smooth Stone","Tiny House","Singing Bowl","TheAbacus","Juzu Bracelet"],"potions_floor_usage":[6,8,14,21,24],"damage_taken":[{"damage":1,"enemies":"2 Louse","floor":1,"turns":4},{"damage":2,"enemies":"Jaw Worm","floor":3,"turns":5},{"damage":19,"enemies":"Gremlin Nob","floor":6,"turns":4},{"damage":35,"enemies":"Lagavulin","floor":8,"turns":6},{"damage":0,"enemies":"Cultist","floor":10,"turns":3},{"damage":1,"enemies":"Blue Slaver","floor":13,"turns":4},{"damage":11,"enemies":"3 Sentries","floor":14,"turns":4},{"damage":23,"enemies":"Slime Boss","floor":16,"turns":14},{"damage":10,"enemies":"Chosen","floor":18,"turns":6},{"damage":22,"enemies":"Spheric Guardian","floor":21,"turns":7},{"damage":37,"enemies":"Slavers","floor":24,"turns":4}],"seed_played":"6163019397713675791","potions_obtained":[{"floor":1,"key":"Fire Potion"},{"floor":3,"key":"LiquidBronze"},{"floor":10,"key":"SpeedPotion"},{"floor":14,"key":"SkillPotion"},{"floor":17,"key":"Swift Potion"}],"is_trial":false,"path_per_floor":["M","$","M","?","?","E","R","E","T","M","T","T","M","E","R","B",null,"M","?","$","M","?","R","E"],"character_chosen":"THE_SILENT","items_purchased":["Acrobatics","TheAbacus","Juzu Bracelet"],"campfire_rested":1,"item_purchase_floors":[2,20,20],"current_hp_per_floor":[69,69,67,67,67,48,48,13,13,13,13,13,12,1,24,26,69,59,59,59,37,37,37,0],"gold":84,"neow_bonus":"BOSS_RELIC","is_prod":false,"is_daily":false,"chose_seed":false,"campfire_upgraded":2,"win_rate":0,"timestamp":1548994123,"path_taken":["M","$","M","?","?","E","R","E","T","M","?","?","M","E","R","BOSS","M","?","$","M","?","R","E"],"build_version":"2019-01-23","purchased_purges":2,"victory":false,"max_hp_per_floor":[77,77,77,77,77,77,77,77,77,77,77,77,77,77,77,77,82,82,82,82,82,82,82,82],"card_choices":[{"not_picked":["Riddle With Holes","Flechettes"],"picked":"Underhanded Strike","floor":1},{"not_picked":["Dodge and Roll","Endless Agony"],"picked":"Dagger Spray","floor":3},{"not_picked":["Quick Slash","Concentrate"],"picked":"All Out Attack","floor":6},{"not_picked":["Expertise","Die Die Die"],"picked":"Sucker Punch","floor":8},{"not_picked":["Blade Dance","Dash"],"picked":"Blur","floor":10},{"not_picked":["Poisoned Stab","Cloak And Dagger"],"picked":"Flying Knee","floor":13},{"not_picked":["Outmaneuver","Dodge and Roll"],"picked":"Bullet Time","floor":14},{"not_picked":["Bullet Time","After Image"],"picked":"Adrenaline","floor":16},{"not_picked":["Noxious Fumes","Quick Slash"],"picked":"Prepared","floor":17},{"not_picked":["Cloak And Dagger","Backflip"],"picked":"Reflex","floor":18},{"not_picked":["Deflect","Well Laid Plans"],"picked":"Finisher","floor":21}],"player_experience":771436,"relics_obtained":[{"floor":0,"key":"Strawberry"},{"floor":0,"key":"Paper Crane"},{"floor":0,"key":"Torii"},{"floor":6,"key":"Mummified Hand"},{"floor":8,"key":"Tiny Chest"},{"floor":9,"key":"Pantograph"},{"floor":11,"key":"MawBank"},{"floor":12,"key":"Gremlin Horn"},{"floor":14,"key":"Oddly Smooth Stone"},{"floor":19,"key":"Singing Bowl"}],"event_choices":[{"damage_healed":0,"gold_gain":0,"player_choice":"Box","damage_taken":0,"relics_obtained":["Happy Flower"],"max_hp_gain":0,"max_hp_loss":0,"event_name":"Big Fish","floor":4,"gold_loss":0,"cards_obtained":["Regret"]},{"cards_removed":["Regret"],"damage_healed":0,"gold_gain":0,"player_choice":"Forget","damage_taken":0,"max_hp_gain":0,"max_hp_loss":0,"event_name":"Living Wall","floor":5,"gold_loss":0},{"damage_healed":0,"gold_gain":0,"player_choice":"Relic","damage_taken":0,"max_hp_gain":0,"max_hp_loss":0,"event_name":"Wheel of Change","floor":19,"gold_loss":0},{"cards_removed":["Clumsy"],"damage_healed":0,"gold_gain":0,"player_choice":"Elegance","damage_taken":0,"max_hp_gain":0,"max_hp_loss":0,"event_name":"Back to Basics","floor":22,"gold_loss":0}],"is_beta":false,"boss_relics":[{"not_picked":["Cursed Key","Velvet Choker"],"picked":"Tiny House"}],"items_purged_floors":[2,20],"is_endless":false,"potions_floor_spawned":[1,3,10,14,18],"killed_by":"Slavers","ascension_level":12}