{"gold_per_floor":[116,116,38,38,57,98,98,136,136,152,191,191,191,205,205,329,329,349,349,349,24,24,55,67,104,116,128,140,50,50,74,74,203,203,216,216,232,232,232,232,232],"floor_reached":41,"playtime":1374,"items_purged":[],"score":739,"play_id":"2c6ea306-5880-4506-99db-22117a9efe73","local_time":"20190128225220","is_ascension_mode":true,"campfire_choices":[{"data":"Footwork","floor":7.0,"key":"SMITH"},{"data":"Masterful Stab","floor":12.0,"key":"SMITH"},{"floor":15.0,"key":"REST"},{"floor":24,"key":"REST"},{"data":"Footwork","floor":28,"key":"SMITH"},{"floor":32,"key":"REST"},{"floor":40,"key":"REST"}],"neow_cost":"NONE","seed_source_timestamp":0,"circlet_count":0,"master_deck":["AscendersBane","Defend_G","Defend_G","Defend_G","Defend_G","Defend_G","Strike_G","Strike_G","Strike_G","Strike_G","Survivor","Neutralize","Masterful Stab+1","Footwork+1","Backflip","Envenom","Footwork+1","Dagger Spray","Sucker Punch","Masterful Stab","Corpse Explosion","Masterful Stab","Necronomicurse","Terror","Storm of Steel","Backflip","Envenom","Infinite Blades","Accuracy","Masterful Stab","PiercingWail","Infinite Blades","Flash of Steel"],"special_seed":0,"relics":["Ring of the Snake","NeowsBlessing","Mercury Hourglass","Golden Idol","PreservedInsect","Smiling Mask","Bottled Flame","Juzu Bracelet","Black Star","Necronomicon","Membership Card","Mummified Hand","MawBank","Pantograph","Snake Skull","Shuriken","Toolbox","Orrery"],"potions_floor_usage":[23,37],"damage_taken":[{"damage":0.0,"enemies":"Small Slimes","floor":1.0,"turns":1.0},{"damage":0.0,"enemies":"2 Louse","floor":5.0,"turns":1.0},{"damage":0.0,"enemies":"3 Sentries","floor":6.0,"turns":1.0},{"damage":19.0,"enemies":"Gremlin Nob","floor":8.0,"turns":4.0},{"damage":4.0,"enemies":"Jaw Worm","floor":10.0,"turns":3.0},{"damage":5.0,"enemies":"Lagavulin","floor":11.0,"turns":6.0},{"damage":3.0,"enemies":"Large Slime","floor":14.0,"turns":6.0},{"damage":3.0,"enemies":"Slime Boss","floor":16.0,"turns":10.0},{"damage":25.0,"enemies":"Chosen","floor":18.0,"turns":7.0},{"damage":66,"enemies":"Book of Stabbing","floor":23,"turns":8},{"damage":11,"enemies":"Colosseum Slavers","floor":30,"turns":5},{"damage":6,"enemies":"Shell Parasite","floor":31,"turns":5},{"damage":53,"enemies":"Automaton","floor":33,"turns":10},{"damage":12,"enemies":"Orb Walker","floor":35,"turns":3},{"damage":33,"enemies":"3 Darklings","floor":37,"turns":7},{"damage":30,"enemies":"Jaw Worm Horde","floor":41,"turns":3}],"seed_played":"-8721368655361554080","potions_obtained":[{"floor":1.0,"key":"Regen Potion"},{"floor":8.0,"key":"AttackPotion"},{"floor":10.0,"key":"GhostInAJar"},{"floor":18.0,"key":"Poison Potion"},{"floor":31,"key":"SteroidPotion"},{"floor":35,"key":"Block Potion"}],"is_trial":false,"path_per_floor":["M","?","$","?","M","E","R","E","T","M","E","R","?","M","R","B",null,"M","?","?","$","?","E","R","T","T","?","R","$","?","M","R","B",null,"M","?","M","?","?","R","M"],"character_chosen":"THE_SILENT","items_purchased":["Footwork","Membership Card","Mummified Hand","Toolbox"],"campfire_rested":4,"item_purchase_floors":[3,21,21,29],"current_hp_per_floor":[63,60,60,60,60,60,60,41,41,37,32,32,32,29,50,47,64,39,23,70,70,70,4,25,25,25,25,25,25,14,8,29,1,53,41,41,8,8,8,29,0],"gold":232,"neow_bonus":"THREE_ENEMY_KILL","is_prod":false,"is_daily":false,"chose_seed":false,"campfire_upgraded":3,"win_rate":0,"timestamp":1548733940,"path_taken":["M","?","$","?","M","E","R","E","T","M","E","R","?","M","R","BOSS","M","?","?","$","?","E","R","?","T","?","R","$","?","M","R","BOSS","M","?","M","?","?","R","M"],"build_version":"2019-01-23","purchased_purges":0,"victory":false,"max_hp_per_floor":[70,70,70,70,70,70,70,70,70,70,70,70,70,70,70,70,70,70,70,70,70,70,70,70,70,70,70,70,70,70,70,70,70,70,70,70,70,70,70,70,70],"card_choices":[{"not_picked":["Deadly Poison","Sucker Punch"],"picked":"Masterful Stab","floor":1.0},{"not_picked":["Blade Dance","Dagger Throw"],"picked":"Backflip","floor":5.0},{"not_picked":["Bane","Deadly Poison"],"picked":"Envenom","floor":6.0},{"not_picked":["Dash","Quick Slash"],"picked":"Footwork","floor":8.0},{"not_picked":["Backstab","Terror"],"picked":"Dagger Spray","floor":10.0},{"not_picked":["Underhanded Strike","Choke"],"picked":"Sucker Punch","floor":11.0},{"not_picked":["PiercingWail","Blade Dance"],"picked":"Masterful Stab","floor":14.0},{"not_picked":["Bullet Time","A Thousand Cuts"],"picked":"Corpse Explosion","floor":16.0},{"not_picked":["Prepared","Dodge and Roll"],"picked":"Masterful Stab","floor":18.0},{"not_picked":["Expertise+1","Prepared"],"picked":"Storm of Steel","floor":23},{"not_picked":["Poisoned Stab+1","Outmaneuver"],"picked":"Backflip","floor":31},{"not_picked":["Corpse Explosion","Adrenaline"],"picked":"Envenom","floor":33},{"not_picked":["Backstab","Reflex"],"picked":"Infinite Blades","floor":34},{"not_picked":["Backflip","Prepared"],"picked":"Accuracy","floor":34},{"not_picked":["Sucker Punch","Setup+1"],"picked":"Masterful Stab","floor":34},{"not_picked":["Acrobatics","Quick Slash"],"picked":"PiercingWail","floor":34},{"not_picked":["Prepared","Dagger Throw","Setup"],"picked":"SKIP","floor":35},{"not_picked":["Well Laid Plans","Calculated Gamble"],"picked":"Infinite Blades","floor":37},{"not_picked":["Swift Strike","Discovery"],"picked":"Flash of Steel","floor":39}],"player_experience":765147,"relics_obtained":[{"floor":6.0,"key":"PreservedInsect"},{"floor":8.0,"key":"Smiling Mask"},{"floor":9.0,"key":"Bottled Flame"},{"floor":11.0,"key":"Juzu Bracelet"},{"floor":19.0,"key":"Necronomicon"},{"floor":23,"key":"MawBank"},{"floor":23,"key":"Pantograph"},{"floor":25,"key":"Snake Skull"},{"floor":26,"key":"Shuriken"}],"event_choices":[{"damage_healed":0.0,"max_hp_gain":0.0,"max_hp_loss":0.0,"gold_gain":0.0,"event_name":"Scrap Ooze","player_choice":"Success","floor":2.0,"gold_loss":0.0,"damage_taken":3.0,"relics_obtained":["Mercury Hourglass"]},{"damage_healed":0.0,"max_hp_gain":0.0,"max_hp_loss":0.0,"gold_gain":0.0,"event_name":"Golden Idol","player_choice":"Take Wound","floor":4.0,"gold_loss":0.0,"damage_taken":0.0,"relics_obtained":["Golden Idol"],"cards_obtained":["Injury"]},{"cards_removed":["Injury"],"damage_healed":0.0,"max_hp_gain":0.0,"max_hp_loss":0.0,"gold_gain":0.0,"event_name":"Living Wall","player_choice":"Forget","floor":13.0,"gold_loss":0.0,"damage_taken":0.0},{"damage_healed":0.0,"max_hp_gain":0.0,"max_hp_loss":0.0,"gold_gain":0.0,"event_name":"Cursed Tome","player_choice":"Obtained Book","floor":19.0,"gold_loss":0.0,"damage_taken":16.0},{"damage_healed":47.0,"max_hp_gain":0.0,"max_hp_loss":0.0,"gold_gain":0.0,"event_name":"Wheel of Change","player_choice":"Full Heal","floor":20.0,"gold_loss":0.0,"damage_taken":0.0},{"damage_healed":0.0,"max_hp_gain":0.0,"max_hp_loss":0.0,"gold_gain":0.0,"event_name":"The Library","player_choice":"Read","floor":22.0,"gold_loss":0.0,"damage_taken":0.0,"cards_obtained":["Terror"]},{"damage_healed":0,"gold_gain":0,"player_choice":"Ignored","damage_taken":0,"max_hp_gain":0,"max_hp_loss":0,"event_name":"Ghosts","floor":27,"gold_loss":0},{"damage_healed":0,"gold_gain":0,"player_choice":"Fight","damage_taken":0,"max_hp_gain":0,"max_hp_loss":0,"event_name":"Colosseum","floor":30,"gold_loss":0},{"damage_healed":0,"gold_gain":0,"player_choice":"Fled From Nobs","damage_taken":0,"max_hp_gain":0,"max_hp_loss":0,"event_name":"Colosseum","floor":30,"gold_loss":0},{"cards_removed":["Strike_G"],"damage_healed":0,"gold_gain":0,"player_choice":"Removed Attack","damage_taken":0,"max_hp_gain":0,"max_hp_loss":0,"event_name":"Falling","floor":36,"gold_loss":0},{"damage_healed":0,"gold_gain":0,"player_choice":"Ignored","damage_taken":0,"max_hp_gain":0,"max_hp_loss":0,"event_name":"SecretPortal","floor":38,"gold_loss":0},{"damage_healed":0,"gold_gain":0,"player_choice":"Memory 1","damage_taken":0,"max_hp_gain":0,"max_hp_loss":0,"event_name":"SensoryStone","floor":39,"gold_loss":0}],"is_beta":false,"boss_relics":[{"not_picked":["Fusion Hammer","Cursed Key"],"picked":"Black Star"},{"not_picked":["Eternal Feather","Pandora\u0027s Box"],"picked":"Orrery"}],"items_purged_floors":[],"is_endless":false,"potions_floor_spawned":[1,8,10,14,18,31,35],"killed_by":"Jaw Worm Horde","ascension_level":12}