{"gold_per_floor":[116,132,151,151,151,151,183,201,201,201,0,18,18,45,57,174,186,213,225,237,266,278],"floor_reached":22,"playtime":1149,"items_purged":[],"score":310,"play_id":"3d08e9c7-ea3e-4fa6-a732-f2fe020e81a5","local_time":"20190126162335","is_ascension_mode":true,"campfire_choices":[{"data":"Skewer","floor":6,"key":"SMITH"},{"floor":13,"key":"REST"},{"floor":15,"key":"REST"}],"neow_cost":"NONE","seed_source_timestamp":762898457774416,"circlet_count":0,"master_deck":["AscendersBane","Defend_G","Defend_G","Defend_G","Defend_G+1","Defend_G+1","Strike_G","Strike_G","Strike_G","Strike_G","Strike_G","Survivor","Neutralize","Backflip","Skewer+1","Tactician","Regret","Reflex","Expertise","Underhanded Strike","Outmaneuver","Backflip","PiercingWail","Burst","Writhe","Underhanded Strike"],"relics":["HoveringKite","Regal Pillow","Kunai","Dream Catcher","Darkstone Periapt","TheAbacus","MawBank","Sozu","Enchiridion","Vajra"],"potions_floor_usage":[7,14],"damage_taken":[{"damage":4,"enemies":"2 Louse","floor":1,"turns":3},{"damage":0,"enemies":"Small Slimes","floor":2,"turns":5},{"damage":1,"enemies":"Cultist","floor":3,"turns":4},{"damage":38,"enemies":"Lagavulin","floor":7,"turns":8},{"damage":0,"enemies":"2 Fungi Beasts","floor":8,"turns":5},{"damage":0,"enemies":"Blue Slaver","floor":12,"turns":4},{"damage":18,"enemies":"3 Sentries","floor":14,"turns":13},{"damage":37,"enemies":"The Guardian","floor":16,"turns":13},{"damage":9,"enemies":"Shell Parasite","floor":18,"turns":7},{"damage":3,"enemies":"Spheric Guardian","floor":21,"turns":3},{"damage":39,"enemies":"Snake Plant","floor":22,"turns":5}],"seed_played":"-604223247925626067","potions_obtained":[{"floor":2,"key":"Ancient Potion"},{"floor":7,"key":"AttackPotion"},{"floor":8,"key":"SteroidPotion"}],"is_trial":false,"path_per_floor":["M","M","M","?","?","R","E","M","T","?","$","M","R","E","R","B",null,"M","?","?","M","M"],"character_chosen":"THE_SILENT","items_purchased":["TheAbacus"],"campfire_rested":2,"item_purchase_floors":[11],"current_hp_per_floor":[59,59,58,44,44,44,6,6,6,6,6,6,42,24,60,23,58,49,33,39,36,0],"gold":278,"neow_bonus":"BOSS_RELIC","is_prod":false,"is_daily":false,"chose_seed":false,"campfire_upgraded":1,"win_rate":0,"timestamp":1548537815,"path_taken":["M","M","M","?","?","R","E","M","T","?","$","?","R","E","R","BOSS","M","?","?","M","M"],"build_version":"2019-01-23","purchased_purges":0,"victory":false,"max_hp_per_floor":[70,70,70,70,70,70,70,70,70,70,70,70,70,70,70,70,70,70,70,76,76,76],"card_choices":[{"not_picked":["Dagger Throw","PiercingWail"],"picked":"Backflip","floor":1},{"not_picked":["Noxious Fumes","Flying Knee"],"picked":"Skewer","floor":2},{"not_picked":["Deadly Poison","Dagger Spray"],"picked":"Tactician","floor":3},{"not_picked":["Backflip","Cloak And Dagger"],"picked":"Reflex","floor":7},{"not_picked":["Leg Sweep","Infinite Blades"],"picked":"Expertise","floor":8},{"not_picked":["Slice","Deadly Poison"],"picked":"Underhanded Strike","floor":12},{"not_picked":["Dodge and Roll","Cloak And Dagger"],"picked":"Outmaneuver","floor":13},{"not_picked":["Dagger Throw","Blur"],"picked":"Backflip","floor":14},{"not_picked":["Concentrate","Accuracy"],"picked":"PiercingWail","floor":15},{"not_picked":["Glass Knife","Malaise"],"picked":"Burst","floor":16},{"not_picked":["Dodge and Roll","Poisoned Stab","Accuracy"],"picked":"SKIP","floor":18},{"not_picked":["Heel Hook","Endless Agony+1"],"picked":"Underhanded Strike","floor":21}],"player_experience":758322,"relics_obtained":[{"floor":7,"key":"Kunai"},{"floor":9,"key":"Dream Catcher"},{"floor":14,"key":"MawBank"},{"floor":19,"key":"Enchiridion"}],"event_choices":[{"damage_healed":0,"gold_gain":0,"player_choice":"Entered Light","damage_taken":14,"max_hp_gain":0,"max_hp_loss":0,"event_name":"Shining Light","floor":4,"gold_loss":0,"cards_upgraded":["Defend_G","Defend_G"]},{"damage_healed":0,"gold_gain":0,"player_choice":"Box","damage_taken":0,"relics_obtained":["Regal Pillow"],"max_hp_gain":0,"max_hp_loss":0,"event_name":"Big Fish","floor":5,"gold_loss":0,"cards_obtained":["Regret"]},{"damage_healed":0,"gold_gain":0,"player_choice":"Gave Potion","damage_taken":0,"relics_obtained":["Darkstone Periapt"],"max_hp_gain":0,"max_hp_loss":0,"event_name":"WeMeetAgain","floor":10,"gold_loss":0},{"damage_healed":0,"gold_gain":0,"player_choice":"Obtained Book","damage_taken":16,"max_hp_gain":0,"max_hp_loss":0,"event_name":"Cursed Tome","floor":19,"gold_loss":0},{"damage_healed":0,"gold_gain":0,"player_choice":"Opened","damage_taken":0,"relics_obtained":["Vajra"],"max_hp_gain":0,"max_hp_loss":0,"event_name":"The Mausoleum","floor":20,"gold_loss":0,"cards_obtained":["Writhe"]}],"is_beta":false,"boss_relics":[{"not_picked":["Busted Crown","Velvet Choker"],"picked":"Sozu"}],"items_purged_floors":[],"is_endless":false,"potions_floor_spawned":[2,7,8],"killed_by":"Snake Plant","ascension_level":12}