{"gold_per_floor":[117,130,205,205,216,216,242,260,260,260,106,106,119,183,183,278,278,291,291,307,318,318,318,330,35,61,61,61,61,80,109,109,109],"floor_reached":33,"playtime":1824,"items_purged":["Writhe"],"score":424,"play_id":"c85bad06-7942-4dcc-a07f-f33030c046e9","local_time":"20190206225252","is_ascension_mode":true,"campfire_choices":[{"data":"Neutralize","floor":6.0,"key":"SMITH"},{"floor":10.0,"key":"REST"},{"data":"Footwork","floor":12.0,"key":"SMITH"},{"floor":15.0,"key":"REST"},{"data":"A Thousand Cuts","floor":23,"key":"SMITH"},{"floor":28,"key":"REST"},{"floor":32,"key":"REST"}],"neow_cost":"CURSE","seed_source_timestamp":0,"circlet_count":0,"master_deck":["AscendersBane","Defend_G","Defend_G","Defend_G","Defend_G","Strike_G","Strike_G","Strike_G","Strike_G","Survivor","Neutralize+1","Well Laid Plans","Distraction","PiercingWail","Heel Hook","Escape Plan","PiercingWail","Footwork+1","Cloak And Dagger","A Thousand Cuts+1","Blade Dance+1","Underhanded Strike","After Image","Blade Dance","Deflect","Infinite Blades","Backflip+1","Cloak And Dagger+1","Infinite Blades","Flash of Steel"],"special_seed":0,"relics":["Ring of the Snake","Shuriken","Ninja Scroll","Pen Nib","Gremlin Horn","Orrery","DollysMirror","War Paint","Omamori"],"potions_floor_usage":[31],"damage_taken":[{"damage":1.0,"enemies":"Small Slimes","floor":1.0,"turns":4.0},{"damage":7.0,"enemies":"Jaw Worm","floor":2.0,"turns":9.0},{"damage":4.0,"enemies":"Cultist","floor":5.0,"turns":5.0},{"damage":28.0,"enemies":"Lagavulin","floor":7.0,"turns":8.0},{"damage":1.0,"enemies":"Looter","floor":8.0,"turns":3.0},{"damage":0.0,"enemies":"3 Louse","floor":13.0,"turns":3.0},{"damage":8.0,"enemies":"3 Sentries","floor":14.0,"turns":10.0},{"damage":18.0,"enemies":"Slime Boss","floor":16.0,"turns":12.0},{"damage":4,"enemies":"Chosen","floor":18,"turns":6},{"damage":6,"enemies":"Shell Parasite","floor":20,"turns":6},{"damage":29,"enemies":"Snake Plant","floor":21,"turns":6},{"damage":7,"enemies":"Centurion and Healer","floor":24,"turns":7},{"damage":21,"enemies":"Sentry and Sphere","floor":30,"turns":5},{"damage":14,"enemies":"Book of Stabbing","floor":31,"turns":5},{"damage":46,"enemies":"Automaton","floor":33,"turns":6}],"seed_played":"9153357825475922263","potions_obtained":[{"floor":5.0,"key":"GamblersBrew"},{"floor":13.0,"key":"AttackPotion"},{"floor":16.0,"key":"Explosive Potion"},{"floor":18,"key":"Dexterity Potion"}],"is_trial":false,"path_per_floor":["M","M","?","T","M","R","E","M","T","R","$","R","M","?","R","B",null,"M","?","M","M","?","R","M","$","T","?","R","?","M","E","R","B"],"character_chosen":"THE_SILENT","items_purchased":["Footwork","DollysMirror","Flash of Steel"],"campfire_rested":4,"item_purchase_floors":[11,25,25],"current_hp_per_floor":[62,55,44,44,40,40,12,11,11,32,32,32,32,24,45,27,59,55,60,54,25,25,25,18,18,18,41,62,49,28,14,36,0],"gold":109,"neow_bonus":"TRANSFORM_TWO_CARDS","is_prod":false,"is_daily":false,"chose_seed":false,"campfire_upgraded":3,"win_rate":0,"timestamp":1549511572,"path_taken":["M","M","?","?","M","R","E","M","T","R","$","R","?","?","R","BOSS","M","?","M","?","?","R","M","?","T","?","R","?","?","E","R","BOSS"],"build_version":"2019-01-23","purchased_purges":1,"victory":false,"max_hp_per_floor":[70,70,70,70,70,70,70,70,70,70,70,70,70,70,70,70,70,70,70,70,70,70,70,70,70,70,70,70,75,75,75,75,75],"card_choices":[{"not_picked":["Flying Knee","Deflect"],"picked":"PiercingWail","floor":1.0},{"not_picked":["Bouncing Flask","Backstab"],"picked":"Heel Hook","floor":2.0},{"not_picked":["Poisoned Stab","Caltrops"],"picked":"Underhanded Strike","floor":5.0},{"not_picked":["Doppelganger","Dash"],"picked":"Escape Plan","floor":7.0},{"not_picked":["Deadly Poison","Deflect"],"picked":"PiercingWail","floor":8.0},{"not_picked":["Distraction","Blade Dance"],"picked":"Cloak And Dagger","floor":13.0},{"not_picked":["Wraith Form v2","Venomology"],"picked":"A Thousand Cuts","floor":16.0},{"not_picked":["Dagger Throw","Slice"],"picked":"Blade Dance","floor":17},{"not_picked":["Outmaneuver","Sucker Punch"],"picked":"Underhanded Strike","floor":17},{"not_picked":["Dagger Throw","Caltrops"],"picked":"After Image","floor":17},{"not_picked":["Acrobatics","Sucker Punch"],"picked":"Blade Dance","floor":17},{"not_picked":["Poisoned Stab","Malaise"],"picked":"Deflect","floor":17},{"not_picked":["Finisher","Deflect"],"picked":"Infinite Blades","floor":18},{"not_picked":["Choke","Sucker Punch+1"],"picked":"Backflip","floor":20},{"not_picked":["Slice","Underhanded Strike+1","Flying Knee"],"picked":"SKIP","floor":21},{"not_picked":["Underhanded Strike","Deflect"],"picked":"Cloak And Dagger+1","floor":24},{"not_picked":["Outmaneuver","Blur","Deadly Poison"],"picked":"SKIP","floor":30},{"not_picked":["Eviscerate","Slice","Unload"],"picked":"SKIP","floor":31}],"player_experience":779610,"relics_obtained":[{"floor":4.0,"key":"Shuriken"},{"floor":7.0,"key":"Ninja Scroll"},{"floor":9.0,"key":"Pen Nib"},{"floor":14.0,"key":"Gremlin Horn"},{"floor":26,"key":"War Paint"},{"floor":31,"key":"Omamori"}],"event_choices":[{"damage_healed":0.0,"max_hp_gain":0.0,"max_hp_loss":0.0,"gold_gain":75.0,"event_name":"World of Goop","player_choice":"Gather Gold","floor":3.0,"gold_loss":0.0,"damage_taken":11.0},{"damage_healed":0.0,"max_hp_gain":0.0,"max_hp_loss":0.0,"gold_gain":0.0,"event_name":"Dead Adventurer","player_choice":"Searched \u00272\u0027 times","floor":14.0,"gold_loss":0.0,"damage_taken":0.0},{"cards_removed":["Underhanded Strike"],"damage_healed":5,"gold_gain":0,"player_choice":"Offered Common","damage_taken":0,"max_hp_gain":0,"max_hp_loss":0,"event_name":"Bonfire Elementals","floor":19,"gold_loss":0},{"cards_removed":["Underhanded Strike"],"damage_healed":5,"gold_gain":0,"player_choice":"Offered Special","damage_taken":0,"max_hp_gain":0,"max_hp_loss":0,"event_name":"Bonfire Elementals","floor":19,"gold_loss":0},{"damage_healed":0,"gold_gain":0,"player_choice":"Ignored","damage_taken":0,"max_hp_gain":0,"max_hp_loss":0,"event_name":"Vampires","floor":22,"gold_loss":0},{"damage_healed":23,"gold_gain":0,"player_choice":"Heal","damage_taken":0,"max_hp_gain":0,"max_hp_loss":0,"event_name":"The Library","floor":27,"gold_loss":0},{"damage_healed":0,"gold_gain":0,"player_choice":"Shed Blood","damage_taken":18,"max_hp_gain":5,"max_hp_loss":0,"event_name":"Forgotten Altar","floor":29,"gold_loss":0}],"is_beta":false,"boss_relics":[{"not_picked":["HoveringKite","Astrolabe"],"picked":"Orrery"}],"items_purged_floors":[11],"is_endless":false,"potions_floor_spawned":[5,13,16,18,20,30],"killed_by":"Automaton","ascension_level":12}