{"gold_per_floor":[111,111,61,11,186,211,211,211,211,211,226,226,258,138,138,235,235,249,249,264,264],"floor_reached":21,"playtime":525,"items_purged":["Doubt"],"score":333,"play_id":"185904bb-2c7a-4cb1-832e-c6a0a8858991","local_time":"20190203230622","is_ascension_mode":true,"campfire_choices":[{"floor":8,"key":"RECALL"},{"data":"Cloak And Dagger","floor":12,"key":"SMITH"},{"data":"Blade Dance","floor":15,"key":"SMITH"}],"neow_cost":"NONE","seed_source_timestamp":91400232681167,"circlet_count":0,"master_deck":["AscendersBane","Defend_G","Defend_G","Defend_G","Defend_G","Strike_G","Strike_G","Strike_G","Strike_G","Survivor","Neutralize","Poisoned Stab","Caltrops","Bane","Cloak And Dagger+1","Dagger Spray","Backflip","Blade Dance+1","Storm of Steel","Good Instincts","Leg Sweep"],"relics":["Ring of the Serpent","NeowsBlessing","Singing Bowl","Shuriken","Letter Opener","Kunai"],"potions_floor_usage":[16],"damage_taken":[{"damage":0,"enemies":"Cultist","floor":1,"turns":1},{"damage":0,"enemies":"Lagavulin","floor":6,"turns":1},{"damage":0,"enemies":"2 Louse","floor":11,"turns":1},{"damage":27,"enemies":"Gremlin Nob","floor":13,"turns":4},{"damage":13,"enemies":"The Guardian","floor":16,"turns":11},{"damage":9,"enemies":"Shell Parasite","floor":18,"turns":5},{"damage":11,"enemies":"Spheric Guardian","floor":20,"turns":3},{"damage":22,"enemies":"Snake Plant","floor":21,"turns":2}],"seed_played":"1517489651997469191","potions_obtained":[{"floor":6,"key":"Ancient Potion"},{"floor":13,"key":"Block Potion"}],"is_trial":false,"path_per_floor":["M","?","?","$","?","E","T","R","T","?","M","R","E","$","R","B",null,"M","?","M","M"],"character_chosen":"THE_SILENT","items_purchased":["Bane","Blade Dance"],"campfire_rested":0,"item_purchase_floors":[4,14],"current_hp_per_floor":[63,63,63,63,63,63,63,63,63,45,45,45,18,18,18,5,54,47,33,22,0],"gold":264,"neow_bonus":"THREE_ENEMY_KILL","is_prod":false,"is_daily":false,"chose_seed":false,"campfire_upgraded":2,"win_rate":0,"timestamp":1549253182,"path_taken":["M","?","?","?","?","E","?","R","T","?","M","R","E","$","R","BOSS","M","?","?","M"],"build_version":"2019-01-23","purchased_purges":1,"victory":false,"max_hp_per_floor":[70,70,70,70,70,70,70,70,70,70,70,70,70,70,70,70,70,72,72,72,72],"card_choices":[{"not_picked":["Deflect","Leg Sweep"],"picked":"Poisoned Stab","floor":1},{"not_picked":["Expertise","Concentrate"],"picked":"Cloak And Dagger","floor":6},{"not_picked":["Outmaneuver","Skewer"],"picked":"Dagger Spray","floor":11},{"not_picked":["Quick Slash","A Thousand Cuts"],"picked":"Backflip","floor":13},{"not_picked":["Adrenaline","Phantasmal Killer"],"picked":"Storm of Steel","floor":16},{"not_picked":["Quick Slash","Prepared","Skewer"],"picked":"Singing Bowl","floor":18},{"not_picked":["Skewer","Poisoned Stab"],"picked":"Leg Sweep","floor":20}],"player_experience":779085,"relics_obtained":[{"floor":6,"key":"Singing Bowl"},{"floor":7,"key":"Shuriken"},{"floor":13,"key":"Kunai"}],"event_choices":[{"damage_healed":0,"gold_gain":0,"cards_transformed":["Strike_G"],"player_choice":"Change","damage_taken":0,"max_hp_gain":0,"max_hp_loss":0,"event_name":"Living Wall","floor":2,"gold_loss":0,"cards_obtained":["Caltrops"]},{"cards_removed":["Defend_G"],"damage_healed":0,"gold_gain":0,"player_choice":"Card Removal","damage_taken":0,"max_hp_gain":0,"max_hp_loss":0,"event_name":"The Cleric","floor":3,"gold_loss":50},{"damage_healed":0,"gold_gain":175,"player_choice":"AGREE","damage_taken":0,"max_hp_gain":0,"max_hp_loss":0,"event_name":"Liars Game","floor":5,"gold_loss":0,"cards_obtained":["Doubt"]},{"damage_healed":0,"gold_gain":0,"player_choice":"Success","damage_taken":18,"relics_obtained":["Letter Opener"],"max_hp_gain":0,"max_hp_loss":0,"event_name":"Scrap Ooze","floor":10,"gold_loss":0},{"damage_healed":0,"gold_gain":0,"player_choice":"CARD ","damage_taken":14,"max_hp_gain":0,"max_hp_loss":0,"event_name":"Knowing Skull","floor":19,"potions_obtained":[],"gold_loss":0,"cards_obtained":["Good Instincts"]}],"is_beta":false,"boss_relics":[{"not_picked":["Tiny House","Calling Bell"],"picked":"Ring of the Serpent"}],"items_purged_floors":[14],"is_endless":false,"potions_floor_spawned":[6,13],"killed_by":"Snake Plant","ascension_level":12}