{"gold_per_floor":[115,36,36,49,61,61,80,80,104,131,81,81,81,116,116,193,243,260,12,12,26,26,26],"floor_reached":23,"playtime":1206,"items_purged":[],"score":408,"play_id":"57ac11a2-d1de-4339-9c58-e0d705868507","local_time":"20190218220619","is_ascension_mode":true,"campfire_choices":[{"data":"Finisher","floor":6,"key":"SMITH"},{"data":"Neutralize","floor":8,"key":"SMITH"},{"floor":12,"key":"REST"},{"data":"Flechettes","floor":15,"key":"SMITH"}],"neow_cost":"NONE","seed_source_timestamp":129816728895072,"circlet_count":0,"master_deck":["AscendersBane","Defend_G","Defend_G","Defend_G","Defend_G","Defend_G","Strike_G","Strike_G+1","Strike_G+1","Survivor","Neutralize+1","Finisher+1","Accuracy","Masterful Stab","Slice+1","Flechettes+1","Doppelganger","Backstab+1","Adrenaline","Concentrate","Footwork","Heel Hook+1"],"relics":["Runic Pyramid","Whetstone","Anchor","Molten Egg 2","Tiny House","Kunai","Regal Pillow"],"potions_floor_usage":[14,23],"damage_taken":[{"damage":0,"enemies":"Cultist","floor":1,"turns":4},{"damage":1,"enemies":"Small Slimes","floor":4,"turns":3},{"damage":0,"enemies":"2 Louse","floor":5,"turns":1},{"damage":8,"enemies":"Blue Slaver","floor":7,"turns":4},{"damage":17,"enemies":"Gremlin Nob","floor":10,"turns":4},{"damage":2,"enemies":"Lagavulin","floor":14,"turns":4},{"damage":0,"enemies":"The Guardian","floor":16,"turns":9},{"damage":0,"enemies":"Chosen","floor":18,"turns":3},{"damage":0,"enemies":"3 Byrds","floor":21,"turns":6},{"damage":62,"enemies":"Gremlin Leader","floor":23,"turns":12}],"seed_played":"3148956146155219815","potions_obtained":[{"floor":1,"key":"SteroidPotion"},{"floor":10,"key":"Weak Potion"},{"floor":16,"key":"Swift Potion"},{"floor":17,"key":"GhostInAJar"}],"is_trial":false,"path_per_floor":["M","$","?","M","M","R","M","R","T","E","?","R","$","E","R","B",null,"M","$","?","M","?","E"],"character_chosen":"THE_SILENT","items_purchased":["Accuracy","Kunai"],"campfire_rested":1,"item_purchase_floors":[2,19],"current_hp_per_floor":[63,63,56,55,55,55,47,47,47,30,30,51,51,49,49,49,70,70,70,56,56,56,0],"gold":26,"neow_bonus":"BOSS_RELIC","is_prod":false,"is_daily":false,"chose_seed":false,"campfire_upgraded":3,"win_rate":0,"timestamp":1550545579,"path_taken":["M","?","?","M","M","R","M","R","T","E","?","R","?","E","R","BOSS","M","$","?","M","?","E"],"build_version":"2019-01-23","purchased_purges":0,"victory":false,"max_hp_per_floor":[70,70,70,70,70,70,70,70,70,70,70,70,70,70,70,70,75,75,75,80,80,80,80],"card_choices":[{"not_picked":["Backflip","Dagger Throw"],"picked":"Finisher","floor":1},{"not_picked":["Blur","Sucker Punch"],"picked":"Masterful Stab","floor":4},{"not_picked":["Flying Knee","Crippling Poison"],"picked":"Slice","floor":5},{"not_picked":["Bouncing Flask","Poisoned Stab"],"picked":"Flechettes","floor":7},{"not_picked":["Deflect","Slice"],"picked":"Doppelganger","floor":10},{"not_picked":["Underhanded Strike","Backflip"],"picked":"Backstab","floor":14},{"not_picked":["Burst","Unload+1"],"picked":"Adrenaline","floor":16},{"not_picked":["Quick Slash+1","Footwork"],"picked":"Concentrate","floor":17},{"not_picked":["Flying Knee+1","Finisher+1"],"picked":"Footwork","floor":18},{"not_picked":["Caltrops","Reflex"],"picked":"Heel Hook+1","floor":21}],"player_experience":805645,"relics_obtained":[{"floor":9,"key":"Whetstone"},{"floor":10,"key":"Anchor"},{"floor":14,"key":"Molten Egg 2"}],"event_choices":[{"cards_removed":["Strike_G"],"damage_healed":0,"gold_gain":0,"player_choice":"Card Removal","damage_taken":7,"max_hp_gain":0,"max_hp_loss":0,"event_name":"Golden Wing","floor":3,"gold_loss":0},{"cards_removed":["Strike_G"],"damage_healed":0,"gold_gain":0,"player_choice":"Card Removal","damage_taken":0,"max_hp_gain":0,"max_hp_loss":0,"event_name":"The Cleric","floor":11,"gold_loss":50},{"damage_healed":0,"gold_gain":0,"player_choice":"Shed Blood","damage_taken":19,"max_hp_gain":5,"max_hp_loss":0,"event_name":"Forgotten Altar","floor":20,"gold_loss":0},{"damage_healed":0,"gold_gain":0,"player_choice":"Gave Potion","damage_taken":0,"relics_obtained":["Regal Pillow"],"max_hp_gain":0,"max_hp_loss":0,"event_name":"WeMeetAgain","floor":22,"gold_loss":0}],"is_beta":false,"boss_relics":[{"not_picked":["Runic Dome","Lizard Tail"],"picked":"Tiny House"}],"items_purged_floors":[],"is_endless":false,"potions_floor_spawned":[1,10,16],"killed_by":"Gremlin Leader","ascension_level":13}