{"gold_per_floor":[116,126,126,82,82,82,182,217,256,268,10,25,25,55,55,55],"floor_reached":16,"playtime":411,"items_purged":[],"score":175,"play_id":"04fd6710-9e62-451b-88df-87a09751a08d","local_time":"20190212235718","is_ascension_mode":true,"campfire_choices":[{"floor":6,"key":"REST"},{"floor":10,"key":"REST"},{"data":"Strike_G","floor":13,"key":"PURGE"},{"data":"Defend_G","floor":15,"key":"PURGE"}],"neow_cost":"NONE","seed_source_timestamp":14596384357850,"circlet_count":0,"master_deck":["AscendersBane","Defend_G","Defend_G+1","Defend_G","Defend_G","Strike_G","Strike_G","Strike_G","Survivor","Neutralize","Crippling Poison+1","Bane","Glass Knife","Deadly Poison","Poisoned Stab","Quick Slash"],"relics":["Fusion Hammer","Peace Pipe","MawBank","Bag of Marbles","ClockworkSouvenir","War Paint"],"potions_floor_usage":[8,16],"damage_taken":[{"damage":2,"enemies":"Jaw Worm","floor":1,"turns":4},{"damage":1,"enemies":"2 Louse","floor":2,"turns":3},{"damage":24,"enemies":"3 Sentries","floor":8,"turns":13},{"damage":0,"enemies":"Cultist","floor":12,"turns":2},{"damage":13,"enemies":"Gremlin Nob","floor":14,"turns":4},{"damage":44,"enemies":"Slime Boss","floor":16,"turns":9}],"seed_played":"7970003366223336686","potions_obtained":[{"floor":1,"key":"GhostInAJar"},{"floor":8,"key":"GhostInAJar"}],"is_trial":false,"path_per_floor":["M","M","?","?","?","R","?","E","T","R","$","M","R","E","R","B"],"character_chosen":"THE_SILENT","items_purchased":["ClockworkSouvenir","Deadly Poison","Poisoned Stab"],"campfire_rested":2,"item_purchase_floors":[11,11,11],"current_hp_per_floor":[61,60,35,35,28,49,49,25,25,46,46,46,46,33,33,0],"gold":55,"neow_bonus":"BOSS_RELIC","is_prod":false,"is_daily":false,"chose_seed":false,"campfire_upgraded":0,"win_rate":0,"timestamp":1550033838,"path_taken":["M","M","?","?","?","R","?","E","T","R","$","M","R","E","R","BOSS"],"build_version":"2019-01-23","purchased_purges":0,"victory":false,"max_hp_per_floor":[70,70,70,70,70,70,70,70,70,70,70,70,70,70,70,70],"card_choices":[{"not_picked":["Calculated Gamble","Choke"],"picked":"Crippling Poison","floor":1},{"not_picked":["Crippling Poison","Flying Knee"],"picked":"Bane","floor":2},{"not_picked":["Blade Dance","Endless Agony"],"picked":"Glass Knife","floor":8},{"not_picked":["Flying Knee","Calculated Gamble"],"picked":"Quick Slash","floor":12},{"not_picked":["Backflip","Slice","Blur"],"picked":"SKIP","floor":14}],"player_experience":799651,"relics_obtained":[{"floor":8,"key":"MawBank"},{"floor":9,"key":"Bag of Marbles"},{"floor":14,"key":"War Paint"}],"event_choices":[{"damage_healed":0,"gold_gain":0,"player_choice":"Success","damage_taken":25,"relics_obtained":["Peace Pipe"],"max_hp_gain":0,"max_hp_loss":0,"event_name":"Scrap Ooze","floor":3,"gold_loss":0},{"damage_healed":0,"gold_gain":0,"player_choice":"Left Gold","damage_taken":0,"max_hp_gain":0,"max_hp_loss":0,"event_name":"World of Goop","floor":4,"gold_loss":44},{"cards_removed":["Strike_G"],"damage_healed":0,"gold_gain":0,"player_choice":"Card Removal","damage_taken":7,"max_hp_gain":0,"max_hp_loss":0,"event_name":"Golden Wing","floor":5,"gold_loss":0},{"damage_healed":0,"gold_gain":100,"player_choice":"Gold","damage_taken":0,"max_hp_gain":0,"max_hp_loss":0,"event_name":"Wheel of Change","floor":7,"gold_loss":0}],"is_beta":false,"boss_relics":[],"items_purged_floors":[],"is_endless":false,"potions_floor_spawned":[1,8],"killed_by":"Slime Boss","ascension_level":13}