{"gold_per_floor":[17,17,29,104,57,57,88,107,107,135,154,62,75,92,92,169,169,186,206,206,219,219,219,233,233,233,233,253,31,31],"floor_reached":30,"playtime":931,"items_purged":[],"score":399,"play_id":"2d764984-07bd-426d-9f45-548b82fd1031","local_time":"20190212235013","is_ascension_mode":true,"campfire_choices":[{"data":"Crippling Poison","floor":6.0,"key":"SMITH"},{"floor":15.0,"key":"REST"},{"floor":23,"key":"REST"},{"data":"Burst","floor":25,"key":"SMITH"},{"data":"Noxious Fumes","floor":27,"key":"SMITH"}],"neow_cost":"NO_GOLD","seed_source_timestamp":0,"circlet_count":0,"master_deck":["AscendersBane","Defend_G","Defend_G","Defend_G+1","Defend_G","Defend_G","Strike_G","Strike_G","Strike_G","Survivor","Neutralize","Caltrops","Crippling Poison+1","All Out Attack+1","Deadly Poison","Noxious Fumes+1","Caltrops","Poisoned Stab","Bane","Finesse","Noxious Fumes","Malaise","Deadly Poison","Burst+1","Deflect","Bane","Caltrops","Necronomicurse","Backstab","PiercingWail","Bouncing Flask","Footwork"],"special_seed":0,"relics":["Ring of the Snake","Gremlin Horn","Paper Crane","Oddly Smooth Stone","Orrery","Necronomicon","Orichalcum","Meat on the Bone","Art of War"],"potions_floor_usage":[24,30],"damage_taken":[{"damage":2.0,"enemies":"Jaw Worm","floor":1.0,"turns":7.0},{"damage":0.0,"enemies":"Small Slimes","floor":3.0,"turns":2.0},{"damage":30.0,"enemies":"Lagavulin","floor":7.0,"turns":7.0},{"damage":0.0,"enemies":"Cultist","floor":8.0,"turns":3.0},{"damage":2.0,"enemies":"Gremlin Nob","floor":10.0,"turns":5.0},{"damage":0.0,"enemies":"Large Slime","floor":11.0,"turns":5.0},{"damage":0.0,"enemies":"Blue Slaver","floor":13.0,"turns":4.0},{"damage":0.0,"enemies":"Lots of Slimes","floor":14.0,"turns":2.0},{"damage":12,"enemies":"Hexaghost","floor":16,"turns":7},{"damage":5,"enemies":"Chosen","floor":18,"turns":5},{"damage":6,"enemies":"3 Byrds","floor":19,"turns":3},{"damage":6,"enemies":"Snake Plant","floor":21,"turns":5},{"damage":12,"enemies":"Snecko","floor":24,"turns":5},{"damage":12,"enemies":"Centurion and Healer","floor":28,"turns":7},{"damage":32,"enemies":"Gremlin Leader","floor":30,"turns":4}],"seed_played":"-7547712733662186345","potions_obtained":[{"floor":7.0,"key":"GamblersBrew"},{"floor":8.0,"key":"SpeedPotion"},{"floor":10.0,"key":"Energy Potion"},{"floor":14.0,"key":"Poison Potion"},{"floor":16,"key":"Block Potion"},{"floor":28,"key":"Weak Potion"}],"is_trial":false,"path_per_floor":["M","?","M","?","$","R","E","M","T","E","M","$","M","M","R","B",null,"M","M","?","M","?","R","M","R","T","R","M","$","E"],"character_chosen":"THE_SILENT","items_purchased":["Deadly Poison","Finesse","Art of War","Footwork"],"campfire_rested":2,"item_purchase_floors":[5,12,29,29],"current_hp_per_floor":[61,47,47,36,36,36,6,6,6,4,4,4,4,4,25,13,56,51,45,29,23,23,44,32,32,32,32,32,32,0],"gold":31,"neow_bonus":"TRANSFORM_TWO_CARDS","is_prod":false,"is_daily":false,"chose_seed":false,"campfire_upgraded":3,"win_rate":0,"timestamp":1550033413,"path_taken":["M","?","M","?","?","R","E","M","T","E","M","$","M","M","R","BOSS","M","M","?","M","?","R","M","R","T","R","M","$","E"],"build_version":"2019-01-23","purchased_purges":0,"victory":false,"max_hp_per_floor":[70,70,70,70,70,70,70,70,70,70,70,70,70,70,70,70,70,70,70,70,70,70,70,70,70,70,70,70,70,70],"card_choices":[{"not_picked":["Deflect","Sucker Punch"],"picked":"All Out Attack","floor":1.0},{"not_picked":["Predator","Acrobatics","Choke"],"picked":"SKIP","floor":3.0},{"not_picked":["Eviscerate","Outmaneuver"],"picked":"Noxious Fumes","floor":7.0},{"not_picked":["Dodge and Roll","Prepared"],"picked":"Caltrops","floor":8.0},{"not_picked":["Predator","Dodge and Roll"],"picked":"Poisoned Stab","floor":10.0},{"not_picked":["Quick Slash","Underhanded Strike"],"picked":"Bane","floor":11.0},{"not_picked":["Dagger Spray","Quick Slash","Prepared"],"picked":"SKIP","floor":13.0},{"not_picked":["Bane","After Image"],"picked":"Noxious Fumes","floor":14.0},{"not_picked":["Grand Finale","Phantasmal Killer"],"picked":"Malaise","floor":16},{"not_picked":["Dagger Throw","Calculated Gamble"],"picked":"Deadly Poison","floor":17},{"not_picked":["Dagger Throw","Dagger Spray"],"picked":"Burst","floor":17},{"not_picked":["Dagger Throw","Blade Dance"],"picked":"Deflect","floor":17},{"not_picked":["Blade Dance","Masterful Stab"],"picked":"Bane","floor":18},{"not_picked":["Dagger Spray","Tools of the Trade"],"picked":"Caltrops","floor":19},{"not_picked":["Skewer","Underhanded Strike"],"picked":"Backstab","floor":21},{"not_picked":["Reflex","Concentrate"],"picked":"PiercingWail","floor":24},{"not_picked":["Quick Slash","Backflip"],"picked":"Bouncing Flask","floor":28}],"player_experience":798720,"relics_obtained":[{"floor":7.0,"key":"Gremlin Horn"},{"floor":9.0,"key":"Paper Crane"},{"floor":10.0,"key":"Oddly Smooth Stone"},{"floor":20,"key":"Necronomicon"},{"floor":26,"key":"Meat on the Bone"}],"event_choices":[{"damage_healed":0.0,"max_hp_gain":0.0,"max_hp_loss":0.0,"gold_gain":0.0,"event_name":"Shining Light","player_choice":"Entered Light","floor":2.0,"gold_loss":0.0,"damage_taken":14.0,"cards_upgraded":["Defend_G","All Out Attack"]},{"damage_healed":0.0,"max_hp_gain":0.0,"max_hp_loss":0.0,"gold_gain":75.0,"event_name":"World of Goop","player_choice":"Gather Gold","floor":4.0,"gold_loss":0.0,"damage_taken":11.0},{"damage_healed":0,"gold_gain":0,"player_choice":"Obtained Book","damage_taken":16,"max_hp_gain":0,"max_hp_loss":0,"event_name":"Cursed Tome","floor":20,"gold_loss":0},{"damage_healed":0,"gold_gain":0,"player_choice":"Opened","damage_taken":0,"relics_obtained":["Orichalcum"],"max_hp_gain":0,"max_hp_loss":0,"event_name":"The Mausoleum","floor":22,"gold_loss":0}],"is_beta":false,"boss_relics":[{"not_picked":["Ectoplasm","Black Star"],"picked":"Orrery"}],"items_purged_floors":[],"is_endless":false,"potions_floor_spawned":[7,8,10,14,16,18,28],"killed_by":"Gremlin Leader","ascension_level":13}