{"gold_per_floor":[118,45,45,45,56,87,87,107,107,125,156,156,166,194,194,271,271,281,281,195,195,208,234,234,149,149,149,160,160,160,170,170,241,241,256,256,256,268,280,308,308,337,337,337,337],"floor_reached":45,"playtime":1953,"items_purged":["Strike_G"],"score":881,"play_id":"1f612a72-b8bd-47c6-818c-42b2dba4c977","local_time":"20190225225352","is_ascension_mode":true,"campfire_choices":[{"floor":12,"key":"REST"},{"floor":15,"key":"REST"},{"floor":24,"key":"DIG"},{"floor":27,"key":"DIG"},{"floor":29,"key":"DIG"},{"floor":32,"key":"DIG"},{"floor":41,"key":"RECALL"}],"neow_cost":"NONE","seed_source_timestamp":279905061925072,"circlet_count":0,"master_deck":["AscendersBane","Defend_G","Defend_G","Defend_G","Strike_G","Strike_G+1","Survivor","Neutralize","Blade Dance","Sucker Punch","Backflip","Masterful Stab","Infinite Blades+1","Cloak And Dagger","Well Laid Plans","After Image","Accuracy","Cloak And Dagger","Phantasmal Killer","Accuracy","Caltrops","Necronomicurse","Footwork+1","Flash of Steel","Accuracy","Masterful Stab+1","Cloak And Dagger","Deflect+1"],"relics":["Ring of the Snake","PreservedInsect","Gremlin Horn","Matryoshka","Smiling Mask","Bronze Scales","Sozu","Thread and Needle","Shovel","Anchor","Shuriken","Bag of Marbles","Letter Opener","Ice Cream","Pantograph","Necronomicon","Bottled Flame","Empty Cage","Pear","Boot","Art of War"],"potions_floor_usage":[16,33],"damage_taken":[{"damage":2,"enemies":"2 Louse","floor":1,"turns":3},{"damage":2,"enemies":"Jaw Worm","floor":5,"turns":5},{"damage":15,"enemies":"3 Sentries","floor":6,"turns":9},{"damage":0,"enemies":"Cultist","floor":8,"turns":3},{"damage":0,"enemies":"Large Slime","floor":10,"turns":5},{"damage":11,"enemies":"Lagavulin","floor":11,"turns":5},{"damage":0,"enemies":"2 Fungi Beasts","floor":13,"turns":3},{"damage":16,"enemies":"Gremlin Nob","floor":14,"turns":3},{"damage":7,"enemies":"The Guardian","floor":16,"turns":13},{"damage":3,"enemies":"Shell Parasite","floor":18,"turns":5},{"damage":5,"enemies":"3 Byrds","floor":22,"turns":4},{"damage":24,"enemies":"Slavers","floor":23,"turns":5},{"damage":4,"enemies":"Snecko","floor":28,"turns":4},{"damage":0,"enemies":"Centurion and Healer","floor":31,"turns":6},{"damage":19,"enemies":"Automaton","floor":33,"turns":9},{"damage":0,"enemies":"Orb Walker","floor":35,"turns":3},{"damage":1,"enemies":"3 Shapes","floor":38,"turns":5},{"damage":12,"enemies":"Transient","floor":39,"turns":5},{"damage":0,"enemies":"Reptomancer","floor":40,"turns":4},{"damage":48,"enemies":"Nemesis","floor":42,"turns":7},{"damage":16,"enemies":"Jaw Worm Horde","floor":45,"turns":2}],"seed_played":"-7301837613205666133","potions_obtained":[{"floor":8,"key":"Block Potion"},{"floor":10,"key":"Weak Potion"}],"is_trial":false,"path_per_floor":["M","$","?","?","M","E","?","M","T","M","E","R","M","E","R","B",null,"M","?","$","?","M","E","R","?","T","R","M","R","?","M","R","B",null,"M","?","?","M","M","E","R","E","T","?","M"],"character_chosen":"THE_SILENT","items_purchased":["Sucker Punch","Backflip","Accuracy"],"campfire_rested":2,"item_purchase_floors":[2,2,20],"current_hp_per_floor":[61,61,61,61,59,44,30,30,30,30,19,40,40,24,45,38,62,59,59,59,59,54,30,30,30,30,30,26,26,10,10,10,16,57,57,57,57,56,44,54,54,6,6,6,0],"gold":337,"neow_bonus":"RANDOM_COMMON_RELIC","is_prod":false,"is_daily":false,"chose_seed":false,"campfire_upgraded":0,"win_rate":0,"timestamp":1551153232,"path_taken":["M","$","?","?","M","E","?","M","T","M","E","R","M","E","R","BOSS","M","?","$","?","?","E","R","?","T","R","M","R","?","?","R","BOSS","M","?","?","?","M","E","R","E","T","?","M"],"build_version":"2019-01-23","purchased_purges":1,"victory":false,"max_hp_per_floor":[70,70,70,70,70,70,70,70,70,70,70,70,70,70,70,70,70,70,70,70,70,70,70,70,70,70,70,70,70,70,70,70,70,70,70,70,70,70,70,80,80,80,80,80,80],"card_choices":[{"not_picked":["Deflect","Underhanded Strike"],"picked":"Blade Dance","floor":1},{"not_picked":["Underhanded Strike","Acrobatics"],"picked":"Masterful Stab","floor":5},{"not_picked":["After Image","Sucker Punch"],"picked":"Infinite Blades","floor":6},{"not_picked":["Quick Slash","Dagger Spray"],"picked":"Cloak And Dagger","floor":8},{"not_picked":["Slice","Flying Knee"],"picked":"Well Laid Plans","floor":10},{"not_picked":["Riddle With Holes","Leg Sweep"],"picked":"After Image","floor":11},{"not_picked":["Masterful Stab","Setup"],"picked":"Accuracy","floor":13},{"not_picked":["Bane","Masterful Stab"],"picked":"Cloak And Dagger","floor":14},{"not_picked":["Night Terror","Wraith Form v2"],"picked":"Phantasmal Killer","floor":16},{"not_picked":["Dash","Crippling Poison","Acrobatics"],"picked":"SKIP","floor":18},{"not_picked":["Deadly Poison","Backflip+1"],"picked":"Caltrops","floor":22},{"not_picked":["Dagger Spray","Blur","Masterful Stab"],"picked":"SKIP","floor":23},{"not_picked":["Flying Knee","Expertise","Predator"],"picked":"SKIP","floor":28},{"not_picked":["Bouncing Flask","Well Laid Plans","Acrobatics"],"picked":"SKIP","floor":31},{"not_picked":["Underhanded Strike","Deflect"],"picked":"Footwork+1","floor":35},{"not_picked":["Purity","Deep Breath"],"picked":"Flash of Steel","floor":36},{"not_picked":["Footwork","Backflip"],"picked":"Accuracy","floor":38},{"not_picked":["Poisoned Stab+1","Dagger Spray"],"picked":"Masterful Stab+1","floor":39},{"not_picked":["Eviscerate","Sucker Punch"],"picked":"Cloak And Dagger","floor":40},{"not_picked":["Dodge and Roll+1","Bane"],"picked":"Deflect+1","floor":42}],"player_experience":818462,"relics_obtained":[{"floor":6,"key":"Gremlin Horn"},{"floor":9,"key":"Matryoshka"},{"floor":11,"key":"Smiling Mask"},{"floor":14,"key":"Bronze Scales"},{"floor":23,"key":"Shovel"},{"floor":24,"key":"Anchor"},{"floor":26,"key":"Bag of Marbles"},{"floor":26,"key":"Letter Opener"},{"floor":27,"key":"Ice Cream"},{"floor":29,"key":"Pantograph"},{"floor":30,"key":"Necronomicon"},{"floor":32,"key":"Bottled Flame"},{"floor":40,"key":"Pear"},{"floor":42,"key":"Boot"},{"floor":43,"key":"Art of War"}],"event_choices":[{"damage_healed":0,"gold_gain":0,"player_choice":"Ignored","damage_taken":0,"max_hp_gain":0,"max_hp_loss":0,"event_name":"Golden Wing","floor":3,"gold_loss":0},{"damage_healed":0,"gold_gain":0,"player_choice":"Leave","damage_taken":0,"max_hp_gain":0,"max_hp_loss":0,"event_name":"The Cleric","floor":4,"gold_loss":0},{"damage_healed":0,"gold_gain":0,"player_choice":"Entered Light","damage_taken":14,"max_hp_gain":0,"max_hp_loss":0,"event_name":"Shining Light","floor":7,"gold_loss":0,"cards_upgraded":["Infinite Blades","Strike_G"]},{"damage_healed":0,"gold_gain":0,"player_choice":"Opened","damage_taken":0,"relics_obtained":["Thread and Needle"],"max_hp_gain":0,"max_hp_loss":0,"event_name":"The Mausoleum","floor":19,"gold_loss":0},{"cards_removed":["Strike_G"],"damage_healed":0,"gold_gain":0,"player_choice":"Offered Basic","damage_taken":0,"max_hp_gain":0,"max_hp_loss":0,"event_name":"Bonfire Elementals","floor":21,"gold_loss":0},{"damage_healed":0,"gold_gain":0,"player_choice":"Obtained Relic","damage_taken":0,"relics_obtained":["Shuriken"],"max_hp_gain":0,"max_hp_loss":0,"event_name":"Addict","floor":25,"gold_loss":85},{"damage_healed":0,"gold_gain":0,"player_choice":"Obtained Book","damage_taken":16,"max_hp_gain":0,"max_hp_loss":0,"event_name":"Cursed Tome","floor":30,"gold_loss":0},{"damage_healed":0,"gold_gain":0,"player_choice":"Memory 1","damage_taken":0,"max_hp_gain":0,"max_hp_loss":0,"event_name":"SensoryStone","floor":36,"gold_loss":0},{"cards_removed":["Defend_G"],"damage_healed":0,"gold_gain":0,"player_choice":"Purged","damage_taken":0,"max_hp_gain":0,"max_hp_loss":0,"event_name":"Purifier","floor":37,"gold_loss":0},{"damage_healed":0,"gold_gain":0,"player_choice":"Ignored","damage_taken":0,"max_hp_gain":0,"max_hp_loss":0,"event_name":"Tomb of Lord Red Mask","floor":44,"gold_loss":0}],"is_beta":false,"boss_relics":[{"not_picked":["Philosopher\u0027s Stone","White Beast Statue"],"picked":"Sozu"},{"not_picked":["Calling Bell","Astrolabe"],"picked":"Empty Cage"}],"items_purged_floors":[20],"is_endless":false,"potions_floor_spawned":[8,10,14,22,31,33,35,42],"killed_by":"Jaw Worm Horde","ascension_level":13}