{"gold_per_floor":[114,129,29,44,44,44,44,44,44,61,61,71,104,134,146,229,241,273,297,332,40,60,60,91,91,136,151,180,190,190,205,205,281,281,299,312,312,237,251,268,268,298,324,344,372,372,372,372,372,372],"floor_reached":50,"playtime":1861,"items_purged":["Pain"],"score":1014,"play_id":"b1ea6b79-afa3-4f8c-b1e8-b36f0690eeaa","local_time":"20190224231957","is_ascension_mode":true,"campfire_choices":[{"floor":6,"key":"REST"},{"data":"Catalyst","floor":8,"key":"SMITH"},{"floor":15,"key":"REST"},{"data":"Accuracy","floor":23,"key":"SMITH"},{"data":"Cloak And Dagger","floor":30,"key":"SMITH"},{"floor":32,"key":"REST"},{"floor":41,"key":"REST"},{"floor":49,"key":"REST"}],"neow_cost":"PERCENT_DAMAGE","seed_source_timestamp":195157593299203,"circlet_count":0,"master_deck":["AscendersBane","Survivor+1","Neutralize+1","Escape Plan+1","Backstab+1","Bane+1","Catalyst+1","Dagger Spray+1","Regret","Footwork+1","Bouncing Flask+1","Poisoned Stab+1","Adrenaline+1","Quick Slash+1","Flying Knee+1","After Image+1","Escape Plan+1","Predator+1","Dagger Spray+1","Endless Agony+1","Blur+1","Noxious Fumes+1","Deadly Poison+1","Infinite Blades+1","Accuracy+1","Dash+1","Cloak And Dagger+1","Burst+1","Shame","Decay","Prepared+1","Heel Hook+1","Blade Dance+1","Infinite Blades+1","Trip+1"],"relics":["Ring of the Snake","Du-Vu Doll","Darkstone Periapt","Ninja Scroll","Pantograph","MawBank","Pandora\u0027s Box","Vajra","Snake Skull","PreservedInsect","Bird Faced Urn","Centennial Puzzle","Strawberry","Bag of Marbles","Calling Bell","Juzu Bracelet","Frozen Egg 2","Nunchaku","Matryoshka","Dream Catcher","Whetstone","Blood Vial","Potion Belt","Mark of the Bloom"],"potions_floor_usage":[16,16,40,42,45,50,50],"damage_taken":[{"damage":1,"enemies":"Cultist","floor":1,"turns":3},{"damage":0,"enemies":"Small Slimes","floor":2,"turns":4},{"damage":0,"enemies":"2 Louse","floor":4,"turns":1},{"damage":0,"enemies":"Exordium Wildlife","floor":10,"turns":2},{"damage":0,"enemies":"Red Slaver","floor":12,"turns":2},{"damage":28,"enemies":"Gremlin Nob","floor":13,"turns":4},{"damage":2,"enemies":"Exordium Thugs","floor":14,"turns":4},{"damage":14,"enemies":"Hexaghost","floor":16,"turns":7},{"damage":3,"enemies":"2 Thieves","floor":18,"turns":2},{"damage":11,"enemies":"Shell Parasite","floor":19,"turns":2},{"damage":4,"enemies":"3 Cultists","floor":22,"turns":3},{"damage":16,"enemies":"Slavers","floor":24,"turns":3},{"damage":31,"enemies":"Centurion and Healer","floor":27,"turns":4},{"damage":0,"enemies":"Gremlin Leader","floor":28,"turns":3},{"damage":0,"enemies":"Snecko","floor":29,"turns":2},{"damage":5,"enemies":"Chosen and Byrds","floor":31,"turns":3},{"damage":43,"enemies":"Champ","floor":33,"turns":10},{"damage":0,"enemies":"Orb Walker","floor":35,"turns":1},{"damage":4,"enemies":"3 Shapes","floor":36,"turns":2},{"damage":68,"enemies":"Writhing Mass","floor":39,"turns":5},{"damage":18,"enemies":"Spire Growth","floor":40,"turns":2},{"damage":7,"enemies":"Nemesis","floor":42,"turns":3},{"damage":7,"enemies":"Sphere and 2 Shapes","floor":44,"turns":3},{"damage":4,"enemies":"Giant Head","floor":45,"turns":3},{"damage":78,"enemies":"Awakened One","floor":50,"turns":7}],"seed_played":"-4566218475177241877","potions_obtained":[{"floor":1,"key":"Block Potion"},{"floor":4,"key":"SkillPotion"},{"floor":24,"key":"Energy Potion"},{"floor":28,"key":"Regen Potion"},{"floor":40,"key":"FearPotion"},{"floor":44,"key":"AttackPotion"},{"floor":45,"key":"Explosive Potion"}],"is_trial":false,"path_per_floor":["M","M","$","M","?","R","?","R","T","M","?","M","E","M","R","B",null,"M","M","T","$","M","R","E","?","T","M","E","M","R","M","R","B",null,"M","M","T","$","M","M","R","E","T","M","E","?","?","?","R","B"],"character_chosen":"THE_SILENT","items_purchased":["Poisoned Stab","Bane","Snake Skull","PreservedInsect"],"campfire_rested":5,"item_purchase_floors":[3,3,21,21],"current_hp_per_floor":[44,44,44,44,19,40,26,26,26,26,32,32,4,2,24,35,66,63,52,52,52,48,48,32,32,39,14,22,26,26,27,51,43,91,93,91,91,91,31,17,47,53,53,54,62,62,62,62,62,0],"gold":372,"neow_bonus":"ONE_RARE_RELIC","is_prod":false,"is_daily":false,"chose_seed":false,"campfire_upgraded":3,"win_rate":0,"timestamp":1551068397,"path_taken":["M","M","$","M","?","R","?","R","T","M","?","?","E","M","R","BOSS","M","M","?","?","?","R","E","?","T","M","E","M","R","M","R","BOSS","M","M","?","$","M","M","R","E","T","M","E","?","?","?","R","BOSS"],"build_version":"2019-01-23","purchased_purges":1,"victory":false,"max_hp_per_floor":[70,70,70,70,70,70,70,70,70,70,76,76,76,76,76,76,76,76,76,76,76,76,76,76,76,83,83,83,83,83,83,83,83,101,101,101,101,101,101,101,101,101,101,101,101,101,101,101,101,101],"card_choices":[{"not_picked":["Terror","Bane"],"picked":"Escape Plan","floor":1},{"not_picked":["Catalyst","Eviscerate"],"picked":"Backstab","floor":2},{"not_picked":["Sucker Punch","Dagger Throw"],"picked":"Catalyst","floor":4},{"not_picked":["Backflip","Prepared"],"picked":"Dagger Spray","floor":10},{"not_picked":["Dagger Spray","Distraction"],"picked":"Footwork","floor":12},{"not_picked":["Crippling Poison","Footwork"],"picked":"Bouncing Flask","floor":13},{"not_picked":["Bane","Dodge and Roll"],"picked":"Poisoned Stab","floor":14},{"not_picked":["Night Terror","Die Die Die"],"picked":"Adrenaline","floor":16},{"not_picked":["Deflect","Quick Slash"],"picked":"Deadly Poison","floor":18},{"not_picked":["Dagger Spray","Leg Sweep"],"picked":"Infinite Blades+1","floor":19},{"not_picked":["Choke+1","Blade Dance"],"picked":"Accuracy","floor":22},{"not_picked":["Poisoned Stab","Endless Agony","Calculated Gamble"],"picked":"SKIP","floor":24},{"not_picked":["Sucker Punch","Predator"],"picked":"Dash+1","floor":27},{"not_picked":["Eviscerate","Deadly Poison"],"picked":"Cloak And Dagger","floor":28},{"not_picked":["Poisoned Stab","Grand Finale","Sucker Punch+1"],"picked":"SKIP","floor":29},{"not_picked":["PiercingWail","Underhanded Strike","Deadly Poison"],"picked":"SKIP","floor":31},{"not_picked":["Adrenaline","After Image"],"picked":"Burst","floor":33},{"not_picked":["Riddle With Holes+1","Distraction"],"picked":"Prepared","floor":35},{"not_picked":["Calculated Gamble","Dodge and Roll","Dagger Spray"],"picked":"SKIP","floor":36},{"not_picked":["Bane","Flechettes","Slice"],"picked":"SKIP","floor":39},{"not_picked":["Deadly Poison+1","Blur"],"picked":"Heel Hook","floor":40},{"not_picked":["Dash","Predator+1"],"picked":"Blade Dance","floor":42},{"not_picked":["Blur","Backflip"],"picked":"Infinite Blades+1","floor":44},{"not_picked":["Dodge and Roll","Bane","Well Laid Plans+1"],"picked":"SKIP","floor":45},{"not_picked":["Bandage Up","Good Instincts"],"picked":"Trip","floor":46}],"player_experience":816093,"relics_obtained":[{"floor":9,"key":"Ninja Scroll"},{"floor":13,"key":"MawBank"},{"floor":20,"key":"Vajra"},{"floor":24,"key":"Bird Faced Urn"},{"floor":26,"key":"Strawberry"},{"floor":28,"key":"Bag of Marbles"},{"floor":34,"key":"Juzu Bracelet"},{"floor":34,"key":"Frozen Egg 2"},{"floor":34,"key":"Nunchaku"},{"floor":37,"key":"Matryoshka"},{"floor":42,"key":"Dream Catcher"},{"floor":43,"key":"Whetstone"},{"floor":43,"key":"Blood Vial"},{"floor":45,"key":"Potion Belt"}],"event_choices":[{"damage_healed":0,"gold_gain":0,"player_choice":"Success","damage_taken":25,"relics_obtained":["Darkstone Periapt"],"max_hp_gain":0,"max_hp_loss":0,"event_name":"Scrap Ooze","floor":5,"gold_loss":0},{"damage_healed":0,"gold_gain":0,"player_choice":"Entered Light","damage_taken":14,"max_hp_gain":0,"max_hp_loss":0,"event_name":"Shining Light","floor":7,"gold_loss":0,"cards_upgraded":["Backstab","Strike_G"]},{"damage_healed":0,"gold_gain":0,"player_choice":"Box","damage_taken":0,"relics_obtained":["Pantograph"],"max_hp_gain":0,"max_hp_loss":0,"event_name":"Big Fish","floor":11,"gold_loss":0,"cards_obtained":["Regret"]},{"cards_removed":["Caltrops"],"damage_healed":0,"gold_gain":0,"player_choice":"Gave Card","damage_taken":0,"relics_obtained":["Centennial Puzzle"],"max_hp_gain":0,"max_hp_loss":0,"event_name":"WeMeetAgain","floor":25,"gold_loss":0},{"damage_healed":0,"gold_gain":0,"player_choice":"Memory 1","damage_taken":0,"max_hp_gain":0,"max_hp_loss":0,"event_name":"SensoryStone","floor":46,"gold_loss":0},{"damage_healed":0,"gold_gain":0,"player_choice":"Upgrade","damage_taken":0,"relics_obtained":["Mark of the Bloom"],"max_hp_gain":0,"max_hp_loss":0,"event_name":"MindBloom","floor":47,"gold_loss":0,"cards_upgraded":["Survivor","Escape Plan","Bane","Dagger Spray","Footwork","Bouncing Flask","Poisoned Stab","Adrenaline","Quick Slash","Flying Knee","After Image","Escape Plan","Predator","Dagger Spray","Endless Agony","Blur","Noxious Fumes","Deadly Poison","Burst","Prepared","Heel Hook","Blade Dance","Trip"]},{"cards_removed":["Poisoned Stab"],"damage_healed":0,"gold_gain":0,"player_choice":"Removed Attack","damage_taken":0,"max_hp_gain":0,"max_hp_loss":0,"event_name":"Falling","floor":48,"gold_loss":0}],"is_beta":false,"boss_relics":[{"not_picked":["Coffee Dripper","Tiny House"],"picked":"Pandora\u0027s Box"},{"not_picked":["Ring of the Serpent","Black Star"],"picked":"Calling Bell"}],"items_purged_floors":[38],"is_endless":false,"potions_floor_spawned":[1,4,10,14,24,28,29,40,44,45],"killed_by":"Awakened One","ascension_level":13}