{"gold_per_floor":[115,128,147,97,112,137,137,172,253,253,269,269,282,56,56,129,129,129,44,44,44,21,21,21,21,21,21,21,21,21,21,21,21],"floor_reached":33,"playtime":1300,"items_purged":[],"score":487,"play_id":"b9b3f377-2077-4be5-816f-bb61c248d27a","local_time":"20190318230233","is_ascension_mode":true,"campfire_choices":[{"data":"Noxious Fumes","floor":7,"key":"SMITH"},{"floor":10,"key":"REST"},{"data":"Trip","floor":12,"key":"SMITH"},{"floor":15,"key":"REST"},{"data":"Noxious Fumes","floor":23,"key":"SMITH"},{"floor":25,"key":"REST"},{"floor":28,"key":"REST"},{"data":"Cloak And Dagger","floor":32,"key":"SMITH"}],"neow_cost":"TEN_PERCENT_HP_LOSS","seed_source_timestamp":50939207049800,"circlet_count":0,"master_deck":["AscendersBane","Defend_G","Defend_G+1","Defend_G","Defend_G","Defend_G","Strike_G","Strike_G","Strike_G","Survivor","Neutralize","Dramatic Entrance","Trip+1","Deadly Poison","Noxious Fumes+1","Deadly Poison+1","Poisoned Stab","Bouncing Flask","Masterful Stab","Crippling Poison","Dagger Throw","Noxious Fumes+1","Storm of Steel","Heel Hook","Finisher","Acrobatics","Cloak And Dagger+1","Terror"],"relics":["Ring of the Snake","Torii","Tingsha","Mummified Hand","War Paint","Ectoplasm","PreservedInsect","Kunai","Omamori","Potion Belt"],"potions_floor_usage":[8,13,24,24,33],"damage_taken":[{"damage":0,"enemies":"2 Louse","floor":1,"turns":2},{"damage":6,"enemies":"Jaw Worm","floor":2,"turns":4},{"damage":1,"enemies":"Cultist","floor":3,"turns":3},{"damage":0,"enemies":"Lots of Slimes","floor":5,"turns":3},{"damage":23,"enemies":"Gremlin Nob","floor":6,"turns":4},{"damage":17,"enemies":"Lagavulin","floor":8,"turns":5},{"damage":1,"enemies":"Red Slaver","floor":11,"turns":3},{"damage":0,"enemies":"2 Fungi Beasts","floor":13,"turns":2},{"damage":7,"enemies":"Hexaghost","floor":16,"turns":6},{"damage":16,"enemies":"Shell Parasite","floor":18,"turns":3},{"damage":1,"enemies":"3 Byrds","floor":21,"turns":4},{"damage":19,"enemies":"Gremlin Leader","floor":24,"turns":4},{"damage":22,"enemies":"Sentry and Sphere","floor":27,"turns":4},{"damage":1,"enemies":"Slavers","floor":29,"turns":3},{"damage":13,"enemies":"Centurion and Healer","floor":31,"turns":5},{"damage":45,"enemies":"Champ","floor":33,"turns":11}],"seed_played":"3868175035466477780","potions_obtained":[{"floor":3,"key":"SkillPotion"},{"floor":8,"key":"Fire Potion"},{"floor":11,"key":"Swift Potion"},{"floor":16,"key":"Poison Potion"},{"floor":27,"key":"Strength Potion"},{"floor":31,"key":"Weak Potion"}],"is_trial":false,"path_per_floor":["M","M","M","?","M","E","R","E","T","R","M","R","M","$","R","B",null,"M","?","?","M","$","R","E","R","T","M","R","E","?","M","R","B"],"character_chosen":"THE_SILENT","items_purchased":["Noxious Fumes","War Paint","Acrobatics"],"campfire_rested":4,"item_purchase_floors":[14,14,22],"current_hp_per_floor":[63,57,56,56,56,33,33,16,16,34,33,33,33,33,51,44,58,42,42,42,41,41,41,22,40,40,18,36,35,56,43,43,0],"gold":21,"neow_bonus":"RANDOM_COLORLESS_2","is_prod":false,"is_daily":false,"chose_seed":false,"campfire_upgraded":4,"win_rate":0,"timestamp":1552964553,"path_taken":["M","M","M","?","M","E","R","E","T","R","M","R","M","$","R","BOSS","M","?","?","?","?","R","E","R","T","?","R","E","?","M","R","BOSS"],"build_version":"2019-01-23","purchased_purges":0,"victory":false,"max_hp_per_floor":[63,63,63,63,63,63,63,63,63,63,63,63,63,63,63,63,63,63,63,63,63,63,63,63,63,63,63,63,63,63,63,63,63],"card_choices":[{"not_picked":["Underhanded Strike","Dagger Spray"],"picked":"Deadly Poison","floor":1},{"not_picked":["Backflip","Dodge and Roll"],"picked":"Noxious Fumes","floor":2},{"not_picked":["Reflex","Deflect"],"picked":"Deadly Poison","floor":3},{"not_picked":["Deflect","Cloak And Dagger"],"picked":"Poisoned Stab","floor":5},{"not_picked":["Dash","Finisher"],"picked":"Bouncing Flask","floor":6},{"not_picked":["Dodge and Roll","Accuracy"],"picked":"Masterful Stab","floor":8},{"not_picked":["Dagger Spray","Poisoned Stab"],"picked":"Crippling Poison","floor":11},{"not_picked":["Predator","Finisher"],"picked":"Dagger Throw","floor":13},{"not_picked":["Phantasmal Killer","A Thousand Cuts"],"picked":"Storm of Steel","floor":16},{"not_picked":["Dodge and Roll","Predator"],"picked":"Heel Hook","floor":18},{"not_picked":["Underhanded Strike","Setup","Dagger Throw"],"picked":"SKIP","floor":21},{"not_picked":["Dagger Throw","Outmaneuver","Underhanded Strike"],"picked":"SKIP","floor":24},{"not_picked":["Underhanded Strike","Choke"],"picked":"Cloak And Dagger","floor":27},{"not_picked":["Deadly Poison","Poisoned Stab"],"picked":"Terror","floor":29},{"not_picked":["Concentrate","Bullet Time","Sucker Punch"],"picked":"SKIP","floor":31}],"player_experience":824373,"relics_obtained":[{"floor":6,"key":"Torii"},{"floor":8,"key":"Tingsha"},{"floor":9,"key":"Mummified Hand"},{"floor":24,"key":"Kunai"},{"floor":26,"key":"Omamori"},{"floor":29,"key":"Potion Belt"}],"event_choices":[{"cards_removed":["Strike_G"],"damage_healed":0,"gold_gain":0,"player_choice":"Card Removal","damage_taken":0,"max_hp_gain":0,"max_hp_loss":0,"event_name":"The Cleric","floor":4,"gold_loss":50},{"damage_healed":0,"gold_gain":0,"player_choice":"Obtained Relic","damage_taken":0,"relics_obtained":["PreservedInsect"],"max_hp_gain":0,"max_hp_loss":0,"event_name":"Addict","floor":19,"gold_loss":85},{"damage_healed":0,"gold_gain":0,"cards_transformed":["Strike_G"],"player_choice":"Transformed","damage_taken":0,"max_hp_gain":0,"max_hp_loss":0,"event_name":"Transmorgrifier","floor":20,"gold_loss":0,"cards_obtained":["Finisher"]},{"damage_healed":21,"gold_gain":0,"player_choice":"Heal","damage_taken":0,"max_hp_gain":0,"max_hp_loss":0,"event_name":"The Library","floor":30,"gold_loss":0}],"is_beta":false,"boss_relics":[{"not_picked":["White Beast Statue","Coffee Dripper"],"picked":"Ectoplasm"}],"items_purged_floors":[],"is_endless":false,"potions_floor_spawned":[3,8,11,16,18,27,31],"killed_by":"Champ","ascension_level":13}