{"gold_per_floor":[119,133,133,152,164,164,189,189,240,271,22,22,40,40,40,117,117,134,0,0,0,18,18,49,49,49,49],"floor_reached":27,"playtime":1373,"items_purged":[],"score":419,"play_id":"ee2b0e09-1fa9-459c-8f3c-acf0ba5e79d1","local_time":"20190323164033","is_ascension_mode":true,"campfire_choices":[{"data":"Sucker Punch","floor":6.0,"key":"SMITH"},{"floor":8.0,"key":"REST"},{"floor":15.0,"key":"REST"},{"data":"Ghostly","floor":23,"key":"SMITH"}],"neow_cost":"NONE","seed_source_timestamp":0,"circlet_count":0,"master_deck":["AscendersBane","Defend_G","Defend_G","Defend_G","Defend_G","Strike_G","Strike_G","Strike_G","Survivor","Neutralize","Quick Slash","Blade Dance","Poisoned Stab","Sucker Punch+1","PiercingWail","Accuracy","Cloak And Dagger","Night Terror","Deflect","Flying Knee","Tools of the Trade","Ghostly+1","Ghostly","Ghostly","Ghostly","Ghostly","Accuracy","PiercingWail"],"special_seed":0,"relics":["Ring of the Snake","NeowsBlessing","Pear","Pen Nib","Vajra","Kunai","WristBlade","Juzu Bracelet"],"potions_floor_usage":[],"damage_taken":[{"damage":0.0,"enemies":"Jaw Worm","floor":1.0,"turns":1.0},{"damage":0.0,"enemies":"Cultist","floor":2.0,"turns":1.0},{"damage":0.0,"enemies":"2 Louse","floor":4.0,"turns":1.0},{"damage":25.0,"enemies":"Exordium Thugs","floor":5.0,"turns":7.0},{"damage":28.0,"enemies":"Lagavulin","floor":7.0,"turns":6.0},{"damage":19.0,"enemies":"3 Sentries","floor":10.0,"turns":12.0},{"damage":0.0,"enemies":"Blue Slaver","floor":13.0,"turns":4.0},{"damage":14,"enemies":"The Guardian","floor":16,"turns":14},{"damage":18,"enemies":"Spheric Guardian","floor":18,"turns":4},{"damage":2,"enemies":"Chosen","floor":22,"turns":8},{"damage":31,"enemies":"Gremlin Leader","floor":24,"turns":11},{"damage":8,"enemies":"Snecko","floor":27,"turns":6}],"seed_played":"1408147584932368343","potions_obtained":[{"floor":2.0,"key":"EssenceOfSteel"},{"floor":4.0,"key":"Strength Potion"},{"floor":16,"key":"Energy Potion"}],"is_trial":false,"path_per_floor":["M","M","?","M","M","R","E","R","T","E","$","?","M","$","R","B",null,"M","?","?","?","M","R","E","$","T","M"],"character_chosen":"THE_SILENT","items_purchased":["Kunai"],"campfire_rested":2,"item_purchase_floors":[11],"current_hp_per_floor":[63,63,56,56,31,31,13,37,37,18,18,18,18,18,42,28,67,49,49,49,40,38,38,7,7,7,0],"gold":49,"neow_bonus":"THREE_ENEMY_KILL","is_prod":false,"is_daily":false,"chose_seed":false,"campfire_upgraded":2,"win_rate":0,"timestamp":1553373633,"path_taken":["M","M","?","M","M","R","E","R","T","E","?","?","?","$","R","BOSS","M","?","?","?","M","R","E","$","T","M"],"build_version":"2019-01-23","purchased_purges":0,"victory":false,"max_hp_per_floor":[70,70,70,70,70,70,80,80,80,80,80,80,80,80,80,80,80,80,80,80,40,40,40,40,40,40,40],"card_choices":[{"not_picked":["Deflect","Eviscerate"],"picked":"Quick Slash","floor":1.0},{"not_picked":["Quick Slash","Deflect"],"picked":"Blade Dance","floor":2.0},{"not_picked":["Bane","Phantasmal Killer"],"picked":"Poisoned Stab","floor":4.0},{"not_picked":["Quick Slash","Acrobatics"],"picked":"Sucker Punch","floor":5.0},{"not_picked":["Quick Slash","Skewer"],"picked":"PiercingWail","floor":7.0},{"not_picked":["Deadly Poison","PiercingWail"],"picked":"Accuracy","floor":10.0},{"not_picked":["Adrenaline","Outmaneuver"],"picked":"Cloak And Dagger","floor":13.0},{"not_picked":["A Thousand Cuts","Corpse Explosion"],"picked":"Night Terror","floor":16},{"not_picked":["Deadly Poison","Poisoned Stab"],"picked":"Deflect","floor":18},{"not_picked":["Riddle With Holes","Leg Sweep"],"picked":"Accuracy","floor":22},{"not_picked":["Poisoned Stab","Bane"],"picked":"PiercingWail","floor":24}],"player_experience":833671,"relics_obtained":[{"floor":7.0,"key":"Pear"},{"floor":9.0,"key":"Pen Nib"},{"floor":10.0,"key":"Vajra"},{"floor":24,"key":"Juzu Bracelet"}],"event_choices":[{"damage_healed":0.0,"max_hp_gain":0.0,"max_hp_loss":0.0,"gold_gain":0.0,"event_name":"Wheel of Change","player_choice":"Damaged","floor":3.0,"gold_loss":0.0,"damage_taken":7.0},{"cards_removed":["Strike_G"],"damage_healed":0.0,"max_hp_gain":0.0,"max_hp_loss":0.0,"gold_gain":0.0,"event_name":"Purifier","player_choice":"Purged","floor":12.0,"gold_loss":0.0,"damage_taken":0.0},{"damage_healed":0,"gold_gain":0,"player_choice":"Paid Fearfully","damage_taken":0,"max_hp_gain":0,"max_hp_loss":0,"event_name":"Masked Bandits","floor":19,"gold_loss":134},{"damage_healed":0,"gold_gain":0,"cards_transformed":["Strike_G","Defend_G"],"player_choice":"Became Test Subject","damage_taken":0,"max_hp_gain":0,"max_hp_loss":0,"event_name":"Drug Dealer","floor":20,"gold_loss":0,"cards_obtained":["Flying Knee","Tools of the Trade"]},{"damage_healed":0,"gold_gain":0,"player_choice":"Became a Ghost","damage_taken":0,"max_hp_gain":0,"max_hp_loss":40,"event_name":"Ghosts","floor":21,"gold_loss":0,"cards_obtained":["Ghostly","Ghostly","Ghostly","Ghostly","Ghostly"]}],"is_beta":false,"boss_relics":[{"not_picked":["HoveringKite","Black Star"],"picked":"WristBlade"}],"items_purged_floors":[],"is_endless":false,"potions_floor_spawned":[2,4,16,18],"killed_by":"Snecko","ascension_level":13}