{"gold_per_floor":[116,116,12,12,23,51,61,72,72,72,72,72,107,121,121,217,217,240,240,240,240,253,253,287,308,358,374,394,427,526,526,526,617,617,633,908,438,438,452,495,515,515,515,192,215,556,67,87,87,87,87,87,37,76,76],"floor_reached":55,"playtime":2514,"items_purged":["Regret","Strike_G"],"score":1435,"play_id":"66f046e3-e9f6-476b-951f-db3e99b0fbea","local_time":"20190330213900","is_ascension_mode":true,"campfire_choices":[{"data":"Catalyst","floor":12,"key":"SMITH"},{"data":"Crippling Poison","floor":15,"key":"SMITH"},{"data":"Catalyst","floor":23,"key":"SMITH"},{"floor":32,"key":"REST"},{"floor":49,"key":"RECALL"},{"data":"Storm of Steel","floor":52,"key":"SMITH"}],"neow_cost":"NONE","seed_source_timestamp":127215610777700,"circlet_count":0,"master_deck":["AscendersBane","Defend_G","Defend_G","Defend_G","Defend_G","Defend_G","Strike_G","Strike_G","Survivor","Neutralize+1","Backstab","Caltrops","Dash","Bane","Catalyst+1","Catalyst+1","Crippling Poison+1","Corpse Explosion","Crippling Poison","Reflex","Storm of Steel+1","Backstab","PiercingWail","Bouncing Flask","Venomology","Purity","Deadly Poison+1","Accuracy","Leg Sweep","Magnetism"],"relics":["Ring of the Snake","NeowsBlessing","PreservedInsect","Pantograph","Golden Idol","Dead Branch","Snecko Eye","Anchor","Singing Bowl","Regal Pillow","Philosopher\u0027s Stone","Ice Cream","Spirit Poop","Peace Pipe","Letter Opener","Smiling Mask","Ginger","Old Coin","Thread and Needle","Dodecahedron"],"potions_floor_usage":[13,39,40,45,48,48,48,55,55,55],"damage_taken":[{"damage":0,"enemies":"Jaw Worm","floor":1,"turns":1},{"damage":0,"enemies":"Cultist","floor":5,"turns":1},{"damage":0,"enemies":"Lagavulin","floor":6,"turns":1},{"damage":0,"enemies":"Small Slimes","floor":7,"turns":4},{"damage":11,"enemies":"Red Slaver","floor":8,"turns":3},{"damage":2,"enemies":"3 Sentries","floor":13,"turns":6},{"damage":6,"enemies":"Blue Slaver","floor":14,"turns":5},{"damage":26,"enemies":"Hexaghost","floor":16,"turns":5},{"damage":5,"enemies":"Shell Parasite","floor":18,"turns":5},{"damage":13,"enemies":"Spheric Guardian","floor":22,"turns":4},{"damage":0,"enemies":"Slavers","floor":24,"turns":3},{"damage":10,"enemies":"Centurion and Healer","floor":25,"turns":5},{"damage":0,"enemies":"Cultist and Chosen","floor":27,"turns":4},{"damage":0,"enemies":"Snecko","floor":28,"turns":3},{"damage":31,"enemies":"Book of Stabbing","floor":29,"turns":5},{"damage":29,"enemies":"Collector","floor":33,"turns":4},{"damage":0,"enemies":"3 Darklings","floor":35,"turns":2},{"damage":0,"enemies":"3 Shapes","floor":39,"turns":3},{"damage":38,"enemies":"Nemesis","floor":40,"turns":6},{"damage":0,"enemies":"3 Darklings","floor":41,"turns":4},{"damage":0,"enemies":"Jaw Worm Horde","floor":45,"turns":1},{"damage":3,"enemies":"Reptomancer","floor":46,"turns":4},{"damage":0,"enemies":"Spire Growth","floor":48,"turns":2},{"damage":12,"enemies":"Time Eater","floor":50,"turns":4},{"damage":52,"enemies":"Shield and Spear","floor":54,"turns":4},{"damage":70,"enemies":"The Heart","floor":55,"turns":5}],"seed_played":"-364573130312598839","potions_obtained":[{"floor":1,"key":"Strength Potion"},{"floor":8,"key":"PowerPotion"},{"floor":14,"key":"SmokeBomb"},{"floor":18,"key":"Regen Potion"},{"floor":35,"key":"Block Potion"},{"floor":54,"key":"Block Potion"}],"is_trial":false,"path_per_floor":["M","?","$","?","M","E","M","M","T","$","?","R","E","M","R","B",null,"M","?","?","?","M","R","E","M","T","M","M","E","?","?","R","B",null,"M","?","$","?","M","E","M","?","T","$","M","E","$","M","R","B",null,"R","$","E","B"],"character_chosen":"THE_SILENT","items_purchased":["Caltrops","Dash","Ice Cream","Purity","Ginger","Accuracy","Thread and Needle","Magnetism"],"campfire_rested":1,"item_purchase_floors":[3,3,37,37,44,44,47,47],"current_hp_per_floor":[63,63,63,63,63,63,63,52,52,52,52,52,50,44,44,43,63,58,58,58,58,45,45,45,35,35,37,39,10,10,10,47,43,68,70,70,70,70,78,42,44,44,44,44,44,43,43,45,45,58,79,79,79,29,0],"gold":76,"neow_bonus":"THREE_ENEMY_KILL","is_prod":false,"is_daily":false,"chose_seed":false,"campfire_upgraded":4,"win_rate":0,"timestamp":1553996340,"path_taken":["M","?","?","?","?","E","M","?","T","$","?","R","E","M","R","BOSS","M","?","?","?","M","R","E","M","T","?","M","E","?","?","R","BOSS","M","?","$","?","M","E","?","?","T","$","?","E","$","M","R","BOSS","R","$","E","BOSS"],"build_version":"2019-01-23","purchased_purges":2,"victory":false,"max_hp_per_floor":[70,70,70,70,70,70,70,70,70,70,70,70,70,70,70,70,70,70,70,70,70,70,70,70,70,70,72,74,76,76,76,76,76,76,78,78,78,78,78,80,82,82,82,82,82,84,84,86,86,86,86,86,86,88,88],"card_choices":[{"not_picked":["Quick Slash","Predator"],"picked":"Backstab","floor":1},{"not_picked":["Calculated Gamble","Distraction"],"picked":"Bane","floor":5},{"not_picked":["Dagger Spray","Deflect"],"picked":"Catalyst","floor":6},{"not_picked":["Riddle With Holes","Poisoned Stab"],"picked":"Catalyst","floor":7},{"not_picked":["Deflect","Prepared","Cloak And Dagger"],"picked":"SKIP","floor":8},{"not_picked":["Bane","Night Terror"],"picked":"Cloak And Dagger","floor":13},{"not_picked":["Quick Slash","Underhanded Strike"],"picked":"Crippling Poison","floor":14},{"not_picked":["Night Terror","Envenom"],"picked":"Corpse Explosion","floor":16},{"not_picked":["Backflip+1","Underhanded Strike"],"picked":"Crippling Poison","floor":18},{"not_picked":["Underhanded Strike","Prepared+1"],"picked":"Backstab","floor":22},{"not_picked":["Dash+1","Heel Hook"],"picked":"PiercingWail","floor":24},{"not_picked":["Poisoned Stab","Dagger Spray"],"picked":"Bouncing Flask","floor":25},{"not_picked":["Backflip","Slice","Dodge and Roll"],"picked":"Singing Bowl","floor":27},{"not_picked":["Dagger Throw","PiercingWail","Heel Hook"],"picked":"Singing Bowl","floor":28},{"not_picked":["Flechettes","Grand Finale","Blur"],"picked":"Singing Bowl","floor":29},{"not_picked":["Wraith Form v2","Phantasmal Killer"],"picked":"Venomology","floor":33},{"not_picked":["Well Laid Plans","Poisoned Stab","Dodge and Roll"],"picked":"Singing Bowl","floor":35},{"not_picked":["Terror","Quick Slash"],"picked":"Deadly Poison+1","floor":39},{"not_picked":["Dodge and Roll+1","Quick Slash+1","Underhanded Strike"],"picked":"Singing Bowl","floor":40},{"not_picked":["Acrobatics","Flying Knee","Expertise"],"picked":"Singing Bowl","floor":41},{"not_picked":["Underhanded Strike","Dagger Throw"],"picked":"Leg Sweep","floor":45},{"not_picked":["Outmaneuver+1","Blade Dance","Deadly Poison+1"],"picked":"Singing Bowl","floor":46},{"not_picked":["Night Terror","Dodge and Roll","Quick Slash"],"picked":"Singing Bowl","floor":48},{"not_picked":["Deadly Poison","Slice+1","Tactician"],"picked":"Singing Bowl","floor":54}],"player_experience":847942,"relics_obtained":[{"floor":6,"key":"PreservedInsect"},{"floor":9,"key":"Pantograph"},{"floor":13,"key":"Dead Branch"},{"floor":21,"key":"Anchor"},{"floor":24,"key":"Singing Bowl"},{"floor":29,"key":"Regal Pillow"},{"floor":40,"key":"Peace Pipe"},{"floor":43,"key":"Smiling Mask"},{"floor":46,"key":"Old Coin"},{"floor":54,"key":"Dodecahedron"}],"event_choices":[{"damage_healed":0,"gold_gain":0,"player_choice":"Upgraded","damage_taken":0,"max_hp_gain":0,"max_hp_loss":0,"event_name":"Upgrade Shrine","floor":2,"gold_loss":0,"cards_upgraded":["Neutralize"]},{"damage_healed":0,"gold_gain":0,"player_choice":"Cursed","damage_taken":0,"max_hp_gain":0,"max_hp_loss":0,"event_name":"Wheel of Change","floor":4,"gold_loss":0,"cards_obtained":["Decay"]},{"damage_healed":0,"gold_gain":0,"player_choice":"Take Wound","damage_taken":0,"relics_obtained":["Golden Idol"],"max_hp_gain":0,"max_hp_loss":0,"event_name":"Golden Idol","floor":11,"gold_loss":0,"cards_obtained":["Injury"]},{"cards_removed":["Decay"],"damage_healed":0,"gold_gain":0,"player_choice":"Elegance","damage_taken":0,"max_hp_gain":0,"max_hp_loss":0,"event_name":"Back to Basics","floor":19,"gold_loss":0},{"damage_healed":0,"gold_gain":0,"cards_transformed":["Strike_G","Strike_G"],"player_choice":"Became Test Subject","damage_taken":0,"max_hp_gain":0,"max_hp_loss":0,"event_name":"Drug Dealer","floor":20,"gold_loss":0,"cards_obtained":["Reflex","Storm of Steel"]},{"damage_healed":0,"gold_gain":0,"player_choice":"Relic","damage_taken":0,"max_hp_gain":0,"max_hp_loss":0,"event_name":"Wheel of Change","floor":21,"gold_loss":0},{"damage_healed":0,"gold_gain":99,"player_choice":"Stole From Cult","damage_taken":0,"max_hp_gain":0,"max_hp_loss":0,"event_name":"Nest","floor":30,"gold_loss":0},{"damage_healed":0,"gold_gain":0,"player_choice":"Ignored","damage_taken":0,"max_hp_gain":0,"max_hp_loss":0,"event_name":"Cursed Tome","floor":31,"gold_loss":0},{"damage_healed":0,"gold_gain":275,"player_choice":"Desecrate","damage_taken":0,"max_hp_gain":0,"max_hp_loss":0,"event_name":"Golden Shrine","floor":36,"gold_loss":0,"cards_obtained":["Regret"]},{"cards_removed":["Injury"],"damage_healed":0,"gold_gain":0,"player_choice":"Offered Curse","damage_taken":0,"relics_obtained":["Spirit Poop"],"max_hp_gain":0,"max_hp_loss":0,"event_name":"Bonfire Elementals","floor":38,"gold_loss":0},{"cards_removed":["Cloak And Dagger"],"damage_healed":0,"gold_gain":0,"player_choice":"Gave Card","damage_taken":0,"relics_obtained":["Letter Opener"],"max_hp_gain":0,"max_hp_loss":0,"event_name":"WeMeetAgain","floor":42,"gold_loss":0}],"is_beta":false,"boss_relics":[{"not_picked":["Ring of the Serpent","Pandora\u0027s Box"],"picked":"Snecko Eye"},{"not_picked":["Tiny House","Coffee Dripper"],"picked":"Philosopher\u0027s Stone"}],"items_purged_floors":[37,53],"is_endless":false,"potions_floor_spawned":[1,8,14,18,28,33,35,40,41,54],"killed_by":"The Heart","ascension_level":13}