{"gold_per_floor":[115,115,132,20,35,66,66,93,93,93,93,103,136,136,136,212,212,229,249,264,38,38],"floor_reached":22,"playtime":907,"items_purged":["Pain"],"score":337,"play_id":"eed381ae-31a1-4cab-a28f-d875dd764036","local_time":"20190329002127","is_ascension_mode":true,"campfire_choices":[{"floor":7,"key":"REST"},{"floor":10,"key":"REST"},{"floor":15,"key":"REST"}],"neow_cost":"CURSE","seed_source_timestamp":478850502991100,"circlet_count":0,"master_deck":["AscendersBane","Defend_G","Defend_G","Defend_G","Defend_G","Defend_G","Strike_G","Strike_G","Strike_G","Strike_G","Survivor","Neutralize","Storm of Steel","Blade Dance","Underhanded Strike","Accuracy","Dodge and Roll","Sucker Punch","Malaise","Cloak And Dagger","Envenom","Blade Dance","Cloak And Dagger+1","Finisher","Accuracy"],"relics":["Ring of the Snake","Mercury Hourglass","Sundial","Pear","Centennial Puzzle","Cursed Key","Regal Pillow"],"potions_floor_usage":[13,16,19,20],"damage_taken":[{"damage":17,"enemies":"Jaw Worm","floor":1,"turns":5},{"damage":2,"enemies":"Small Slimes","floor":3,"turns":3},{"damage":0,"enemies":"Cultist","floor":5,"turns":3},{"damage":25,"enemies":"3 Sentries","floor":6,"turns":7},{"damage":34,"enemies":"Lagavulin","floor":8,"turns":9},{"damage":1,"enemies":"Blue Slaver","floor":12,"turns":3},{"damage":6,"enemies":"Gremlin Nob","floor":13,"turns":3},{"damage":34,"enemies":"Slime Boss","floor":16,"turns":14},{"damage":11,"enemies":"Shell Parasite","floor":18,"turns":8},{"damage":12,"enemies":"Spheric Guardian","floor":19,"turns":5},{"damage":23,"enemies":"Cultist and Chosen","floor":20,"turns":7},{"damage":18,"enemies":"Snecko","floor":22,"turns":3}],"seed_played":"7020242846869854202","potions_obtained":[{"floor":8,"key":"EssenceOfSteel"},{"floor":12,"key":"FearPotion"},{"floor":13,"key":"Energy Potion"},{"floor":16,"key":"SpeedPotion"},{"floor":18,"key":"Explosive Potion"}],"is_trial":false,"path_per_floor":["M","?","M","$","M","E","R","E","T","R","?","M","E","?","R","B",null,"M","M","M","$","M"],"character_chosen":"THE_SILENT","items_purchased":["Accuracy","Accuracy","Regal Pillow"],"campfire_rested":3,"item_purchase_floors":[4,21,21],"current_hp_per_floor":[46,46,44,44,44,19,40,16,16,40,33,32,26,26,50,16,64,53,41,18,18,0],"gold":38,"neow_bonus":"THREE_RARE_CARDS","is_prod":false,"is_daily":false,"chose_seed":false,"campfire_upgraded":0,"win_rate":0,"timestamp":1553833287,"path_taken":["M","?","M","$","M","E","R","E","T","R","?","M","E","?","R","BOSS","M","?","M","$","M"],"build_version":"2019-01-23","purchased_purges":1,"victory":false,"max_hp_per_floor":[70,70,70,70,70,70,70,80,80,80,80,80,80,80,80,80,80,80,80,80,80,80],"card_choices":[{"not_picked":["Venomology","Wraith Form v2"],"picked":"Storm of Steel","floor":0},{"not_picked":["Bouncing Flask","Flying Knee"],"picked":"Blade Dance","floor":1},{"not_picked":["Masterful Stab","Flechettes"],"picked":"Underhanded Strike","floor":3},{"not_picked":["Deflect","Well Laid Plans"],"picked":"Dodge and Roll","floor":5},{"not_picked":["Eviscerate","Expertise","Setup"],"picked":"SKIP","floor":6},{"not_picked":["Outmaneuver","Slice"],"picked":"Sucker Punch","floor":8},{"not_picked":["Outmaneuver","Expertise"],"picked":"Malaise","floor":12},{"not_picked":["All Out Attack","A Thousand Cuts"],"picked":"Cloak And Dagger","floor":13},{"not_picked":["Glass Knife","Corpse Explosion"],"picked":"Envenom","floor":16},{"not_picked":["Acrobatics","All Out Attack"],"picked":"Blade Dance","floor":18},{"not_picked":["Flying Knee","Noxious Fumes"],"picked":"Cloak And Dagger+1","floor":19},{"not_picked":["Dagger Throw","Quick Slash"],"picked":"Finisher","floor":20}],"player_experience":845114,"relics_obtained":[{"floor":6,"key":"Sundial"},{"floor":8,"key":"Pear"},{"floor":13,"key":"Centennial Puzzle"}],"event_choices":[{"damage_healed":0,"gold_gain":0,"player_choice":"Box","damage_taken":0,"relics_obtained":["Mercury Hourglass"],"max_hp_gain":0,"max_hp_loss":0,"event_name":"Big Fish","floor":2,"gold_loss":0,"cards_obtained":["Regret"]},{"cards_removed":["Regret"],"damage_healed":0,"gold_gain":0,"player_choice":"Card Removal","damage_taken":7,"max_hp_gain":0,"max_hp_loss":0,"event_name":"Golden Wing","floor":11,"gold_loss":0},{"cards_removed":["Strike_G"],"damage_healed":0,"gold_gain":0,"player_choice":"Purged","damage_taken":0,"max_hp_gain":0,"max_hp_loss":0,"event_name":"Purifier","floor":14,"gold_loss":0}],"is_beta":false,"boss_relics":[{"not_picked":["Runic Dome","Fusion Hammer"],"picked":"Cursed Key"}],"items_purged_floors":[4],"is_endless":false,"potions_floor_spawned":[8,12,13,16,18],"killed_by":"Snecko","ascension_level":13}