{"gold_per_floor":[12,28,48,48,80,92,121,133,170,192,233,21,36,49,49,49],"floor_reached":16,"playtime":963,"items_purged":["Strike_G"],"score":175,"play_id":"632d9f00-5eb7-438d-8ba7-4fd6e89ae76c","local_time":"20190320185707","is_ascension_mode":true,"campfire_choices":[{"data":"Accuracy","floor":6,"key":"SMITH"},{"floor":8,"key":"REST"},{"floor":15,"key":"REST"}],"neow_cost":"NO_GOLD","seed_source_timestamp":209350544261100,"circlet_count":0,"master_deck":["AscendersBane","Defend_G","Defend_G","Defend_G","Defend_G","Defend_G","Strike_G","Strike_G","Strike_G","Strike_G","Survivor","Neutralize","Purity","Impatience","Accuracy+1","Quick Slash","Infinite Blades","Blur","Cloak And Dagger","Cloak And Dagger","Backflip","All Out Attack","Footwork","Envenom","Blade Dance"],"relics":["Ring of the Snake","MawBank","PreservedInsect","Ancient Tea Set"],"potions_floor_usage":[5,16],"damage_taken":[{"damage":8,"enemies":"Jaw Worm","floor":1,"turns":8},{"damage":3,"enemies":"Cultist","floor":2,"turns":4},{"damage":2,"enemies":"Small Slimes","floor":3,"turns":5},{"damage":13,"enemies":"Gremlin Gang","floor":5,"turns":8},{"damage":3,"enemies":"3 Louse","floor":7,"turns":4},{"damage":4,"enemies":"Looter","floor":10,"turns":5},{"damage":19,"enemies":"Gremlin Nob","floor":11,"turns":4},{"damage":13,"enemies":"Exordium Thugs","floor":13,"turns":5},{"damage":14,"enemies":"Blue Slaver","floor":14,"turns":5},{"damage":33,"enemies":"Slime Boss","floor":16,"turns":3}],"seed_played":"3082304933870818913","potions_obtained":[{"floor":1,"key":"SkillPotion"},{"floor":2,"key":"Ancient Potion"},{"floor":7,"key":"Swift Potion"},{"floor":11,"key":"Poison Potion"}],"is_trial":false,"path_per_floor":["M","M","M","?","M","R","M","R","T","M","E","$","M","M","R","B"],"character_chosen":"THE_SILENT","items_purchased":["All Out Attack","Footwork"],"campfire_rested":2,"item_purchase_floors":[12,12],"current_hp_per_floor":[55,52,50,50,37,37,34,55,55,51,32,32,19,5,26,0],"gold":49,"neow_bonus":"RANDOM_COLORLESS_2","is_prod":false,"is_daily":false,"chose_seed":false,"campfire_upgraded":1,"win_rate":0,"timestamp":1553122627,"path_taken":["M","M","M","?","M","R","M","R","T","M","E","$","?","M","R","BOSS"],"build_version":"2019-01-23","purchased_purges":1,"victory":false,"max_hp_per_floor":[70,70,70,70,70,70,70,70,70,70,70,70,70,70,70,70],"card_choices":[{"not_picked":["Acrobatics","PiercingWail"],"picked":"Accuracy","floor":1},{"not_picked":["Expertise","Endless Agony"],"picked":"Quick Slash","floor":2},{"not_picked":["Flying Knee","PiercingWail"],"picked":"Infinite Blades","floor":3},{"not_picked":["Dagger Spray","Sucker Punch"],"picked":"Blur","floor":5},{"not_picked":["Deadly Poison","Dagger Spray"],"picked":"Cloak And Dagger","floor":7},{"not_picked":["Poisoned Stab","Bane"],"picked":"Cloak And Dagger","floor":10},{"not_picked":["Prepared","Tactician"],"picked":"Backflip","floor":11},{"not_picked":["Sucker Punch","Flechettes"],"picked":"Envenom","floor":13},{"not_picked":["Blur","Dagger Spray"],"picked":"Blade Dance","floor":14}],"player_experience":827841,"relics_obtained":[{"floor":9,"key":"PreservedInsect"},{"floor":11,"key":"Ancient Tea Set"}],"event_choices":[{"damage_healed":0,"gold_gain":0,"player_choice":"Gave Potion","damage_taken":0,"relics_obtained":["MawBank"],"max_hp_gain":0,"max_hp_loss":0,"event_name":"WeMeetAgain","floor":4,"gold_loss":0}],"is_beta":false,"boss_relics":[],"items_purged_floors":[12],"is_endless":false,"potions_floor_spawned":[1,2,7,11,14],"killed_by":"Slime Boss","ascension_level":13}