{"gold_per_floor":[116,133,208,85,103,103,138,313,338,357,357,59,87,103,103,176,176,194,109,129,79,10,10,35,50,76,101,101,115,115,0,0,77,77,90,104,104,120,138,138,138],"floor_reached":41,"playtime":1806,"items_purged":["Doubt"],"score":753,"play_id":"ad6cd8f6-6e92-459f-a6ba-18710b1bb758","local_time":"20190319235705","is_ascension_mode":true,"campfire_choices":[{"data":"Skewer","floor":6,"key":"SMITH"},{"floor":15,"key":"REST"},{"data":"Accuracy","floor":23,"key":"SMITH"},{"floor":30,"key":"REST"},{"floor":32,"key":"REST"},{"floor":40,"key":"REST"}],"neow_cost":"PERCENT_DAMAGE","seed_source_timestamp":140104439771500,"circlet_count":0,"master_deck":["AscendersBane","Defend_G","Defend_G","Defend_G","Defend_G","Defend_G","Strike_G","Strike_G","Strike_G","Strike_G","Strike_G","Survivor","Neutralize","Footwork","Skewer+1","Accuracy+1","Dagger Spray","Predator","Adrenaline","PiercingWail","Parasite","Infinite Blades","Malaise","Crippling Poison","Corpse Explosion","Slice+1","Blade Dance+1","Cloak And Dagger","Blade Dance","Escape Plan","Backstab","Footwork","Caltrops","Cloak And Dagger","Burst","Parasite"],"relics":["Ring of the Snake","Centennial Puzzle","Oddly Smooth Stone","Bronze Scales","Dream Catcher","WristBlade","Art of War","Snake Skull","Vajra","Lizard Tail"],"potions_floor_usage":[7,24,25,33,35,39],"damage_taken":[{"damage":0,"enemies":"2 Louse","floor":1,"turns":4},{"damage":0,"enemies":"Small Slimes","floor":2,"turns":5},{"damage":1,"enemies":"Jaw Worm","floor":5,"turns":6},{"damage":17,"enemies":"3 Sentries","floor":7,"turns":7},{"damage":1,"enemies":"Blue Slaver","floor":10,"turns":4},{"damage":18,"enemies":"Gremlin Nob","floor":13,"turns":4},{"damage":9,"enemies":"Lots of Slimes","floor":14,"turns":4},{"damage":18,"enemies":"Hexaghost","floor":16,"turns":12},{"damage":15,"enemies":"Spheric Guardian","floor":18,"turns":5},{"damage":1,"enemies":"Shell Parasite","floor":20,"turns":7},{"damage":12,"enemies":"Book of Stabbing","floor":24,"turns":6},{"damage":0,"enemies":"Snake Plant","floor":25,"turns":5},{"damage":10,"enemies":"Slavers","floor":27,"turns":3},{"damage":14,"enemies":"Centurion and Healer","floor":29,"turns":3},{"damage":64,"enemies":"Champ","floor":33,"turns":11},{"damage":23,"enemies":"3 Darklings","floor":35,"turns":5},{"damage":8,"enemies":"3 Shapes","floor":36,"turns":6},{"damage":31,"enemies":"3 Darklings","floor":38,"turns":6},{"damage":55,"enemies":"Writhing Mass","floor":39,"turns":12},{"damage":56,"enemies":"Spire Growth","floor":41,"turns":7}],"seed_played":"2618882568555665182","potions_obtained":[{"floor":1,"key":"GhostInAJar"},{"floor":5,"key":"SpeedPotion"},{"floor":10,"key":"FearPotion"},{"floor":16,"key":"Block Potion"},{"floor":20,"key":"GhostInAJar"},{"floor":29,"key":"Dexterity Potion"},{"floor":33,"key":"AttackPotion"},{"floor":38,"key":"GhostInAJar"},{"floor":39,"key":"SpeedPotion"}],"is_trial":false,"path_per_floor":["M","M","?","$","M","R","E","?","T","M","?","$","E","M","R","B",null,"M","?","M","?","$","R","E","M","T","E","?","M","R","?","R","B",null,"M","M","?","M","M","R","M"],"character_chosen":"THE_SILENT","items_purchased":["Accuracy","Dagger Spray","Bronze Scales","Infinite Blades","Cloak And Dagger","Blade Dance"],"campfire_rested":4,"item_purchase_floors":[4,4,12,12,22,22],"current_hp_per_floor":[59,59,48,48,47,47,30,30,30,29,50,50,32,23,48,30,71,56,56,55,55,55,55,43,43,43,33,33,19,44,44,69,5,64,41,33,73,42,34,55,0],"gold":138,"neow_bonus":"TWENTY_PERCENT_HP_BONUS","is_prod":false,"is_daily":false,"chose_seed":false,"campfire_upgraded":2,"win_rate":0,"timestamp":1553054225,"path_taken":["M","M","?","$","M","R","E","?","T","M","?","$","E","M","R","BOSS","M","?","M","?","$","R","E","?","T","E","?","M","R","?","R","BOSS","M","M","?","M","M","R","M"],"build_version":"2019-01-23","purchased_purges":1,"victory":false,"max_hp_per_floor":[84,84,84,84,84,84,84,84,84,84,84,84,84,84,84,84,84,84,84,84,84,84,84,84,84,84,84,84,84,84,84,84,84,84,84,84,73,73,73,73,73],"card_choices":[{"not_picked":["Riddle With Holes","Predator"],"picked":"Footwork","floor":1},{"not_picked":["Quick Slash","Dagger Spray"],"picked":"Skewer","floor":2},{"not_picked":["Dodge and Roll","Skewer"],"picked":"Predator","floor":5},{"not_picked":["Choke","Blur"],"picked":"Adrenaline","floor":7},{"not_picked":["Acrobatics","Skewer"],"picked":"PiercingWail","floor":10},{"not_picked":["Concentrate","Dagger Spray","Quick Slash"],"picked":"SKIP","floor":13},{"not_picked":["Prepared","Poisoned Stab"],"picked":"Malaise","floor":14},{"not_picked":["Deadly Poison","Reflex"],"picked":"Crippling Poison","floor":15},{"not_picked":["Glass Knife","Phantasmal Killer"],"picked":"Corpse Explosion","floor":16},{"not_picked":["Backflip","Dagger Throw+1"],"picked":"Slice+1","floor":18},{"not_picked":["Underhanded Strike","Setup"],"picked":"Blade Dance+1","floor":20},{"not_picked":["Terror","Blur"],"picked":"Escape Plan","floor":24},{"not_picked":["Footwork","Slice"],"picked":"Backstab","floor":25},{"not_picked":["Dodge and Roll","Sucker Punch"],"picked":"Footwork","floor":27},{"not_picked":["Malaise","Dodge and Roll"],"picked":"Caltrops","floor":29},{"not_picked":["Bane","Quick Slash"],"picked":"Cloak And Dagger","floor":32},{"not_picked":["Tools of the Trade","Venomology"],"picked":"Burst","floor":33},{"not_picked":["Dagger Spray","Acrobatics","Outmaneuver"],"picked":"SKIP","floor":35},{"not_picked":["Blade Dance","Bane+1","Dash"],"picked":"SKIP","floor":36},{"not_picked":["Slice","Bane","Sucker Punch"],"picked":"SKIP","floor":38},{"not_picked":["Finisher","Dagger Throw","Flechettes"],"picked":"SKIP","floor":39}],"player_experience":825673,"relics_obtained":[{"floor":7,"key":"Centennial Puzzle"},{"floor":9,"key":"Oddly Smooth Stone"},{"floor":13,"key":"Dream Catcher"},{"floor":24,"key":"Snake Skull"},{"floor":27,"key":"Vajra"}],"event_choices":[{"damage_healed":0,"gold_gain":75,"player_choice":"Gather Gold","damage_taken":11,"max_hp_gain":0,"max_hp_loss":0,"event_name":"World of Goop","floor":3,"gold_loss":0},{"damage_healed":0,"gold_gain":175,"player_choice":"AGREE","damage_taken":0,"max_hp_gain":0,"max_hp_loss":0,"event_name":"Liars Game","floor":8,"gold_loss":0,"cards_obtained":["Doubt"]},{"damage_healed":21,"gold_gain":0,"player_choice":"Healed and dodged fight","damage_taken":0,"max_hp_gain":0,"max_hp_loss":0,"event_name":"Mushrooms","floor":11,"gold_loss":0,"cards_obtained":["Parasite"]},{"damage_healed":0,"gold_gain":0,"player_choice":"Obtained Relic","damage_taken":0,"relics_obtained":["Art of War"],"max_hp_gain":0,"max_hp_loss":0,"event_name":"Addict","floor":19,"gold_loss":85},{"damage_healed":0,"gold_gain":0,"player_choice":"Bet on Owner","damage_taken":0,"max_hp_gain":0,"max_hp_loss":0,"event_name":"The Joust","floor":21,"gold_loss":50},{"damage_healed":0,"gold_gain":0,"player_choice":"Ignored","damage_taken":0,"max_hp_gain":0,"max_hp_loss":0,"event_name":"Ghosts","floor":28,"gold_loss":0},{"damage_healed":0,"gold_gain":0,"player_choice":"Paid Fearfully","damage_taken":0,"max_hp_gain":0,"max_hp_loss":0,"event_name":"Masked Bandits","floor":31,"gold_loss":115},{"damage_healed":73,"gold_gain":0,"player_choice":"Heal","damage_taken":0,"max_hp_gain":0,"max_hp_loss":11,"event_name":"The Moai Head","floor":37,"gold_loss":0}],"is_beta":false,"boss_relics":[{"not_picked":["Eternal Feather","Philosopher\u0027s Stone"],"picked":"WristBlade"},{"not_picked":["Velvet Choker","Orrery"],"picked":"Lizard Tail"}],"items_purged_floors":[12],"is_endless":false,"potions_floor_spawned":[1,5,10,16,18,20,29,33,38,39],"killed_by":"Spire Growth","ascension_level":13}