{"gold_per_floor":[112,112,128,148,148,174,139,139,139,156,83,83,83,101,101,173,173,184,184,25,44,91,120,120,149,173,191,191,226,226,226],"floor_reached":31,"playtime":999,"items_purged":[],"score":537,"play_id":"51e0708d-7694-4738-9f5e-783b59ccba9b","local_time":"20190410235319","is_ascension_mode":true,"campfire_choices":[{"floor":8,"key":"REST"},{"data":"Catalyst","floor":12,"key":"SMITH"},{"data":"Poisoned Stab","floor":15,"key":"SMITH"},{"floor":24,"key":"REST"},{"floor":28,"key":"REST"},{"floor":30,"key":"REST"}],"neow_cost":"NONE","seed_source_timestamp":229127647167100,"circlet_count":0,"master_deck":["AscendersBane","Defend_G","Defend_G","Defend_G","Defend_G","Defend_G","Strike_G","Strike_G","Strike_G","Strike_G","Survivor","Neutralize","Leg Sweep","Finisher","Poisoned Stab+1","Backflip","Bouncing Flask","Catalyst+1","Infinite Blades","Deadly Poison","Burst","Noxious Fumes","Crippling Poison","Panacea","Phantasmal Killer","PiercingWail","Glass Knife","Burst"],"relics":["Ring of the Snake","NeowsBlessing","Ornamental Fan","Fusion Hammer","Nloth\u0027s Gift","Ancient Tea Set","Bottled Lightning","Smiling Mask","Potion Belt","Pear"],"potions_floor_usage":[6,23,27],"damage_taken":[{"damage":0,"enemies":"2 Louse","floor":1,"turns":1},{"damage":0,"enemies":"Cultist","floor":3,"turns":1},{"damage":0,"enemies":"Jaw Worm","floor":4,"turns":1},{"damage":51,"enemies":"Lagavulin","floor":6,"turns":12},{"damage":2,"enemies":"3 Louse","floor":10,"turns":4},{"damage":0,"enemies":"Blue Slaver","floor":14,"turns":5},{"damage":25,"enemies":"Slime Boss","floor":16,"turns":7},{"damage":0,"enemies":"Chosen","floor":18,"turns":4},{"damage":8,"enemies":"3 Byrds","floor":21,"turns":4},{"damage":8,"enemies":"Gremlin Leader","floor":23,"turns":7},{"damage":13,"enemies":"Book of Stabbing","floor":25,"turns":4},{"damage":23,"enemies":"Centurion and Healer","floor":27,"turns":7},{"damage":33,"enemies":"Gremlin Leader","floor":29,"turns":5},{"damage":40,"enemies":"Book of Stabbing","floor":31,"turns":7}],"seed_played":"3114904816494213834","potions_obtained":[{"floor":3,"key":"SpeedPotion"},{"floor":6,"key":"SteroidPotion"},{"floor":16,"key":"SpeedPotion"},{"floor":25,"key":"AttackPotion"}],"is_trial":false,"path_per_floor":["M","?","M","M","?","E","?","R","T","M","$","R","?","M","R","B",null,"M","?","$","M","T","E","R","E","T","M","R","E","R","E"],"character_chosen":"THE_SILENT","items_purchased":["Infinite Blades","Crippling Poison","Panacea"],"campfire_rested":4,"item_purchase_floors":[11,20,20],"current_hp_per_floor":[59,53,53,53,53,2,18,37,37,35,35,35,35,35,35,10,52,52,52,52,44,44,36,55,42,42,19,38,15,37,0],"gold":226,"neow_bonus":"THREE_ENEMY_KILL","is_prod":false,"is_daily":false,"chose_seed":false,"campfire_upgraded":2,"win_rate":0,"timestamp":1554954799,"path_taken":["M","?","?","M","?","E","?","R","T","M","?","R","?","M","R","BOSS","M","?","?","M","?","E","R","E","T","M","R","E","R","E"],"build_version":"2019-01-23","purchased_purges":0,"victory":false,"max_hp_per_floor":[66,66,66,66,66,66,66,66,66,66,66,66,66,66,66,66,66,66,66,66,66,66,66,66,66,66,66,66,76,76,76],"card_choices":[{"not_picked":["Dodge and Roll","Outmaneuver"],"picked":"Leg Sweep","floor":1},{"not_picked":["Leg Sweep","Slice"],"picked":"Finisher","floor":3},{"not_picked":["Deadly Poison","Sucker Punch"],"picked":"Poisoned Stab","floor":4},{"not_picked":["Backflip","Poisoned Stab"],"picked":"Bouncing Flask","floor":6},{"not_picked":["Well Laid Plans","Finisher","Distraction"],"picked":"Catalyst","floor":10},{"not_picked":["Backstab","Flying Knee","Dagger Spray"],"picked":"Deadly Poison","floor":14},{"not_picked":["Phantasmal Killer","Grand Finale","Adrenaline"],"picked":"Burst","floor":16},{"not_picked":["Cloak And Dagger","Slice","Sucker Punch"],"picked":"Noxious Fumes","floor":18},{"not_picked":["Accuracy+1","Eviscerate"],"picked":"Phantasmal Killer","floor":21},{"not_picked":["Sucker Punch","Dagger Throw"],"picked":"PiercingWail","floor":23},{"not_picked":["Backflip","Dagger Spray","Concentrate"],"picked":"SKIP","floor":25},{"not_picked":["Flying Knee","Dash"],"picked":"Glass Knife","floor":27},{"not_picked":["Flying Knee+1","Glass Knife"],"picked":"Burst","floor":29}],"player_experience":872132,"relics_obtained":[{"floor":6,"key":"Question Card"},{"floor":9,"key":"Ornamental Fan"},{"floor":22,"key":"Ancient Tea Set"},{"floor":23,"key":"Bottled Lightning"},{"floor":25,"key":"Smiling Mask"},{"floor":26,"key":"Potion Belt"},{"floor":29,"key":"Pear"}],"event_choices":[{"damage_healed":0,"gold_gain":0,"player_choice":"Damaged","damage_taken":6,"max_hp_gain":0,"max_hp_loss":0,"event_name":"Wheel of Change","floor":2,"gold_loss":0},{"damage_healed":0,"gold_gain":0,"cards_transformed":["Strike_G"],"player_choice":"Change","damage_taken":0,"max_hp_gain":0,"max_hp_loss":0,"event_name":"Living Wall","floor":5,"gold_loss":0,"cards_obtained":["Backflip"]},{"damage_healed":16,"gold_gain":0,"player_choice":"Healed","damage_taken":0,"max_hp_gain":0,"max_hp_loss":0,"event_name":"The Cleric","floor":7,"gold_loss":35},{"damage_healed":0,"gold_gain":0,"player_choice":"Ignored","damage_taken":0,"max_hp_gain":0,"max_hp_loss":0,"event_name":"Shining Light","floor":13,"gold_loss":0},{"damage_healed":0,"gold_gain":0,"player_choice":"Traded Relic","damage_taken":0,"relics_obtained":["Nloth\u0027s Gift"],"max_hp_gain":0,"max_hp_loss":0,"event_name":"N\u0027loth","floor":19,"relics_lost":["Question Card"],"gold_loss":0}],"is_beta":false,"boss_relics":[{"not_picked":["Velvet Choker","White Beast Statue"],"picked":"Fusion Hammer"}],"items_purged_floors":[],"is_endless":false,"potions_floor_spawned":[3,6,16,21,25],"killed_by":"Book of Stabbing","ascension_level":14}