{"gold_per_floor":[369,380,44,63,89,89,264,295,320,320],"floor_reached":10,"playtime":296,"items_purged":[],"score":112,"play_id":"23401cf3-5480-46e0-8fec-9ce032489096","local_time":"20190402201602","is_ascension_mode":true,"campfire_choices":[{"data":"Cloak And Dagger","floor":6,"key":"SMITH"}],"neow_cost":"PERCENT_DAMAGE","seed_source_timestamp":383672270195000,"circlet_count":0,"master_deck":["AscendersBane","Defend_G+1","Defend_G","Defend_G","Defend_G","Defend_G","Strike_G","Strike_G","Strike_G","Strike_G","Strike_G","Survivor+1","Neutralize","Infinite Blades","Bouncing Flask","Cloak And Dagger+1","Footwork","Panache","Blade Dance","Doubt","Cloak And Dagger"],"relics":["Ring of the Snake","Membership Card","War Paint","Lantern","Juzu Bracelet"],"potions_floor_usage":[],"damage_taken":[{"damage":0,"enemies":"Cultist","floor":1,"turns":4},{"damage":1,"enemies":"2 Louse","floor":2,"turns":4},{"damage":0,"enemies":"Small Slimes","floor":4,"turns":3},{"damage":36,"enemies":"3 Sentries","floor":8,"turns":9},{"damage":26,"enemies":"Gremlin Nob","floor":10,"turns":3}],"seed_played":"-8085818161127224164","potions_obtained":[{"floor":8,"key":"Energy Potion"}],"is_trial":false,"path_per_floor":["M","M","$","M","T","R","?","E","T","E"],"character_chosen":"THE_SILENT","items_purchased":["Membership Card","Cloak And Dagger","Footwork","Panache"],"campfire_rested":0,"item_purchase_floors":[3,3,3,3],"current_hp_per_floor":[44,43,43,43,43,43,43,7,7,0],"gold":320,"neow_bonus":"TWO_FIFTY_GOLD","is_prod":false,"is_daily":false,"chose_seed":false,"campfire_upgraded":1,"win_rate":0,"timestamp":1554250562,"path_taken":["M","M","$","?","?","R","?","E","T","E"],"build_version":"2019-01-23","purchased_purges":0,"victory":false,"max_hp_per_floor":[66,66,66,66,66,66,66,66,66,66],"card_choices":[{"not_picked":["Slice","Predator"],"picked":"Infinite Blades","floor":1},{"not_picked":["Slice","Calculated Gamble"],"picked":"Bouncing Flask","floor":2},{"not_picked":["Slice","Acrobatics"],"picked":"Blade Dance","floor":4},{"not_picked":["Bane","Dagger Spray"],"picked":"Cloak And Dagger","floor":8}],"player_experience":851913,"relics_obtained":[{"floor":5,"key":"War Paint"},{"floor":8,"key":"Lantern"},{"floor":9,"key":"Juzu Bracelet"}],"event_choices":[{"damage_healed":0,"gold_gain":175,"player_choice":"AGREE","damage_taken":0,"max_hp_gain":0,"max_hp_loss":0,"event_name":"Liars Game","floor":7,"gold_loss":0,"cards_obtained":["Doubt"]}],"is_beta":false,"boss_relics":[],"items_purged_floors":[],"is_endless":false,"potions_floor_spawned":[8],"killed_by":"Gremlin Nob","ascension_level":14}