{"gold_per_floor":[115,115,135,135,135,165,165,194,218,236,114,125,125,159,159,236,236,252,527,541,143,154,154,79,91,159,77,77,104,104,33,33,104,104,115,0,17,17,31,65,83,118,118,118,118,45,45,60,60,60],"floor_reached":50,"playtime":11927,"items_purged":["Regret"],"score":1046,"play_id":"5f8997c9-31d7-421d-9d44-3a6f551f0b29","local_time":"20190414155149","is_ascension_mode":true,"campfire_choices":[{"data":"Survivor","floor":7,"key":"SMITH"},{"floor":13,"key":"REST"},{"data":"Catalyst","floor":15,"key":"SMITH"},{"floor":23,"key":"REST"},{"floor":28,"key":"REST"},{"floor":32,"key":"REST"},{"floor":47,"key":"RECALL"},{"data":"Jack Of All Trades","floor":49,"key":"SMITH"}],"neow_cost":"NONE","seed_source_timestamp":534902488285400,"circlet_count":0,"master_deck":["AscendersBane","Survivor+1","Neutralize","Well Laid Plans","Dagger Throw","Deadly Poison","Quick Slash","Dash","Poisoned Stab","Catalyst+1","Jack Of All Trades+1","Crippling Poison","Heel Hook","Envenom","Calculated Gamble+1","Deflect","Footwork","Dramatic Entrance","Tactician+1","Deflect","Distraction+1","Deadly Poison+1","Bouncing Flask+1","Backstab","After Image","Flechettes","Bouncing Flask+1","Skewer","Dagger Spray","Well Laid Plans","All Out Attack","Backstab","Writhe","Parasite","Concentrate+1","PiercingWail+1","Catalyst+1","Bandage Up+1","Escape Plan+1","PiercingWail+1"],"relics":["Ring of the Snake","NeowsBlessing","Darkstone Periapt","Gremlin Horn","Snake Skull","Anchor","Vajra","Eternal Feather","Bag of Marbles","Toxic Egg 2","FossilizedHelix","Pandora\u0027s Box","Red Mask","Mercury Hourglass","Juzu Bracelet"],"potions_floor_usage":[14,29,40,42,50],"damage_taken":[{"damage":0,"enemies":"2 Louse","floor":1,"turns":1},{"damage":0,"enemies":"Cultist","floor":3,"turns":1},{"damage":0,"enemies":"3 Sentries","floor":6,"turns":2},{"damage":18,"enemies":"Gremlin Nob","floor":8,"turns":4},{"damage":1,"enemies":"Small Slimes","floor":10,"turns":3},{"damage":0,"enemies":"Exordium Thugs","floor":12,"turns":4},{"damage":8,"enemies":"Lagavulin","floor":14,"turns":7},{"damage":18,"enemies":"Slime Boss","floor":16,"turns":9},{"damage":4,"enemies":"Chosen","floor":18,"turns":4},{"damage":38,"enemies":"Spheric Guardian","floor":20,"turns":6},{"damage":19,"enemies":"Cultist and Chosen","floor":22,"turns":8},{"damage":28,"enemies":"Shelled Parasite and Fungi","floor":25,"turns":5},{"damage":22,"enemies":"Slavers","floor":29,"turns":5},{"damage":24,"enemies":"Champ","floor":33,"turns":8},{"damage":0,"enemies":"Orb Walker","floor":35,"turns":3},{"damage":10,"enemies":"3 Darklings","floor":37,"turns":4},{"damage":21,"enemies":"Writhing Mass","floor":39,"turns":7},{"damage":11,"enemies":"Reptomancer","floor":40,"turns":5},{"damage":0,"enemies":"Transient","floor":41,"turns":5},{"damage":26,"enemies":"Giant Head","floor":42,"turns":7},{"damage":25,"enemies":"Spire Growth","floor":48,"turns":4},{"damage":82,"enemies":"Awakened One","floor":50,"turns":10}],"seed_played":"-4558303646570396219","potions_obtained":[{"floor":3,"key":"Explosive Potion"},{"floor":8,"key":"Dexterity Potion"},{"floor":22,"key":"PowerPotion"},{"floor":25,"key":"Block Potion"},{"floor":29,"key":"Ancient Potion"},{"floor":39,"key":"Dexterity Potion"},{"floor":40,"key":"Weak Potion"},{"floor":42,"key":"GhostInAJar"}],"is_trial":false,"path_per_floor":["M","?","M","T","?","E","R","E","T","M","$","M","R","E","R","B",null,"M","?","M","$","M","R","?","M","T","$","R","E","?","$","R","B",null,"M","?","M","?","M","E","M","E","T","?","?","$","R","M","R","B"],"character_chosen":"THE_SILENT","items_purchased":["Catalyst","Jack Of All Trades","Footwork","Bag of Marbles","Dramatic Entrance","Distraction+1","Deadly Poison+1","Backstab","Escape Plan+1"],"campfire_rested":4,"item_purchase_floors":[11,11,21,21,21,27,27,31,46],"current_hp_per_floor":[59,59,59,59,52,52,52,34,34,33,33,33,52,44,44,26,56,52,58,20,20,1,37,37,9,9,9,45,23,23,23,62,38,64,64,64,54,78,63,52,52,26,26,26,73,73,73,48,72,0],"gold":60,"neow_bonus":"THREE_ENEMY_KILL","is_prod":false,"is_daily":false,"chose_seed":false,"campfire_upgraded":3,"win_rate":0,"timestamp":1555271509,"path_taken":["M","?","?","?","?","E","R","E","T","M","$","M","R","E","R","BOSS","M","?","M","?","M","R","?","?","T","$","R","E","?","?","R","BOSS","M","?","M","?","M","E","M","E","T","?","?","?","R","M","R","BOSS"],"build_version":"2019-01-23","purchased_purges":1,"victory":false,"max_hp_per_floor":[66,66,66,66,66,66,66,66,66,66,66,66,66,66,66,66,66,66,72,72,72,72,72,72,72,72,72,72,72,72,72,72,72,72,72,72,72,78,84,84,84,84,84,84,73,73,73,73,73,73],"card_choices":[{"not_picked":["Slice","Cloak And Dagger"],"picked":"Well Laid Plans","floor":1},{"not_picked":["Acrobatics","Dagger Throw"],"picked":"Deadly Poison","floor":3},{"not_picked":["Calculated Gamble","Dodge and Roll"],"picked":"Quick Slash","floor":6},{"not_picked":["Dagger Throw","Eviscerate"],"picked":"Dash","floor":8},{"not_picked":["Choke","Backstab"],"picked":"Poisoned Stab","floor":10},{"not_picked":["Concentrate","Flying Knee"],"picked":"Crippling Poison","floor":12},{"not_picked":["Quick Slash","Slice"],"picked":"Heel Hook","floor":14},{"not_picked":["Storm of Steel","Adrenaline"],"picked":"Envenom","floor":16},{"not_picked":["Deflect","Sucker Punch+1"],"picked":"Calculated Gamble+1","floor":18},{"not_picked":["Prepared","Masterful Stab"],"picked":"Deflect","floor":20},{"not_picked":["Envenom","All Out Attack"],"picked":"Tactician+1","floor":22},{"not_picked":["All Out Attack","Outmaneuver"],"picked":"Deflect","floor":25},{"not_picked":["Dash","Heel Hook"],"picked":"Bouncing Flask+1","floor":29},{"not_picked":["Grand Finale","A Thousand Cuts"],"picked":"After Image","floor":33},{"not_picked":["Deflect+1","Quick Slash","Slice"],"picked":"SKIP","floor":35},{"not_picked":["Deflect+1","Choke"],"picked":"Backstab","floor":37},{"not_picked":["Acrobatics+1","Expertise+1"],"picked":"Concentrate+1","floor":39},{"not_picked":["Deflect+1","Calculated Gamble+1","Prepared+1"],"picked":"SKIP","floor":40},{"not_picked":["Bouncing Flask+1","Poisoned Stab"],"picked":"PiercingWail+1","floor":41},{"not_picked":["Backflip+1","Acrobatics+1"],"picked":"Catalyst+1","floor":42},{"not_picked":["Impatience+1","Chrysalis+1"],"picked":"Bandage Up+1","floor":44},{"not_picked":["Blade Dance+1","Escape Plan+1"],"picked":"PiercingWail+1","floor":48}],"player_experience":881404,"relics_obtained":[{"floor":4,"key":"Darkstone Periapt"},{"floor":6,"key":"Gremlin Horn"},{"floor":8,"key":"Snake Skull"},{"floor":9,"key":"Anchor"},{"floor":14,"key":"Vajra"},{"floor":26,"key":"Toxic Egg 2"},{"floor":29,"key":"FossilizedHelix"},{"floor":40,"key":"Mercury Hourglass"},{"floor":42,"key":"Juzu Bracelet"}],"event_choices":[{"damage_healed":0,"gold_gain":0,"cards_transformed":["Strike_G"],"player_choice":"Transformed","damage_taken":0,"max_hp_gain":0,"max_hp_loss":0,"event_name":"Transmorgrifier","floor":2,"gold_loss":0,"cards_obtained":["Dagger Throw"]},{"cards_removed":["Strike_G"],"damage_healed":0,"gold_gain":0,"player_choice":"Card Removal","damage_taken":7,"max_hp_gain":0,"max_hp_loss":0,"event_name":"Golden Wing","floor":5,"gold_loss":0},{"damage_healed":0,"gold_gain":275,"player_choice":"Desecrate","damage_taken":0,"max_hp_gain":0,"max_hp_loss":0,"event_name":"Golden Shrine","floor":19,"gold_loss":0,"cards_obtained":["Regret"]},{"cards_removed":["Strike_G"],"damage_healed":0,"gold_gain":0,"player_choice":"Gave Gold","damage_taken":0,"max_hp_gain":0,"max_hp_loss":0,"event_name":"Beggar","floor":24,"gold_loss":75},{"cards_removed":["Strike_G"],"damage_healed":0,"gold_gain":0,"player_choice":"Purged","damage_taken":0,"max_hp_gain":0,"max_hp_loss":0,"event_name":"Purifier","floor":30,"gold_loss":0},{"damage_healed":0,"gold_gain":0,"player_choice":"Paid","damage_taken":0,"relics_obtained":["Red Mask"],"max_hp_gain":0,"max_hp_loss":0,"event_name":"Tomb of Lord Red Mask","floor":36,"gold_loss":115},{"damage_healed":18,"gold_gain":0,"player_choice":"Writhe","damage_taken":0,"max_hp_gain":0,"max_hp_loss":0,"event_name":"Winding Halls","floor":38,"gold_loss":0,"cards_obtained":["Writhe"]},{"damage_healed":0,"gold_gain":0,"player_choice":"Memory 1","damage_taken":0,"max_hp_gain":0,"max_hp_loss":0,"event_name":"SensoryStone","floor":44,"gold_loss":0},{"damage_healed":73,"gold_gain":0,"player_choice":"Heal","damage_taken":0,"max_hp_gain":0,"max_hp_loss":11,"event_name":"The Moai Head","floor":45,"gold_loss":0}],"is_beta":false,"boss_relics":[{"not_picked":["Runic Pyramid","Busted Crown"],"picked":"Eternal Feather"},{"not_picked":["Snecko Eye","Runic Dome"],"picked":"Pandora\u0027s Box"}],"items_purged_floors":[21],"is_endless":false,"potions_floor_spawned":[3,8,12,22,25,29,39,40,42],"killed_by":"Awakened One","ascension_level":14}