{"gold_per_floor":[115,133,133,33,33,64,64,99,126,36,52,52,68,86,86,159,159,178,103,103,118,0,29,100,100,100,117,117,117,146,108,108,181,181,181,181,198,78,94,94],"floor_reached":40,"playtime":2181,"items_purged":["Strike_G","Well Laid Plans"],"score":802,"play_id":"bd9a8593-3755-4a3a-a414-5e5b2b355142","local_time":"20190502213655","is_ascension_mode":true,"campfire_choices":[{"data":"Cloak And Dagger","floor":7,"key":"SMITH"},{"data":"Accuracy","floor":12,"key":"SMITH"},{"data":"Footwork","floor":15,"key":"SMITH"},{"floor":25,"key":"REST"},{"data":"Cloak And Dagger","floor":29,"key":"SMITH"},{"floor":32,"key":"DIG"}],"neow_cost":"NONE","seed_source_timestamp":82252222764800,"circlet_count":0,"master_deck":["AscendersBane","Defend_G+1","Defend_G+1","Defend_G+1","Defend_G+1","Defend_G+1","Survivor","Neutralize","Poisoned Stab","Cloak And Dagger+1","Footwork+1","Accuracy+1","Choke","Sucker Punch","Flying Knee","Setup","Venomology","Deflect","Backstab","Backstab","Cloak And Dagger+1","Bite","Bite","Bite","Bite","Bite","Caltrops+1","Infinite Blades+1","A Thousand Cuts+1","Heel Hook+1","Calculated Gamble","Leg Sweep"],"relics":["Ring of the Serpent","NeowsBlessing","Smiling Mask","Regal Pillow","Gremlin Horn","Pocketwatch","Frozen Egg 2","Darkstone Periapt","Shovel","Singing Bowl","Runic Pyramid"],"potions_floor_usage":[8,16,18,21,23,23,27,30,33,33,33,35,35,37,40,40],"damage_taken":[{"damage":0,"enemies":"2 Louse","floor":1,"turns":1},{"damage":0,"enemies":"Cultist","floor":2,"turns":1},{"damage":0,"enemies":"Gremlin Nob","floor":6,"turns":1},{"damage":22,"enemies":"Lagavulin","floor":8,"turns":6},{"damage":0,"enemies":"Small Slimes","floor":11,"turns":3},{"damage":0,"enemies":"Exordium Thugs","floor":13,"turns":4},{"damage":3,"enemies":"Looter","floor":14,"turns":3},{"damage":41,"enemies":"Hexaghost","floor":16,"turns":11},{"damage":17,"enemies":"Spheric Guardian","floor":18,"turns":7},{"damage":1,"enemies":"Chosen","floor":21,"turns":7},{"damage":14,"enemies":"Book of Stabbing","floor":23,"turns":7},{"damage":4,"enemies":"Snake Plant","floor":27,"turns":6},{"damage":41,"enemies":"Gremlin Leader","floor":30,"turns":9},{"damage":55,"enemies":"Champ","floor":33,"turns":12},{"damage":21,"enemies":"3 Darklings","floor":35,"turns":2},{"damage":10,"enemies":"Orb Walker","floor":37,"turns":4},{"damage":9,"enemies":"Sphere and 2 Shapes","floor":39,"turns":4},{"damage":36,"enemies":"Reptomancer","floor":40,"turns":6}],"seed_played":"-5251018224695982868","potions_obtained":[{"floor":1,"key":"FearPotion"},{"floor":8,"key":"Swift Potion"},{"floor":11,"key":"LiquidBronze"},{"floor":16,"key":"FearPotion"},{"floor":27,"key":"Regen Potion"},{"floor":33,"key":"SpeedPotion"},{"floor":37,"key":"SkillPotion"}],"is_trial":false,"path_per_floor":["M","M","?","$","?","E","R","E","T","$","M","R","M","M","R","B",null,"M","?","?","M","?","E","T","R","T","M","?","R","E","$","R","B",null,"M","?","M","$","M","E"],"character_chosen":"THE_SILENT","items_purchased":["Footwork","Sucker Punch","Well Laid Plans","Infinite Blades+1","Calculated Gamble"],"campfire_rested":1,"item_purchase_floors":[4,4,10,31,38],"current_hp_per_floor":[59,59,59,59,59,59,59,37,37,37,39,39,41,40,40,1,50,35,35,35,36,36,24,24,58,58,56,56,56,32,32,32,10,52,31,31,29,29,30,0],"gold":94,"neow_bonus":"THREE_ENEMY_KILL","is_prod":false,"is_daily":false,"chose_seed":false,"campfire_upgraded":4,"win_rate":0,"timestamp":1556847415,"path_taken":["M","M","?","?","?","E","R","E","T","$","M","R","?","M","R","BOSS","M","?","?","M","?","E","?","R","T","M","?","R","E","$","R","BOSS","M","?","M","$","M","E"],"build_version":"2019-01-23","purchased_purges":2,"victory":false,"max_hp_per_floor":[66,66,66,66,66,66,66,66,66,66,66,66,66,66,66,66,66,66,66,66,66,66,66,66,66,66,66,66,66,66,66,66,66,66,66,66,66,66,66,66],"card_choices":[{"not_picked":["Infinite Blades","Flying Knee"],"picked":"Poisoned Stab","floor":1},{"not_picked":["Sucker Punch","Expertise"],"picked":"Cloak And Dagger","floor":2},{"not_picked":["Crippling Poison","Distraction"],"picked":"Accuracy","floor":6},{"not_picked":["Escape Plan","Predator"],"picked":"Choke","floor":8},{"not_picked":["Well Laid Plans","Acrobatics"],"picked":"Sucker Punch","floor":11},{"not_picked":["Dagger Spray","Acrobatics"],"picked":"Flying Knee","floor":13},{"not_picked":["Deadly Poison","Reflex"],"picked":"Setup","floor":14},{"not_picked":["Unload","Bullet Time"],"picked":"Venomology","floor":16},{"not_picked":["Quick Slash","Poisoned Stab"],"picked":"Deflect","floor":18},{"not_picked":["Expertise","Acrobatics"],"picked":"Backstab","floor":21},{"not_picked":["Noxious Fumes+1","Poisoned Stab"],"picked":"Backstab","floor":23},{"not_picked":["Expertise","Noxious Fumes+1"],"picked":"Cloak And Dagger","floor":27},{"not_picked":["Well Laid Plans+1","Sucker Punch"],"picked":"Caltrops+1","floor":30},{"not_picked":["Phantasmal Killer","Doppelganger"],"picked":"A Thousand Cuts+1","floor":33},{"not_picked":["Deflect","Prepared+1"],"picked":"Heel Hook+1","floor":37},{"not_picked":["Slice","Reflex"],"picked":"Leg Sweep","floor":39}],"player_experience":950029,"relics_obtained":[{"floor":6,"key":"Regal Pillow"},{"floor":8,"key":"Gremlin Horn"},{"floor":9,"key":"Blood Vial"},{"floor":23,"key":"Pocketwatch"},{"floor":24,"key":"Frozen Egg 2"},{"floor":26,"key":"Darkstone Periapt"},{"floor":30,"key":"Shovel"},{"floor":32,"key":"Singing Bowl"}],"event_choices":[{"cards_removed":["Strike_G"],"damage_healed":0,"gold_gain":0,"player_choice":"Purged","damage_taken":0,"max_hp_gain":0,"max_hp_loss":0,"event_name":"Purifier","floor":3,"gold_loss":0},{"cards_removed":["Sucker Punch"],"damage_healed":0,"gold_gain":0,"player_choice":"Gave Card","damage_taken":0,"relics_obtained":["Smiling Mask"],"max_hp_gain":0,"max_hp_loss":0,"event_name":"WeMeetAgain","floor":5,"gold_loss":0},{"cards_removed":["Strike_G"],"damage_healed":0,"gold_gain":0,"player_choice":"Gave Gold","damage_taken":0,"max_hp_gain":0,"max_hp_loss":0,"event_name":"Beggar","floor":19,"gold_loss":75},{"damage_healed":0,"gold_gain":0,"player_choice":"Simplicity","damage_taken":0,"max_hp_gain":0,"max_hp_loss":0,"event_name":"Back to Basics","floor":20,"gold_loss":0,"cards_upgraded":["Defend_G","Defend_G","Defend_G","Defend_G","Defend_G","Strike_G","Strike_G"]},{"damage_healed":0,"gold_gain":0,"player_choice":"Paid Fearfully","damage_taken":0,"max_hp_gain":0,"max_hp_loss":0,"event_name":"Masked Bandits","floor":22,"gold_loss":118},{"damage_healed":0,"gold_gain":0,"player_choice":"Became a vampire (Vial)","damage_taken":0,"max_hp_gain":0,"max_hp_loss":0,"event_name":"Vampires","floor":28,"relics_lost":["Blood Vial"],"gold_loss":0,"cards_obtained":["Bite","Bite","Bite","Bite","Bite"]},{"damage_healed":0,"gold_gain":0,"player_choice":"Ignored","damage_taken":0,"max_hp_gain":0,"max_hp_loss":0,"event_name":"The Moai Head","floor":36,"gold_loss":0}],"is_beta":false,"boss_relics":[{"not_picked":["Snecko Eye","Velvet Choker"],"picked":"Ring of the Serpent"},{"not_picked":["HoveringKite","White Beast Statue"],"picked":"Runic Pyramid"}],"items_purged_floors":[10,38],"is_endless":false,"potions_floor_spawned":[1,8,11,13,16,21,27,30,33,37],"killed_by":"Reptomancer","ascension_level":14}