{"gold_per_floor":[364,377,377,2,2,2,35,35,60,85,102,113,113,142,142,216,216,228,228,228,228,153,153,153],"floor_reached":24,"playtime":949,"items_purged":[],"score":357,"play_id":"c846f81d-df9e-4724-b91d-2c255007e0b0","local_time":"20190426201534","is_ascension_mode":true,"campfire_choices":[{"data":"Dodge and Roll","floor":6,"key":"SMITH"},{"floor":8,"key":"REST"},{"floor":15,"key":"REST"},{"floor":23,"key":"REST"}],"neow_cost":"PERCENT_DAMAGE","seed_source_timestamp":867545220926900,"circlet_count":0,"master_deck":["AscendersBane","Defend_G","Defend_G","Defend_G","Defend_G","Strike_G","Strike_G","Strike_G","Survivor","Neutralize","Crippling Poison","Dodge and Roll+1","Blur","Infinite Blades","Blade Dance","Sweeping Beam","Leg Sweep","Underhanded Strike","Echo Form","Discovery","Demon Form","Uppercut+1","Discovery"],"relics":["Ring of the Snake","PrismaticShard","GremlinMask","Bottled Tornado","PreservedInsect","Blue Candle","Juzu Bracelet","Bag of Marbles","Cursed Key"],"potions_floor_usage":[7,7,16],"damage_taken":[{"damage":1,"enemies":"2 Louse","floor":1,"turns":4},{"damage":0,"enemies":"Cultist","floor":2,"turns":4},{"damage":19,"enemies":"Gremlin Nob","floor":7,"turns":5},{"damage":20,"enemies":"Lagavulin","floor":10,"turns":10},{"damage":0,"enemies":"Small Slimes","floor":11,"turns":3},{"damage":0,"enemies":"Red Slaver","floor":12,"turns":5},{"damage":8,"enemies":"3 Sentries","floor":14,"turns":8},{"damage":16,"enemies":"Slime Boss","floor":16,"turns":12},{"damage":7,"enemies":"Chosen","floor":18,"turns":5},{"damage":32,"enemies":"Colosseum Slavers","floor":20,"turns":6},{"damage":35,"enemies":"Gremlin Leader","floor":24,"turns":5}],"seed_played":"2156043531938189947","potions_obtained":[{"floor":1,"key":"FearPotion"},{"floor":2,"key":"PowerPotion"},{"floor":14,"key":"SteroidPotion"}],"is_trial":false,"path_per_floor":["M","M","?","$","?","R","E","R","T","E","M","M","T","E","R","B",null,"M","?","?","?","?","R","E"],"character_chosen":"THE_SILENT","items_purchased":["PrismaticShard","Blur","Infinite Blades","Blade Dance"],"campfire_rested":3,"item_purchase_floors":[4,4,4,4],"current_hp_per_floor":[43,43,43,43,43,43,24,43,43,23,23,23,23,15,34,18,54,47,47,15,15,15,34,0],"gold":153,"neow_bonus":"TWO_FIFTY_GOLD","is_prod":false,"is_daily":false,"chose_seed":false,"campfire_upgraded":1,"win_rate":0,"timestamp":1556324134,"path_taken":["M","M","?","?","?","R","E","R","T","E","?","M","?","E","R","BOSS","M","?","?","?","?","R","E"],"build_version":"2019-01-23","purchased_purges":0,"victory":false,"max_hp_per_floor":[66,66,66,66,66,66,66,66,66,66,66,66,66,66,66,66,66,66,66,66,66,66,66,66],"card_choices":[{"not_picked":["Outmaneuver","Finisher"],"picked":"Crippling Poison","floor":1},{"not_picked":["Setup","Acrobatics"],"picked":"Dodge and Roll","floor":2},{"not_picked":["Headbutt","Reprogram"],"picked":"Sweeping Beam","floor":7},{"not_picked":["Stack","Coolheaded"],"picked":"Leg Sweep","floor":10},{"not_picked":["Compile Driver","Leg Sweep"],"picked":"Underhanded Strike","floor":11},{"not_picked":["Leap","Well Laid Plans"],"picked":"Echo Form","floor":12},{"not_picked":["Sword Boomerang","True Grit"],"picked":"Discovery","floor":14},{"not_picked":["Master of Strategy","Thinking Ahead"],"picked":"Demon Form","floor":16},{"not_picked":["Dagger Throw","True Grit"],"picked":"Uppercut+1","floor":18}],"player_experience":923839,"relics_obtained":[{"floor":7,"key":"Bottled Tornado"},{"floor":9,"key":"PreservedInsect"},{"floor":10,"key":"Blue Candle"},{"floor":13,"key":"Juzu Bracelet"},{"floor":14,"key":"Bag of Marbles"}],"event_choices":[{"cards_removed":["Strike_G"],"damage_healed":0,"gold_gain":0,"player_choice":"Purged","damage_taken":0,"max_hp_gain":0,"max_hp_loss":0,"event_name":"Purifier","floor":3,"gold_loss":0},{"damage_healed":0,"gold_gain":0,"player_choice":"Trade","damage_taken":0,"relics_obtained":["GremlinMask"],"max_hp_gain":0,"max_hp_loss":0,"event_name":"FaceTrader","floor":5,"gold_loss":0},{"damage_healed":0,"gold_gain":0,"player_choice":"Copied","damage_taken":0,"max_hp_gain":0,"max_hp_loss":0,"event_name":"Duplicator","floor":19,"gold_loss":0,"cards_obtained":["Discovery"]},{"damage_healed":0,"gold_gain":0,"player_choice":"Fight","damage_taken":0,"max_hp_gain":0,"max_hp_loss":0,"event_name":"Colosseum","floor":20,"gold_loss":0},{"damage_healed":0,"gold_gain":0,"player_choice":"Fled From Nobs","damage_taken":0,"max_hp_gain":0,"max_hp_loss":0,"event_name":"Colosseum","floor":20,"gold_loss":0},{"cards_removed":["Strike_G"],"damage_healed":0,"gold_gain":0,"player_choice":"Purged","damage_taken":0,"max_hp_gain":0,"max_hp_loss":0,"event_name":"Purifier","floor":21,"gold_loss":0},{"cards_removed":["Defend_G"],"damage_healed":0,"gold_gain":0,"player_choice":"Gave Gold","damage_taken":0,"max_hp_gain":0,"max_hp_loss":0,"event_name":"Beggar","floor":22,"gold_loss":75}],"is_beta":false,"boss_relics":[{"not_picked":["Ring of the Serpent","Coffee Dripper"],"picked":"Cursed Key"}],"items_purged_floors":[],"is_endless":false,"potions_floor_spawned":[1,2,14,20],"killed_by":"Gremlin Leader","ascension_level":14}