{"gold_per_floor":[112,112,112,125,138,138,88,88,115,115,115,128,142,175,175,175],"floor_reached":16,"playtime":526,"items_purged":[],"score":170,"play_id":"53631542-c40e-40b4-87e2-6ab50b77da6f","local_time":"20190424174626","is_ascension_mode":true,"campfire_choices":[{"data":"Backstab","floor":6,"key":"SMITH"},{"data":"Survivor","floor":8,"key":"SMITH"},{"floor":10,"key":"RECALL"},{"data":"Dash","floor":15,"key":"SMITH"}],"neow_cost":"TEN_PERCENT_HP_LOSS","seed_source_timestamp":686216209614500,"circlet_count":0,"master_deck":["AscendersBane","Defend_G","Defend_G","Defend_G","Defend_G","Strike_G","Strike_G","Strike_G","Survivor+1","Neutralize+1","Infinite Blades","Deflect","Backstab+1","Poisoned Stab","Slice","Dash+1"],"relics":["Ring of the Snake","Bag of Marbles","Golden Idol","Juzu Bracelet"],"potions_floor_usage":[13,14],"damage_taken":[{"damage":2,"enemies":"Cultist","floor":1,"turns":4},{"damage":1,"enemies":"2 Louse","floor":4,"turns":3},{"damage":0,"enemies":"Jaw Worm","floor":5,"turns":6},{"damage":0,"enemies":"3 Louse","floor":12,"turns":3},{"damage":0,"enemies":"Exordium Thugs","floor":13,"turns":3},{"damage":18,"enemies":"3 Sentries","floor":14,"turns":11},{"damage":43,"enemies":"Slime Boss","floor":16,"turns":6}],"seed_played":"1365506008426609623","potions_obtained":[{"floor":4,"key":"AttackPotion"},{"floor":5,"key":"Fire Potion"},{"floor":14,"key":"Weak Potion"}],"is_trial":false,"path_per_floor":["M","?","?","M","M","R","?","R","T","R","?","M","M","E","R","B"],"character_chosen":"THE_SILENT","items_purchased":[],"campfire_rested":0,"item_purchase_floors":[],"current_hp_per_floor":[57,62,62,61,61,61,61,61,61,61,60,60,60,42,42,0],"gold":175,"neow_bonus":"REMOVE_TWO","is_prod":false,"is_daily":false,"chose_seed":false,"campfire_upgraded":3,"win_rate":0,"timestamp":1556142386,"path_taken":["M","?","?","M","?","R","?","R","T","R","?","M","M","E","R","BOSS"],"build_version":"2019-01-23","purchased_purges":0,"victory":false,"max_hp_per_floor":[60,65,65,65,65,65,65,65,65,65,60,60,60,60,60,60],"card_choices":[{"not_picked":["PiercingWail","Outmaneuver"],"picked":"Infinite Blades","floor":1},{"not_picked":["Bane","Acrobatics"],"picked":"Deflect","floor":4},{"not_picked":["Outmaneuver","Deadly Poison"],"picked":"Backstab","floor":5},{"not_picked":["Deadly Poison","Dagger Throw"],"picked":"Poisoned Stab","floor":12},{"not_picked":["Reflex","Choke"],"picked":"Slice","floor":13},{"not_picked":["Unload","Deflect"],"picked":"Dash","floor":14}],"player_experience":909311,"relics_obtained":[{"floor":9,"key":"Bag of Marbles"},{"floor":14,"key":"Juzu Bracelet"}],"event_choices":[{"damage_healed":0,"gold_gain":0,"player_choice":"Donut","damage_taken":0,"max_hp_gain":5,"max_hp_loss":0,"event_name":"Big Fish","floor":2,"gold_loss":0},{"damage_healed":0,"gold_gain":0,"player_choice":"Forge","damage_taken":0,"max_hp_gain":0,"max_hp_loss":0,"event_name":"Accursed Blacksmith","floor":3,"gold_loss":0,"cards_upgraded":["Neutralize"]},{"cards_removed":["Strike_G"],"damage_healed":0,"gold_gain":0,"player_choice":"Card Removal","damage_taken":0,"max_hp_gain":0,"max_hp_loss":0,"event_name":"The Cleric","floor":7,"gold_loss":50},{"damage_healed":0,"gold_gain":0,"player_choice":"Lose Max HP","damage_taken":0,"relics_obtained":["Golden Idol"],"max_hp_gain":0,"max_hp_loss":5,"event_name":"Golden Idol","floor":11,"gold_loss":0}],"is_beta":false,"boss_relics":[],"items_purged_floors":[],"is_endless":false,"potions_floor_spawned":[4,5,14],"killed_by":"Slime Boss","ascension_level":14}