{"gold_per_floor":[117,128,148,41,41,41,41,72,140,140,152,165,195,211,211,288,288,273,273,273,127,143,143,68,93,93,93,93,93],"floor_reached":29,"playtime":1532,"items_purged":["Writhe"],"score":427,"play_id":"90fedf96-5704-424f-ba01-542df8fe9bf2","local_time":"20190427155013","is_ascension_mode":true,"campfire_choices":[{"data":"Bane","floor":6,"key":"SMITH"},{"floor":10,"key":"REST"},{"data":"Bouncing Flask","floor":15,"key":"SMITH"},{"floor":23,"key":"REST"},{"data":"Malaise","floor":27,"key":"SMITH"}],"neow_cost":"PERCENT_DAMAGE","seed_source_timestamp":937445571260500,"circlet_count":0,"master_deck":["AscendersBane","Defend_G","Defend_G","Defend_G","Defend_G","Defend_G","Strike_G","Strike_G","Strike_G","Survivor","Neutralize","PiercingWail","Deadly Poison","Bane+1","Bouncing Flask+1","Well Laid Plans","Masterful Stab","Tactician","Die Die Die","Footwork","Backflip","Escape Plan","After Image","Masterful Stab","Dagger Spray","Prepared","Bane","Backstab","Glass Knife","All Out Attack","Malaise+1"],"relics":["Ring of the Snake","Meat on the Bone","Bag of Preparation","Bird Faced Urn","Orrery","Regal Pillow","Pen Nib","Bottled Lightning","Incense Burner"],"potions_floor_usage":[],"damage_taken":[{"damage":0,"enemies":"2 Louse","floor":1,"turns":5},{"damage":1,"enemies":"Jaw Worm","floor":2,"turns":6},{"damage":0,"enemies":"Small Slimes","floor":3,"turns":3},{"damage":23,"enemies":"Lagavulin","floor":8,"turns":6},{"damage":5,"enemies":"Looter","floor":11,"turns":3},{"damage":0,"enemies":"Gremlin Gang","floor":12,"turns":4},{"damage":13,"enemies":"Gremlin Nob","floor":13,"turns":3},{"damage":1,"enemies":"Blue Slaver","floor":14,"turns":4},{"damage":2,"enemies":"Slime Boss","floor":16,"turns":8},{"damage":13,"enemies":"2 Thieves","floor":18,"turns":4},{"damage":29,"enemies":"Colosseum Slavers","floor":20,"turns":4},{"damage":15,"enemies":"Shell Parasite","floor":22,"turns":6},{"damage":43,"enemies":"Book of Stabbing","floor":25,"turns":7},{"damage":80,"enemies":"Gremlin Leader","floor":29,"turns":10}],"seed_played":"3775349925061109613","potions_obtained":[{"floor":2,"key":"Ancient Potion"},{"floor":3,"key":"FairyPotion"}],"is_trial":false,"path_per_floor":["M","M","M","$","?","R","T","E","T","R","M","M","E","M","R","B",null,"M","?","?","$","M","R","?","E","T","R","T","E"],"character_chosen":"THE_SILENT","items_purchased":["Bouncing Flask","Well Laid Plans","Glass Knife"],"campfire_rested":2,"item_purchase_floors":[4,4,21],"current_hp_per_floor":[56,55,55,55,55,55,55,44,44,67,62,62,49,52,52,54,72,65,65,40,40,43,78,78,51,51,51,51,0],"gold":93,"neow_bonus":"TWENTY_PERCENT_HP_BONUS","is_prod":false,"is_daily":false,"chose_seed":false,"campfire_upgraded":3,"win_rate":0,"timestamp":1556394613,"path_taken":["M","M","M","$","?","R","?","E","T","R","?","M","E","M","R","BOSS","M","?","?","$","M","R","?","E","T","R","?","E"],"build_version":"2019-01-23","purchased_purges":1,"victory":false,"max_hp_per_floor":[78,78,78,78,78,78,78,78,78,78,78,78,78,78,78,78,78,78,78,78,78,78,78,78,78,78,78,78,78],"card_choices":[{"not_picked":["Slice","Backflip"],"picked":"PiercingWail","floor":1},{"not_picked":["Blade Dance","Footwork"],"picked":"Deadly Poison","floor":2},{"not_picked":["Distraction","Underhanded Strike"],"picked":"Bane","floor":3},{"not_picked":["Concentrate","Setup"],"picked":"Tactician","floor":8},{"not_picked":["Underhanded Strike","Blade Dance"],"picked":"Die Die Die","floor":11},{"not_picked":["Blur","Underhanded Strike"],"picked":"Footwork","floor":12},{"not_picked":["Unload","Deadly Poison"],"picked":"Backflip","floor":13},{"not_picked":["Quick Slash","Prepared"],"picked":"Escape Plan","floor":14},{"not_picked":["Doppelganger","Night Terror"],"picked":"After Image","floor":16},{"not_picked":["Choke","Concentrate"],"picked":"Masterful Stab","floor":17},{"not_picked":["Heel Hook","Cloak And Dagger"],"picked":"Dagger Spray","floor":17},{"not_picked":["Slice","Blade Dance"],"picked":"Prepared","floor":17},{"not_picked":["Underhanded Strike","Endless Agony"],"picked":"Bane","floor":17},{"not_picked":["Quick Slash","Outmaneuver"],"picked":"Backstab","floor":18},{"not_picked":["Sucker Punch","Deadly Poison"],"picked":"All Out Attack","floor":22},{"not_picked":["Underhanded Strike","Escape Plan"],"picked":"Malaise","floor":25}],"player_experience":924788,"relics_obtained":[{"floor":7,"key":"Meat on the Bone"},{"floor":8,"key":"Bag of Preparation"},{"floor":13,"key":"Bird Faced Urn"},{"floor":25,"key":"Pen Nib"},{"floor":26,"key":"Bottled Lightning"},{"floor":28,"key":"Incense Burner"}],"event_choices":[{"damage_healed":0,"gold_gain":0,"cards_transformed":["Strike_G"],"player_choice":"Change","damage_taken":0,"max_hp_gain":0,"max_hp_loss":0,"event_name":"Living Wall","floor":5,"gold_loss":0,"cards_obtained":["Masterful Stab"]},{"damage_healed":0,"gold_gain":0,"player_choice":"Opened","damage_taken":0,"relics_obtained":["Regal Pillow"],"max_hp_gain":0,"max_hp_loss":0,"event_name":"The Mausoleum","floor":19,"gold_loss":0,"cards_obtained":["Writhe"]},{"damage_healed":0,"gold_gain":0,"player_choice":"Fight","damage_taken":0,"max_hp_gain":0,"max_hp_loss":0,"event_name":"Colosseum","floor":20,"gold_loss":0},{"damage_healed":0,"gold_gain":0,"player_choice":"Fled From Nobs","damage_taken":0,"max_hp_gain":0,"max_hp_loss":0,"event_name":"Colosseum","floor":20,"gold_loss":0},{"cards_removed":["Strike_G"],"damage_healed":0,"gold_gain":0,"player_choice":"Gave Gold","damage_taken":0,"max_hp_gain":0,"max_hp_loss":0,"event_name":"Beggar","floor":24,"gold_loss":75}],"is_beta":false,"boss_relics":[{"not_picked":["Velvet Choker","Runic Dome"],"picked":"Orrery"}],"items_purged_floors":[21],"is_endless":false,"potions_floor_spawned":[2,3,8,12,14,20,25],"killed_by":"Gremlin Leader","ascension_level":14}