{"gold_per_floor":[11,27,27,38,50,80,80,112,112,92,122],"floor_reached":11,"playtime":619,"items_purged":[],"score":145,"play_id":"d087059a-9a27-4bfe-8147-6cbf347ecb26","local_time":"20190428162930","is_ascension_mode":true,"campfire_choices":[{"data":"Malaise","floor":7,"key":"SMITH"}],"neow_cost":"NO_GOLD","seed_source_timestamp":17446047589900,"circlet_count":0,"master_deck":["AscendersBane","Defend_G","Defend_G","Defend_G","Defend_G","Defend_G","Strike_G","Strike_G","Strike_G","Strike_G","Strike_G","Survivor","Neutralize","Malaise+1","Heel Hook","PiercingWail","Noxious Fumes","Deadly Poison","Backstab","Noxious Fumes","Catalyst"],"relics":["Ring of the Snake","Art of War","Molten Egg 2","Pantograph"],"potions_floor_usage":[6,6],"damage_taken":[{"damage":0,"enemies":"Cultist","floor":1,"turns":5},{"damage":0,"enemies":"2 Louse","floor":2,"turns":4},{"damage":4,"enemies":"Small Slimes","floor":4,"turns":6},{"damage":1,"enemies":"Exordium Wildlife","floor":5,"turns":4},{"damage":11,"enemies":"Gremlin Nob","floor":6,"turns":4},{"damage":19,"enemies":"3 Sentries","floor":8,"turns":9},{"damage":1,"enemies":"Exordium Thugs","floor":10,"turns":4},{"damage":27,"enemies":"Lagavulin Event","floor":11,"turns":3}],"seed_played":"1871007462307859992","potions_obtained":[{"floor":1,"key":"Swift Potion"},{"floor":4,"key":"AttackPotion"},{"floor":5,"key":"Fire Potion"}],"is_trial":false,"path_per_floor":["M","M","$","M","M","E","R","E","T","M","?"],"character_chosen":"THE_SILENT","items_purchased":[],"campfire_rested":0,"item_purchase_floors":[],"current_hp_per_floor":[59,59,59,55,54,43,43,24,24,23,0],"gold":122,"neow_bonus":"THREE_RARE_CARDS","is_prod":false,"is_daily":false,"chose_seed":false,"campfire_upgraded":1,"win_rate":0,"timestamp":1556483370,"path_taken":["M","M","?","M","M","E","R","E","T","M","?"],"build_version":"2019-01-23","purchased_purges":0,"victory":false,"max_hp_per_floor":[66,66,66,66,66,66,66,66,66,66,66],"card_choices":[{"not_picked":["Burst","Bullet Time"],"picked":"Malaise","floor":0},{"not_picked":["PiercingWail","Noxious Fumes"],"picked":"Heel Hook","floor":1},{"not_picked":["Bane","Predator"],"picked":"PiercingWail","floor":2},{"not_picked":["Deadly Poison","Dagger Spray"],"picked":"Noxious Fumes","floor":4},{"not_picked":["Flechettes","Dagger Spray"],"picked":"Deadly Poison","floor":5},{"not_picked":["Slice","Outmaneuver"],"picked":"Backstab","floor":6},{"not_picked":["Escape Plan","Backstab"],"picked":"Noxious Fumes","floor":8},{"not_picked":["Sucker Punch+1","Heel Hook+1"],"picked":"Catalyst","floor":10}],"player_experience":949410,"relics_obtained":[{"floor":6,"key":"Art of War"},{"floor":8,"key":"Molten Egg 2"},{"floor":9,"key":"Pantograph"}],"event_choices":[{"damage_healed":0,"gold_gain":30,"player_choice":"Searched \u00272\u0027 times","damage_taken":0,"max_hp_gain":0,"max_hp_loss":0,"event_name":"Dead Adventurer","floor":11,"gold_loss":0}],"is_beta":false,"boss_relics":[],"items_purged_floors":[],"is_endless":false,"potions_floor_spawned":[1,4,5],"killed_by":"Lagavulin Event","ascension_level":14}