{"gold_per_floor":[118,83,131,150,425,425,22,34,34,48,48,75,75,101,101,101],"floor_reached":16,"playtime":611,"items_purged":["Regret"],"score":184,"play_id":"089489ec-69f9-42f3-92a0-1fabe31ac358","local_time":"20190502214717","is_ascension_mode":true,"campfire_choices":[{"data":"Noxious Fumes","floor":6,"key":"SMITH"},{"data":"Accuracy","floor":13,"key":"SMITH"},{"floor":15,"key":"REST"}],"neow_cost":"PERCENT_DAMAGE","seed_source_timestamp":84446585732800,"circlet_count":0,"master_deck":["AscendersBane","Defend_G","Defend_G","Defend_G","Defend_G","Defend_G","Strike_G","Strike_G","Strike_G","Strike_G","Strike_G","Survivor","Neutralize","Noxious Fumes+1","Heel Hook","Blade Dance","Accuracy+1","Quick Slash","Leg Sweep","Acrobatics","PiercingWail"],"relics":["Ring of the Snake","Ice Cream","Art of War","Kunai","Tough Bandages","Bag of Marbles","Unceasing Top"],"potions_floor_usage":[10],"damage_taken":[{"damage":8,"enemies":"Small Slimes","floor":1,"turns":5},{"damage":1,"enemies":"Jaw Worm","floor":4,"turns":5},{"damage":0,"enemies":"Cultist","floor":8,"turns":4},{"damage":7,"enemies":"Exordium Thugs","floor":10,"turns":5},{"damage":2,"enemies":"Lagavulin","floor":12,"turns":7},{"damage":61,"enemies":"Gremlin Nob","floor":14,"turns":5},{"damage":24,"enemies":"Slime Boss","floor":16,"turns":8}],"seed_played":"4897107723585472204","potions_obtained":[{"floor":8,"key":"AttackPotion"}],"is_trial":false,"path_per_floor":["M","?","T","M","?","R","$","M","T","M","?","E","R","E","R","B"],"character_chosen":"THE_SILENT","items_purchased":["Kunai","Blade Dance","Accuracy"],"campfire_rested":1,"item_purchase_floors":[7,7,7],"current_hp_per_floor":[36,52,52,51,51,51,51,51,51,44,66,64,64,3,22,0],"gold":101,"neow_bonus":"ONE_RARE_RELIC","is_prod":false,"is_daily":false,"chose_seed":false,"campfire_upgraded":2,"win_rate":0,"timestamp":1556848037,"path_taken":["M","?","?","?","?","R","?","?","T","M","?","E","R","E","R","BOSS"],"build_version":"2019-01-23","purchased_purges":1,"victory":false,"max_hp_per_floor":[66,66,66,66,66,66,66,66,66,66,66,66,66,66,66,66],"card_choices":[{"not_picked":["Backflip","Escape Plan"],"picked":"Noxious Fumes","floor":1},{"not_picked":["Dodge and Roll","Outmaneuver"],"picked":"Heel Hook","floor":4},{"not_picked":["Underhanded Strike","Sucker Punch"],"picked":"Quick Slash","floor":8},{"not_picked":["Poisoned Stab","Underhanded Strike"],"picked":"Leg Sweep","floor":10},{"not_picked":["Bouncing Flask","Predator"],"picked":"Acrobatics","floor":12},{"not_picked":["Bane","Setup"],"picked":"PiercingWail","floor":14}],"player_experience":952210,"relics_obtained":[{"floor":3,"key":"Art of War"},{"floor":9,"key":"Tough Bandages"},{"floor":12,"key":"Bag of Marbles"},{"floor":14,"key":"Unceasing Top"}],"event_choices":[{"damage_healed":16,"gold_gain":0,"player_choice":"Healed","damage_taken":0,"max_hp_gain":0,"max_hp_loss":0,"event_name":"The Cleric","floor":2,"gold_loss":35},{"damage_healed":0,"gold_gain":275,"player_choice":"Desecrate","damage_taken":0,"max_hp_gain":0,"max_hp_loss":0,"event_name":"Golden Shrine","floor":5,"gold_loss":0,"cards_obtained":["Regret"]},{"damage_healed":22,"gold_gain":0,"player_choice":"Full Heal","damage_taken":0,"max_hp_gain":0,"max_hp_loss":0,"event_name":"Wheel of Change","floor":11,"gold_loss":0}],"is_beta":false,"boss_relics":[],"items_purged_floors":[7],"is_endless":false,"potions_floor_spawned":[8],"killed_by":"Slime Boss","ascension_level":14}