{"gold_per_floor":[109,109,72,72,72,72,147,186,186,202,202,9,30,73,73,172,172,195,27,27,77,97,97,138,138,162,178,178],"floor_reached":28,"playtime":1241,"items_purged":["Injury"],"score":424,"play_id":"b16d5f50-d364-426a-9e72-c107747e6026","local_time":"20190511214202","is_ascension_mode":true,"campfire_choices":[{"floor":6,"key":"REST"},{"floor":11,"key":"REST"},{"floor":15,"key":"REST"},{"floor":23,"key":"REST"}],"neow_cost":"NONE","seed_source_timestamp":861116762058900,"circlet_count":0,"master_deck":["AscendersBane","Defend_G","Defend_G","Defend_G","Defend_G","Defend_G","Strike_G","Strike_G+1","Strike_G","Strike_G","Survivor","Neutralize","Cloak And Dagger+1","Tactician","Expertise","PiercingWail","Infinite Blades","Deflect","Dash","Tools of the Trade","Acrobatics","Storm of Steel","Die Die Die","Dagger Throw","Underhanded Strike","Panacea","Blade Dance+1","Footwork","Tools of the Trade"],"relics":["Ring of the Snake","Vajra","Golden Idol","Nunchaku","Prayer Wheel","Gremlin Horn","Juzu Bracelet","Runic Pyramid","Singing Bowl","Bronze Scales"],"potions_floor_usage":[7,14,16],"damage_taken":[{"damage":1,"enemies":"Cultist","floor":1,"turns":4},{"damage":22,"enemies":"3 Sentries","floor":7,"turns":12},{"damage":27,"enemies":"Gremlin Nob","floor":8,"turns":5},{"damage":0,"enemies":"2 Louse","floor":10,"turns":3},{"damage":2,"enemies":"Jaw Worm","floor":13,"turns":4},{"damage":8,"enemies":"Lagavulin","floor":14,"turns":7},{"damage":29,"enemies":"Hexaghost","floor":16,"turns":13},{"damage":0,"enemies":"3 Byrds","floor":18,"turns":5},{"damage":25,"enemies":"Colosseum Slavers","floor":20,"turns":4},{"damage":0,"enemies":"Chosen","floor":22,"turns":4},{"damage":19,"enemies":"Gremlin Leader","floor":24,"turns":6},{"damage":0,"enemies":"Snecko","floor":27,"turns":6},{"damage":36,"enemies":"Book of Stabbing","floor":28,"turns":5}],"seed_played":"-3252157192894693060","potions_obtained":[{"floor":1,"key":"Fire Potion"},{"floor":8,"key":"Block Potion"},{"floor":13,"key":"EssenceOfSteel"},{"floor":16,"key":"SteroidPotion"}],"is_trial":false,"path_per_floor":["M","?","$","?","?","R","?","E","T","M","R","$","M","E","R","B",null,"M","$","?","?","M","R","E","?","T","M","E"],"character_chosen":"THE_SILENT","items_purchased":["Well Laid Plans","Dash","Tools of the Trade","Panacea"],"campfire_rested":4,"item_purchase_floors":[3,12,12,19],"current_hp_per_floor":[58,38,38,38,38,57,35,8,8,8,27,27,25,17,36,7,51,51,51,26,26,26,45,26,26,26,30,0],"gold":178,"neow_bonus":"RANDOM_COMMON_RELIC","is_prod":false,"is_daily":false,"chose_seed":false,"campfire_upgraded":0,"win_rate":0,"timestamp":1557625322,"path_taken":["M","?","$","?","?","R","?","E","T","?","R","$","M","E","R","BOSS","M","$","?","?","M","R","E","?","T","M","E"],"build_version":"2019-01-23","purchased_purges":1,"victory":false,"max_hp_per_floor":[66,66,66,66,66,66,66,66,66,66,66,66,66,66,66,66,66,66,66,66,66,66,66,66,66,66,70,70],"card_choices":[{"not_picked":["Caltrops","Deflect"],"picked":"Cloak And Dagger","floor":1},{"not_picked":["Dagger Spray","Catalyst"],"picked":"Expertise","floor":7},{"not_picked":["Underhanded Strike","Caltrops"],"picked":"PiercingWail","floor":8},{"not_picked":["Caltrops","Poisoned Stab"],"picked":"Infinite Blades","floor":10},{"not_picked":["Eviscerate","Underhanded Strike"],"picked":"Deflect","floor":10},{"not_picked":["Distraction","Outmaneuver"],"picked":"Acrobatics","floor":13},{"not_picked":["Eviscerate","Slice","Wraith Form v2"],"picked":"SKIP","floor":13},{"not_picked":["Flechettes","Caltrops"],"picked":"Storm of Steel","floor":14},{"not_picked":["Grand Finale","Glass Knife"],"picked":"Die Die Die","floor":16},{"not_picked":["Deflect","Outmaneuver"],"picked":"Dagger Throw","floor":18},{"not_picked":["Expertise","Dagger Throw"],"picked":"Underhanded Strike","floor":18},{"not_picked":["Acrobatics","All Out Attack"],"picked":"Blade Dance+1","floor":22},{"not_picked":["Dagger Throw","Deadly Poison","Crippling Poison"],"picked":"SKIP","floor":22},{"not_picked":["Flechettes","Grand Finale"],"picked":"Footwork","floor":24},{"not_picked":["Bane","Crippling Poison","Acrobatics"],"picked":"Singing Bowl","floor":27},{"not_picked":["Flying Knee","Dagger Spray","Deadly Poison"],"picked":"Singing Bowl","floor":27}],"player_experience":964397,"relics_obtained":[{"floor":7,"key":"Nunchaku"},{"floor":8,"key":"Prayer Wheel"},{"floor":9,"key":"Gremlin Horn"},{"floor":14,"key":"Juzu Bracelet"},{"floor":24,"key":"Singing Bowl"},{"floor":26,"key":"Bronze Scales"}],"event_choices":[{"damage_healed":0,"gold_gain":0,"player_choice":"Entered Light","damage_taken":20,"max_hp_gain":0,"max_hp_loss":0,"event_name":"Shining Light","floor":2,"gold_loss":0,"cards_upgraded":["Cloak And Dagger","Strike_G"]},{"damage_healed":0,"gold_gain":0,"cards_transformed":["Strike_G"],"player_choice":"Change","damage_taken":0,"max_hp_gain":0,"max_hp_loss":0,"event_name":"Living Wall","floor":4,"gold_loss":0,"cards_obtained":["Tactician"]},{"damage_healed":0,"gold_gain":0,"player_choice":"Take Wound","damage_taken":0,"relics_obtained":["Golden Idol"],"max_hp_gain":0,"max_hp_loss":0,"event_name":"Golden Idol","floor":5,"gold_loss":0,"cards_obtained":["Injury"]},{"damage_healed":0,"gold_gain":0,"player_choice":"Searched \u00271\u0027 times","damage_taken":0,"max_hp_gain":0,"max_hp_loss":0,"event_name":"Dead Adventurer","floor":7,"gold_loss":0},{"damage_healed":0,"gold_gain":0,"player_choice":"Fight","damage_taken":0,"max_hp_gain":0,"max_hp_loss":0,"event_name":"Colosseum","floor":20,"gold_loss":0},{"damage_healed":0,"gold_gain":0,"player_choice":"Fled From Nobs","damage_taken":0,"max_hp_gain":0,"max_hp_loss":0,"event_name":"Colosseum","floor":20,"gold_loss":0},{"damage_healed":0,"gold_gain":50,"player_choice":"Pray","damage_taken":0,"max_hp_gain":0,"max_hp_loss":0,"event_name":"Golden Shrine","floor":21,"gold_loss":0},{"damage_healed":0,"gold_gain":0,"cards_transformed":["Well Laid Plans"],"player_choice":"Transformed","damage_taken":0,"max_hp_gain":0,"max_hp_loss":0,"event_name":"Transmorgrifier","floor":25,"gold_loss":0,"cards_obtained":["Tools of the Trade"]}],"is_beta":false,"boss_relics":[{"not_picked":["Eternal Feather","Empty Cage"],"picked":"Runic Pyramid"}],"items_purged_floors":[19],"is_endless":false,"potions_floor_spawned":[1,8,13,16,20],"killed_by":"Book of Stabbing","ascension_level":15}