{"gold_per_floor":[109,79,91,91,104,104,134,154,181,112,147,166,194,194,194,194],"floor_reached":16,"playtime":733,"items_purged":[],"score":210,"play_id":"8f36f524-b958-4f2b-b678-2874aaea315f","local_time":"20190517233406","is_ascension_mode":true,"campfire_choices":[{"data":"Adrenaline","floor":6,"key":"SMITH"},{"data":"Catalyst","floor":15,"key":"SMITH"}],"neow_cost":"NONE","seed_source_timestamp":270881888930500,"circlet_count":0,"master_deck":["AscendersBane","Defend_G+1","Defend_G","Defend_G","Defend_G","Defend_G+1","Strike_G","Strike_G","Strike_G","Strike_G","Strike_G","Survivor","Neutralize","Adrenaline+1","Flying Knee","PiercingWail","Bane","Catalyst+1","Dash","Poisoned Stab","Parasite"],"relics":["Ring of the Snake","War Paint","Snake Skull","Juzu Bracelet","Orichalcum","Strawberry","The Specimen"],"potions_floor_usage":[7,11,16,16],"damage_taken":[{"damage":0,"enemies":"2 Louse","floor":1,"turns":4},{"damage":0,"enemies":"Cultist","floor":3,"turns":4},{"damage":0,"enemies":"Small Slimes","floor":5,"turns":4},{"damage":10,"enemies":"3 Sentries","floor":7,"turns":8},{"damage":1,"enemies":"Blue Slaver","floor":8,"turns":5},{"damage":16,"enemies":"Gremlin Nob","floor":11,"turns":6},{"damage":2,"enemies":"2 Fungi Beasts","floor":12,"turns":5},{"damage":11,"enemies":"3 Sentries","floor":13,"turns":10},{"damage":48,"enemies":"Hexaghost","floor":16,"turns":16}],"seed_played":"7849713698992886276","potions_obtained":[{"floor":2,"key":"GhostInAJar"},{"floor":2,"key":"PowerPotion"},{"floor":7,"key":"SpeedPotion"},{"floor":12,"key":"SteroidPotion"}],"is_trial":false,"path_per_floor":["M","?","M","?","M","R","E","M","T","$","E","M","E","?","R","B"],"character_chosen":"THE_SILENT","items_purchased":["Catalyst"],"campfire_rested":0,"item_purchase_floors":[10],"current_hp_per_floor":[59,59,59,59,59,59,49,48,48,48,39,37,26,44,44,0],"gold":194,"neow_bonus":"RANDOM_COMMON_RELIC","is_prod":false,"is_daily":false,"chose_seed":false,"campfire_upgraded":2,"win_rate":0,"timestamp":1558150446,"path_taken":["M","?","?","?","M","R","E","M","T","$","E","M","E","?","R","BOSS"],"build_version":"2019-01-23","purchased_purges":0,"victory":false,"max_hp_per_floor":[66,66,66,66,66,66,66,66,66,66,73,73,73,73,73,73],"card_choices":[{"not_picked":["Backflip","Dodge and Roll"],"picked":"Bane","floor":1},{"not_picked":["Sucker Punch","Dodge and Roll"],"picked":"Adrenaline","floor":3},{"not_picked":["Expertise","Underhanded Strike"],"picked":"Flying Knee","floor":5},{"not_picked":["Distraction","Backflip"],"picked":"PiercingWail","floor":7},{"not_picked":["Slice","Sucker Punch"],"picked":"Bane","floor":8},{"not_picked":["Cloak And Dagger","PiercingWail"],"picked":"Dash","floor":11},{"not_picked":["Acrobatics","Predator"],"picked":"Poisoned Stab","floor":12},{"not_picked":["Slice","Underhanded Strike","Flying Knee"],"picked":"SKIP","floor":13}],"player_experience":970278,"relics_obtained":[{"floor":7,"key":"Juzu Bracelet"},{"floor":9,"key":"Orichalcum"},{"floor":11,"key":"Strawberry"},{"floor":13,"key":"The Specimen"}],"event_choices":[{"damage_healed":0,"gold_gain":0,"player_choice":"Bought 2 Potions","damage_taken":0,"max_hp_gain":0,"max_hp_loss":0,"event_name":"The Woman in Blue","floor":2,"gold_loss":0},{"cards_removed":["Bane"],"damage_healed":0,"gold_gain":0,"player_choice":"Gave Card","damage_taken":0,"relics_obtained":["Snake Skull"],"max_hp_gain":0,"max_hp_loss":0,"event_name":"WeMeetAgain","floor":4,"gold_loss":0},{"damage_healed":18,"gold_gain":0,"player_choice":"Healed and dodged fight","damage_taken":0,"max_hp_gain":0,"max_hp_loss":0,"event_name":"Mushrooms","floor":14,"gold_loss":0,"cards_obtained":["Parasite"]}],"is_beta":false,"boss_relics":[],"items_purged_floors":[],"is_endless":false,"potions_floor_spawned":[7,8,12,13],"killed_by":"Hexaghost","ascension_level":15}