{"gold_per_floor":[116,127,49,49,16,16,31,59,82,160,190,190,169,188,188,259,259,259,259,141,141,141,141,141,141,141,141,141,141,141,141,141,141,141,141,141,141,141,141,141,141],"floor_reached":41,"playtime":1948,"items_purged":[],"score":865,"play_id":"667c9c9c-4f63-4662-b2f8-068394ebaa5b","local_time":"20190518224835","is_ascension_mode":true,"campfire_choices":[{"data":"Caltrops","floor":6,"key":"SMITH"},{"floor":15,"key":"REST"},{"floor":23,"key":"REST"},{"data":"Burst","floor":32,"key":"SMITH"}],"neow_cost":"NONE","seed_source_timestamp":353334893351400,"circlet_count":0,"master_deck":["AscendersBane","Defend_G","Defend_G","Defend_G","Defend_G","Defend_G","Strike_G","Strike_G","Strike_G","Strike_G","Strike_G","Survivor","Neutralize","Dagger Spray+1","Poisoned Stab","Sucker Punch","PiercingWail","Caltrops+1","Footwork","Underhanded Strike","Corpse Explosion","Well Laid Plans","Burst+1","Dash","Backflip","Footwork+1","Dodge and Roll","Catalyst","Deadly Poison+1","Poisoned Stab","Terror","Noxious Fumes","Skewer+1","Escape Plan","Crippling Poison","Calculated Gamble+1"],"relics":["Ring of the Snake","Juzu Bracelet","Happy Flower","Vajra","Bottled Lightning","Ectoplasm","Unceasing Top","Sundial","Bottled Tornado","Nunchaku","Fusion Hammer","Shovel","Mango","Dodecahedron"],"potions_floor_usage":[8,8,16,24,33,39,40,41],"damage_taken":[{"damage":1,"enemies":"Jaw Worm","floor":1,"turns":5},{"damage":3,"enemies":"Cultist","floor":2,"turns":5},{"damage":0,"enemies":"Small Slimes","floor":7,"turns":3},{"damage":14,"enemies":"Lagavulin","floor":8,"turns":8},{"damage":24,"enemies":"Gremlin Nob","floor":11,"turns":5},{"damage":0,"enemies":"2 Fungi Beasts","floor":14,"turns":3},{"damage":17,"enemies":"The Guardian","floor":16,"turns":10},{"damage":22,"enemies":"Spheric Guardian","floor":18,"turns":5},{"damage":3,"enemies":"Chosen","floor":19,"turns":5},{"damage":9,"enemies":"Slavers","floor":24,"turns":3},{"damage":13,"enemies":"Centurion and Healer","floor":25,"turns":7},{"damage":4,"enemies":"Gremlin Leader","floor":27,"turns":9},{"damage":0,"enemies":"Cultist and Chosen","floor":28,"turns":3},{"damage":0,"enemies":"Snake Plant","floor":30,"turns":4},{"damage":0,"enemies":"Snecko","floor":31,"turns":5},{"damage":16,"enemies":"Collector","floor":33,"turns":9},{"damage":1,"enemies":"3 Shapes","floor":35,"turns":4},{"damage":1,"enemies":"Orb Walker","floor":36,"turns":4},{"damage":0,"enemies":"Mind Bloom Boss Battle","floor":37,"turns":7},{"damage":14,"enemies":"2 Orb Walkers","floor":39,"turns":3},{"damage":37,"enemies":"Reptomancer","floor":40,"turns":7},{"damage":21,"enemies":"3 Darklings","floor":41,"turns":2}],"seed_played":"6707243917335838425","potions_obtained":[{"floor":2,"key":"AttackPotion"},{"floor":7,"key":"Block Potion"},{"floor":11,"key":"Strength Potion"},{"floor":18,"key":"LiquidBronze"},{"floor":27,"key":"Dexterity Potion"},{"floor":31,"key":"SkillPotion"},{"floor":33,"key":"Fire Potion"},{"floor":40,"key":"Regen Potion"}],"is_trial":false,"path_per_floor":["M","M","$","?","$","R","M","E","T","?","E","?","?","M","R","B",null,"M","M","$","?","?","R","E","M","T","E","M","?","M","M","R","B",null,"M","M","?","?","?","E","M"],"character_chosen":"THE_SILENT","items_purchased":["Sucker Punch","PiercingWail","Caltrops","Footwork","Dodge and Roll"],"campfire_rested":2,"item_purchase_floors":[3,3,5,20,20],"current_hp_per_floor":[58,55,55,55,55,55,55,41,41,41,17,17,17,17,36,19,54,32,29,29,29,29,48,39,26,26,22,22,22,22,22,22,6,51,50,49,49,49,49,12,0],"gold":141,"neow_bonus":"RANDOM_COMMON_RELIC","is_prod":false,"is_daily":false,"chose_seed":false,"campfire_upgraded":2,"win_rate":0,"timestamp":1558234115,"path_taken":["M","M","$","?","?","R","M","E","T","?","E","?","?","M","R","BOSS","M","M","$","?","?","R","E","M","T","E","M","?","M","M","R","BOSS","M","M","?","?","?","E","M"],"build_version":"2019-01-23","purchased_purges":0,"victory":false,"max_hp_per_floor":[66,66,66,66,66,66,66,66,66,66,66,66,66,66,66,66,66,66,66,66,66,66,66,66,66,66,66,66,66,66,66,66,66,66,66,66,66,66,80,80,80],"card_choices":[{"not_picked":["Slice","Acrobatics"],"picked":"Dagger Spray","floor":1},{"not_picked":["Outmaneuver","Flying Knee"],"picked":"Poisoned Stab","floor":2},{"not_picked":["Flying Knee","Eviscerate"],"picked":"Footwork","floor":7},{"not_picked":["Storm of Steel","Dodge and Roll"],"picked":"Underhanded Strike","floor":8},{"not_picked":["Outmaneuver","Backflip"],"picked":"Corpse Explosion","floor":11},{"not_picked":["Tactician","Masterful Stab"],"picked":"Well Laid Plans","floor":14},{"not_picked":["Night Terror","A Thousand Cuts"],"picked":"Burst","floor":16},{"not_picked":["Sucker Punch","Masterful Stab"],"picked":"Dash","floor":18},{"not_picked":["Acrobatics","Flying Knee"],"picked":"Backflip","floor":19},{"not_picked":["All Out Attack","Flechettes+1"],"picked":"Catalyst","floor":24},{"not_picked":["Crippling Poison","Dagger Spray+1"],"picked":"Deadly Poison+1","floor":25},{"not_picked":["Tactician","Choke","Skewer+1"],"picked":"SKIP","floor":27},{"not_picked":["Blade Dance","Tactician","Underhanded Strike"],"picked":"SKIP","floor":28},{"not_picked":["Quick Slash","Acrobatics"],"picked":"Poisoned Stab","floor":30},{"not_picked":["Backflip","Outmaneuver"],"picked":"Terror","floor":31},{"not_picked":["Backflip+1","Acrobatics"],"picked":"Noxious Fumes","floor":35},{"not_picked":["Sucker Punch","Slice"],"picked":"Skewer+1","floor":36},{"not_picked":["Acrobatics","Dodge and Roll"],"picked":"Escape Plan","floor":37},{"not_picked":["Dagger Spray","Choke"],"picked":"Crippling Poison","floor":39},{"not_picked":["Skewer","PiercingWail"],"picked":"Calculated Gamble+1","floor":40}],"player_experience":971011,"relics_obtained":[{"floor":8,"key":"Happy Flower"},{"floor":9,"key":"Vajra"},{"floor":11,"key":"Bottled Lightning"},{"floor":24,"key":"Sundial"},{"floor":26,"key":"Bottled Tornado"},{"floor":27,"key":"Nunchaku"},{"floor":37,"key":"Shovel"},{"floor":39,"key":"Mango"},{"floor":40,"key":"Dodecahedron"}],"event_choices":[{"damage_healed":0,"gold_gain":0,"player_choice":"Upgraded","damage_taken":0,"max_hp_gain":0,"max_hp_loss":0,"event_name":"Upgrade Shrine","floor":4,"gold_loss":0,"cards_upgraded":["Dagger Spray"]},{"damage_healed":0,"gold_gain":78,"player_choice":"Gained Gold","damage_taken":0,"max_hp_gain":0,"max_hp_loss":0,"event_name":"Golden Wing","floor":10,"gold_loss":0},{"damage_healed":0,"gold_gain":0,"player_choice":"Ignored","damage_taken":0,"max_hp_gain":0,"max_hp_loss":0,"event_name":"Liars Game","floor":12,"gold_loss":0},{"damage_healed":0,"gold_gain":0,"player_choice":"Left Gold","damage_taken":0,"max_hp_gain":0,"max_hp_loss":0,"event_name":"World of Goop","floor":13,"gold_loss":21},{"damage_healed":0,"gold_gain":0,"player_choice":"Forge","damage_taken":0,"max_hp_gain":0,"max_hp_loss":0,"event_name":"Accursed Blacksmith","floor":21,"gold_loss":0,"cards_upgraded":["Footwork"]},{"damage_healed":0,"gold_gain":0,"player_choice":"Opened","damage_taken":0,"relics_obtained":["Unceasing Top"],"max_hp_gain":0,"max_hp_loss":0,"event_name":"The Mausoleum","floor":22,"gold_loss":0},{"damage_healed":0,"gold_gain":0,"player_choice":"Ignored","damage_taken":0,"max_hp_gain":0,"max_hp_loss":0,"event_name":"Vampires","floor":29,"gold_loss":0},{"damage_healed":0,"gold_gain":0,"player_choice":"Fight","damage_taken":0,"max_hp_gain":0,"max_hp_loss":0,"event_name":"MindBloom","floor":37,"gold_loss":0},{"damage_healed":0,"gold_gain":0,"player_choice":"Ignored","damage_taken":0,"max_hp_gain":0,"max_hp_loss":0,"event_name":"Tomb of Lord Red Mask","floor":38,"gold_loss":0},{"damage_healed":0,"gold_gain":0,"player_choice":"Fight","damage_taken":0,"max_hp_gain":0,"max_hp_loss":0,"event_name":"Mysterious Sphere","floor":39,"gold_loss":0}],"is_beta":false,"boss_relics":[{"not_picked":["Runic Dome","HoveringKite"],"picked":"Ectoplasm"},{"not_picked":["Eternal Feather","Coffee Dripper"],"picked":"Fusion Hammer"}],"items_purged_floors":[],"is_endless":false,"potions_floor_spawned":[2,7,11,18,27,31,33,36,40],"killed_by":"3 Darklings","ascension_level":14}