{"gold_per_floor":[12,26,44,44,14,45,45,60,85,85,48,123,123,2,2,79,79,94,94,94,94,112,137,137,170,196,228,228,13,13,26,26,26],"floor_reached":33,"playtime":1271,"items_purged":[],"score":508,"play_id":"2473f650-b028-471e-b925-911038a3ecb1","local_time":"20190526000406","is_ascension_mode":true,"campfire_choices":[{"floor":7,"key":"REST"},{"data":"Cloak And Dagger","floor":10,"key":"SMITH"},{"data":"Cloak And Dagger","floor":15,"key":"SMITH"},{"data":"Accuracy","floor":24,"key":"SMITH"},{"floor":28,"key":"REST"},{"data":"Accuracy","floor":32,"key":"SMITH"}],"neow_cost":"NO_GOLD","seed_source_timestamp":471681435686900,"circlet_count":0,"master_deck":["AscendersBane","Defend_G","Defend_G","Defend_G","Defend_G","Defend_G","Strike_G","Strike_G","Survivor","Neutralize","Well Laid Plans","Accuracy","Dodge and Roll","Terror","Dagger Spray","Die Die Die","Cloak And Dagger+1","Accuracy+1","Accuracy+1","Cloak And Dagger+1","After Image","Blade Dance","Neutralize","Blur","Finisher","PiercingWail","A Thousand Cuts","Escape Plan","A Thousand Cuts","Masterful Stab","Blade Dance"],"relics":["Ring of the Snake","Bag of Preparation","Potion Belt","Lizard Tail","Juzu Bracelet","Matryoshka","Oddly Smooth Stone","Bronze Scales","Gremlin Horn"],"potions_floor_usage":[6,23,23,25,25],"damage_taken":[{"damage":4,"enemies":"Small Slimes","floor":1,"turns":5},{"damage":8,"enemies":"2 Louse","floor":2,"turns":3},{"damage":5,"enemies":"Jaw Worm","floor":3,"turns":6},{"damage":3,"enemies":"Looter","floor":5,"turns":4},{"damage":47,"enemies":"Gremlin Nob","floor":6,"turns":7},{"damage":0,"enemies":"2 Fungi Beasts","floor":8,"turns":2},{"damage":12,"enemies":"The Guardian","floor":16,"turns":12},{"damage":13,"enemies":"Chosen","floor":18,"turns":6},{"damage":6,"enemies":"Spheric Guardian","floor":22,"turns":4},{"damage":22,"enemies":"Slavers","floor":23,"turns":5},{"damage":19,"enemies":"Book of Stabbing","floor":25,"turns":6},{"damage":34,"enemies":"Slavers","floor":27,"turns":8},{"damage":12,"enemies":"Snake Plant","floor":31,"turns":5},{"damage":48,"enemies":"Champ","floor":33,"turns":12}],"seed_played":"-3500135634741004354","potions_obtained":[{"floor":1,"key":"SkillPotion"},{"floor":2,"key":"GamblersBrew"},{"floor":16,"key":"SpeedPotion"},{"floor":18,"key":"SteroidPotion"},{"floor":22,"key":"AttackPotion"}],"is_trial":false,"path_per_floor":["M","M","M","?","M","E","R","M","T","R","$","?","?","$","R","B",null,"M","?","?","?","M","E","R","E","T","E","R","$","?","M","R","B"],"character_chosen":"THE_SILENT","items_purchased":["Accuracy","Accuracy","Cloak And Dagger","A Thousand Cuts","Escape Plan"],"campfire_rested":2,"item_purchase_floors":[11,14,14,29,29],"current_hp_per_floor":[67,59,54,54,51,4,27,27,27,27,27,16,42,42,42,30,66,53,38,65,65,59,37,37,18,18,28,52,52,52,40,40,0],"gold":26,"neow_bonus":"TWENTY_PERCENT_HP_BONUS","is_prod":false,"is_daily":false,"chose_seed":false,"campfire_upgraded":4,"win_rate":0,"timestamp":1558843446,"path_taken":["M","M","M","?","M","E","R","M","T","R","$","?","?","$","R","BOSS","M","?","?","?","M","E","R","E","T","E","R","$","?","M","R","BOSS"],"build_version":"2019-01-23","purchased_purges":0,"victory":false,"max_hp_per_floor":[78,78,78,78,78,78,78,78,78,78,78,78,78,78,78,78,78,78,83,83,83,83,83,83,83,83,83,83,83,83,83,83,83],"card_choices":[{"not_picked":["Slice","Underhanded Strike"],"picked":"Well Laid Plans","floor":1},{"not_picked":["Underhanded Strike","Slice"],"picked":"Accuracy","floor":2},{"not_picked":["Masterful Stab","Outmaneuver"],"picked":"Dodge and Roll","floor":3},{"not_picked":["Outmaneuver","Underhanded Strike"],"picked":"Dagger Spray","floor":5},{"not_picked":["Poisoned Stab","Dodge and Roll"],"picked":"Die Die Die","floor":6},{"not_picked":["Choke","All Out Attack"],"picked":"Cloak And Dagger","floor":8},{"not_picked":["Burst","Glass Knife"],"picked":"After Image","floor":16},{"not_picked":["Terror+1","Well Laid Plans"],"picked":"Blade Dance","floor":18},{"not_picked":["Dash","Quick Slash"],"picked":"Blur","floor":22},{"not_picked":["Concentrate","Poisoned Stab"],"picked":"Finisher","floor":23},{"not_picked":["Reflex","Crippling Poison","Flying Knee"],"picked":"SKIP","floor":25},{"not_picked":["Quick Slash","Distraction"],"picked":"PiercingWail","floor":27},{"not_picked":["Acrobatics+1","Choke"],"picked":"Blade Dance","floor":31}],"player_experience":979036,"relics_obtained":[{"floor":6,"key":"Bag of Preparation"},{"floor":9,"key":"Potion Belt"},{"floor":23,"key":"Juzu Bracelet"},{"floor":25,"key":"Matryoshka"},{"floor":26,"key":"Oddly Smooth Stone"},{"floor":26,"key":"Bronze Scales"},{"floor":27,"key":"Gremlin Horn"}],"event_choices":[{"damage_healed":0,"gold_gain":0,"cards_transformed":["Strike_G"],"player_choice":"Change","damage_taken":0,"max_hp_gain":0,"max_hp_loss":0,"event_name":"Living Wall","floor":4,"gold_loss":0,"cards_obtained":["Terror"]},{"damage_healed":0,"gold_gain":75,"player_choice":"Gather Gold","damage_taken":11,"max_hp_gain":0,"max_hp_loss":0,"event_name":"World of Goop","floor":12,"gold_loss":0},{"damage_healed":26,"gold_gain":0,"player_choice":"Banana","damage_taken":0,"max_hp_gain":0,"max_hp_loss":0,"event_name":"Big Fish","floor":13,"gold_loss":0},{"damage_healed":0,"gold_gain":0,"player_choice":"Shed Blood","damage_taken":20,"max_hp_gain":5,"max_hp_loss":0,"event_name":"Forgotten Altar","floor":19,"gold_loss":0},{"damage_healed":27,"gold_gain":0,"player_choice":"Heal","damage_taken":0,"max_hp_gain":0,"max_hp_loss":0,"event_name":"The Library","floor":20,"gold_loss":0},{"damage_healed":0,"gold_gain":0,"player_choice":"1 cards matched","damage_taken":0,"max_hp_gain":0,"max_hp_loss":0,"event_name":"Match and Keep!","floor":21,"gold_loss":0,"cards_obtained":["Neutralize"]},{"damage_healed":0,"gold_gain":0,"cards_transformed":["Strike_G","Strike_G"],"player_choice":"Became Test Subject","damage_taken":0,"max_hp_gain":0,"max_hp_loss":0,"event_name":"Drug Dealer","floor":30,"gold_loss":0,"cards_obtained":["A Thousand Cuts","Masterful Stab"]}],"is_beta":false,"boss_relics":[{"not_picked":["HoveringKite","Tiny House"],"picked":"Lizard Tail"}],"items_purged_floors":[],"is_endless":false,"potions_floor_spawned":[1,2,16,18,22],"killed_by":"Champ","ascension_level":14}