{"gold_per_floor":[117,129,88,88,53,81,81,81,81,81],"floor_reached":10,"playtime":364,"items_purged":[],"score":109,"play_id":"a64c358d-9c3f-4eda-bd2b-818fe3070b95","local_time":"20190609224045","is_ascension_mode":true,"campfire_choices":[{"floor":7,"key":"REST"}],"neow_cost":"PERCENT_DAMAGE","seed_source_timestamp":379528815513700,"circlet_count":0,"master_deck":["AscendersBane","Defend_G","Defend_G","Defend_G","Defend_G","Defend_G","Strike_G","Strike_G","Strike_G","Strike_G","Survivor","Neutralize","Malaise","Blade Dance","Dagger Spray","Footwork","Tactician","Night Terror"],"relics":["Ring of the Snake","Bottled Lightning","Question Card"],"potions_floor_usage":[6],"damage_taken":[{"damage":23,"enemies":"Jaw Worm","floor":1,"turns":8},{"damage":0,"enemies":"2 Louse","floor":2,"turns":4},{"damage":45,"enemies":"3 Sentries","floor":6,"turns":15},{"damage":57,"enemies":"Gremlin Nob","floor":10,"turns":7}],"seed_played":"2858208304878104893","potions_obtained":[{"floor":2,"key":"Fire Potion"}],"is_trial":false,"path_per_floor":["M","M","$","?","?","E","R","?","T","?"],"character_chosen":"THE_SILENT","items_purchased":["Footwork"],"campfire_rested":1,"item_purchase_floors":[3],"current_hp_per_floor":[21,21,21,43,59,14,33,33,33,0],"gold":81,"neow_bonus":"THREE_RARE_CARDS","is_prod":false,"is_daily":false,"chose_seed":false,"campfire_upgraded":0,"win_rate":0,"timestamp":1560134445,"path_taken":["M","M","$","?","?","E","R","?","T","?"],"build_version":"2019-01-23","purchased_purges":0,"victory":false,"max_hp_per_floor":[66,66,66,66,66,66,66,66,66,66],"card_choices":[{"not_picked":["Adrenaline","Envenom"],"picked":"Malaise","floor":0},{"not_picked":["Finisher","Deadly Poison"],"picked":"Blade Dance","floor":1},{"not_picked":["Sucker Punch","Deadly Poison"],"picked":"Dagger Spray","floor":2},{"not_picked":["Prepared","Flechettes"],"picked":"Tactician","floor":6}],"player_experience":981906,"relics_obtained":[{"floor":6,"key":"Bottled Lightning"},{"floor":9,"key":"Question Card"}],"event_choices":[{"damage_healed":22,"gold_gain":0,"player_choice":"Banana","damage_taken":0,"max_hp_gain":0,"max_hp_loss":0,"event_name":"Big Fish","floor":4,"gold_loss":0},{"damage_healed":16,"gold_gain":0,"player_choice":"Healed","damage_taken":0,"max_hp_gain":0,"max_hp_loss":0,"event_name":"The Cleric","floor":5,"gold_loss":35},{"damage_healed":0,"gold_gain":0,"cards_transformed":["Strike_G"],"player_choice":"Change","damage_taken":0,"max_hp_gain":0,"max_hp_loss":0,"event_name":"Living Wall","floor":8,"gold_loss":0,"cards_obtained":["Night Terror"]},{"damage_healed":0,"gold_gain":0,"player_choice":"Searched \u00271\u0027 times","damage_taken":0,"max_hp_gain":0,"max_hp_loss":0,"event_name":"Dead Adventurer","floor":10,"gold_loss":0}],"is_beta":false,"boss_relics":[],"items_purged_floors":[],"is_endless":false,"potions_floor_spawned":[2],"killed_by":"Gremlin Nob","ascension_level":14}