{"gold_per_floor":[111,111,125,145,145,170,67,67],"floor_reached":8,"playtime":1786,"items_purged":[],"score":95,"play_id":"c1caa3d9-e45a-4ce1-92f8-26b3f38d3e05","local_time":"20190613222659","is_ascension_mode":true,"campfire_choices":[],"neow_cost":"CURSE","seed_source_timestamp":95635656978400,"circlet_count":0,"master_deck":["AscendersBane","Defend_G","Defend_G","Defend_G","Defend_G","Defend_G","Strike_G","Strike_G","Strike_G","Strike_G","Strike_G","Survivor","Neutralize","Sucker Punch","Footwork","Poisoned Stab","Blur","Dagger Throw","Accuracy"],"relics":["Ring of the Snake","Torii","FaceOfCleric","Ginger"],"potions_floor_usage":[6,8],"damage_taken":[{"damage":2,"enemies":"Small Slimes","floor":1,"turns":4},{"damage":0,"enemies":"Cultist","floor":3,"turns":4},{"damage":0,"enemies":"Jaw Worm","floor":4,"turns":8},{"damage":17,"enemies":"3 Sentries","floor":6,"turns":15},{"damage":44,"enemies":"Gremlin Nob","floor":8,"turns":4}],"seed_played":"-9184731287899956701","potions_obtained":[{"floor":3,"key":"SteroidPotion"},{"floor":4,"key":"EssenceOfSteel"}],"is_trial":false,"path_per_floor":["M","?","M","M","?","E","$","E"],"character_chosen":"THE_SILENT","items_purchased":["Dagger Throw","Accuracy"],"campfire_rested":0,"item_purchase_floors":[7,7],"current_hp_per_floor":[57,57,58,59,59,43,43,0],"gold":67,"neow_bonus":"ONE_RARE_RELIC","is_prod":false,"is_daily":false,"chose_seed":false,"campfire_upgraded":0,"win_rate":0,"timestamp":1560479219,"path_taken":["M","?","?","M","?","E","$","E"],"build_version":"2019-01-23","purchased_purges":0,"victory":false,"max_hp_per_floor":[66,66,67,68,65,66,66,66],"card_choices":[{"not_picked":["Riddle With Holes","Deflect"],"picked":"Sucker Punch","floor":1},{"not_picked":["Backstab","Setup"],"picked":"Footwork","floor":3},{"not_picked":["Underhanded Strike","Masterful Stab"],"picked":"Poisoned Stab","floor":4},{"not_picked":["Sucker Punch","Backflip"],"picked":"Blur","floor":6}],"player_experience":983238,"relics_obtained":[{"floor":6,"key":"Ginger"}],"event_choices":[{"damage_healed":0,"gold_gain":0,"player_choice":"Trade","damage_taken":0,"relics_obtained":["FaceOfCleric"],"max_hp_gain":0,"max_hp_loss":0,"event_name":"FaceTrader","floor":2,"gold_loss":0},{"cards_removed":["Parasite"],"damage_healed":0,"gold_gain":0,"player_choice":"Forget","damage_taken":0,"max_hp_gain":0,"max_hp_loss":0,"event_name":"Living Wall","floor":5,"gold_loss":0}],"is_beta":false,"boss_relics":[],"items_purged_floors":[],"is_endless":false,"potions_floor_spawned":[3,4],"killed_by":"Gremlin Nob","ascension_level":14}