{"gold_per_floor":[118,131,131,81,81,81,124,147,171,210,210,174,174,40,40,135,135,135],"floor_reached":18,"playtime":569,"items_purged":[],"score":325,"play_id":"13bbfc7e-6eb4-4f19-a3f7-ab9489dfa196","local_time":"20190619212534","is_ascension_mode":true,"campfire_choices":[{"data":"Catalyst","floor":6,"key":"SMITH"},{"floor":13,"key":"REST"},{"data":"Panacea","floor":15,"key":"SMITH"}],"neow_cost":"NONE","seed_source_timestamp":169447681087100,"circlet_count":0,"master_deck":["AscendersBane","Defend_G","Defend_G","Defend_G","Defend_G","Defend_G","Strike_G","Strike_G","Strike_G","Strike_G","Survivor","Neutralize","Escape Plan","Catalyst+1","Quick Slash","Bane","Crippling Poison","Distraction","Panacea+1","Night Terror"],"relics":["Ring of the Snake","NeowsBlessing","Golden Idol","Lantern","Happy Flower","Mummified Hand","Strawberry","Snecko Eye"],"potions_floor_usage":[10,10,16],"damage_taken":[{"damage":0,"enemies":"Jaw Worm","floor":1,"turns":1},{"damage":0,"enemies":"2 Louse","floor":2,"turns":2},{"damage":0,"enemies":"Gremlin Nob","floor":7,"turns":1},{"damage":0,"enemies":"Cultist","floor":8,"turns":4},{"damage":56,"enemies":"Lagavulin","floor":10,"turns":9},{"damage":28,"enemies":"The Guardian","floor":16,"turns":12},{"damage":64,"enemies":"Spheric Guardian","floor":18,"turns":11}],"seed_played":"542479141457464401","potions_obtained":[{"floor":2,"key":"Regen Potion"},{"floor":7,"key":"LiquidBronze"},{"floor":10,"key":"PowerPotion"},{"floor":16,"key":"PowerPotion"}],"is_trial":false,"path_per_floor":["M","M","?","?","?","R","E","M","T","E","?","?","R","$","R","B",null,"M"],"character_chosen":"THE_SILENT","items_purchased":["Distraction","Panacea"],"campfire_rested":1,"item_purchase_floors":[14,14],"current_hp_per_floor":[59,59,59,59,59,59,59,59,59,12,19,19,40,40,40,12,58,0],"gold":135,"neow_bonus":"THREE_ENEMY_KILL","is_prod":false,"is_daily":false,"chose_seed":false,"campfire_upgraded":2,"win_rate":0,"timestamp":1560993934,"path_taken":["M","M","?","?","?","R","E","?","T","E","?","?","R","$","R","BOSS","M"],"build_version":"2019-01-23","purchased_purges":0,"victory":false,"max_hp_per_floor":[66,66,66,66,66,66,66,66,66,66,73,73,73,73,73,73,73,73],"card_choices":[{"not_picked":["Slice","Dodge and Roll"],"picked":"Escape Plan","floor":1},{"not_picked":["Flying Knee","Bane"],"picked":"Catalyst","floor":2},{"not_picked":["Predator","Prepared"],"picked":"Quick Slash","floor":7},{"not_picked":["Blade Dance","Riddle With Holes"],"picked":"Bane","floor":8},{"not_picked":["Bane","Blur"],"picked":"Crippling Poison","floor":10},{"not_picked":["Wraith Form v2","After Image"],"picked":"Night Terror","floor":16}],"player_experience":986293,"relics_obtained":[{"floor":7,"key":"Lantern"},{"floor":9,"key":"Happy Flower"},{"floor":10,"key":"Mummified Hand"}],"event_choices":[{"damage_healed":0,"gold_gain":0,"player_choice":"Take Wound","damage_taken":0,"relics_obtained":["Golden Idol"],"max_hp_gain":0,"max_hp_loss":0,"event_name":"Golden Idol","floor":3,"gold_loss":0,"cards_obtained":["Injury"]},{"cards_removed":["Injury"],"damage_healed":0,"gold_gain":0,"player_choice":"Card Removal","damage_taken":0,"max_hp_gain":0,"max_hp_loss":0,"event_name":"The Cleric","floor":4,"gold_loss":50},{"cards_removed":["Strike_G"],"damage_healed":0,"gold_gain":0,"player_choice":"Purged","damage_taken":0,"max_hp_gain":0,"max_hp_loss":0,"event_name":"Purifier","floor":5,"gold_loss":0},{"damage_healed":0,"gold_gain":0,"player_choice":"Searched \u00271\u0027 times","damage_taken":0,"relics_obtained":["Strawberry"],"max_hp_gain":0,"max_hp_loss":0,"event_name":"Dead Adventurer","floor":11,"gold_loss":0},{"damage_healed":0,"gold_gain":0,"player_choice":"Left Gold","damage_taken":0,"max_hp_gain":0,"max_hp_loss":0,"event_name":"World of Goop","floor":12,"gold_loss":36}],"is_beta":false,"boss_relics":[{"not_picked":["Ring of the Serpent","Busted Crown"],"picked":"Snecko Eye"}],"items_purged_floors":[],"is_endless":false,"potions_floor_spawned":[2,7,10,16],"killed_by":"Spheric Guardian","ascension_level":14}