{"gold_per_floor":[112,92,106,22,22,53,53,53,106,123,123,140,140,170,170,244,244,244,244,28,28,0,0,0,0,0,0,0],"floor_reached":28,"playtime":652,"items_purged":[],"score":488,"play_id":"2135a451-48c4-4e8e-9115-37274e20394a","local_time":"20190613223802","is_ascension_mode":true,"campfire_choices":[{"data":"Cloak And Dagger","floor":7,"key":"SMITH"},{"data":"Finisher","floor":11,"key":"SMITH"},{"data":"Blade Dance","floor":13,"key":"SMITH"},{"floor":15,"key":"REST"},{"data":"Caltrops","floor":24,"key":"SMITH"}],"neow_cost":"NONE","seed_source_timestamp":97431831413400,"circlet_count":0,"master_deck":["AscendersBane","Defend_G","Defend_G","Defend_G","Defend_G","Defend_G","Strike_G","Strike_G","Strike_G","Strike_G","Strike_G","Survivor","Neutralize","Escape Plan","Acrobatics","Infinite Blades","Dagger Throw","Cloak And Dagger+1","Finisher+1","Blade Dance+1","Envenom","Die Die Die","Deflect","Caltrops+1","PiercingWail","Calculated Gamble","Phantasmal Killer"],"relics":["Ring of the Snake","NeowsBlessing","Darkstone Periapt","Pen Nib","PreservedInsect","Bottled Flame","Ectoplasm","Toolbox","Happy Flower","Regal Pillow","Art of War"],"potions_floor_usage":[6,14,14,28],"damage_taken":[{"damage":0,"enemies":"Jaw Worm","floor":1,"turns":1},{"damage":0,"enemies":"Cultist","floor":3,"turns":1},{"damage":0,"enemies":"Gremlin Nob","floor":6,"turns":1},{"damage":6,"enemies":"2 Louse","floor":10,"turns":4},{"damage":9,"enemies":"2 Fungi Beasts","floor":12,"turns":3},{"damage":2,"enemies":"3 Sentries","floor":14,"turns":3},{"damage":23,"enemies":"Hexaghost","floor":16,"turns":9},{"damage":6,"enemies":"Spheric Guardian","floor":18,"turns":3},{"damage":23,"enemies":"Slavers","floor":23,"turns":5},{"damage":20,"enemies":"Book of Stabbing","floor":25,"turns":4},{"damage":1,"enemies":"3 Byrds","floor":27,"turns":3},{"damage":15,"enemies":"Gremlin Leader","floor":28,"turns":3}],"seed_played":"-1500366222822877374","potions_obtained":[{"floor":1,"key":"Dexterity Potion"},{"floor":2,"key":"Poison Potion"},{"floor":10,"key":"Strength Potion"},{"floor":27,"key":"Block Potion"}],"is_trial":false,"path_per_floor":["M","?","M","$","?","E","R","$","T","M","R","M","R","E","R","B",null,"M","?","$","?","?","E","R","E","T","M","E"],"character_chosen":"THE_SILENT","items_purchased":["Infinite Blades","Dagger Throw","Toolbox","PiercingWail"],"campfire_rested":1,"item_purchase_floors":[4,4,20,20],"current_hp_per_floor":[59,59,59,59,52,52,52,52,52,46,46,37,37,35,54,31,57,51,51,51,51,51,28,28,8,8,7,0],"gold":0,"neow_bonus":"THREE_ENEMY_KILL","is_prod":false,"is_daily":false,"chose_seed":false,"campfire_upgraded":4,"win_rate":0,"timestamp":1560479882,"path_taken":["M","?","M","?","?","E","R","$","T","M","R","M","R","E","R","BOSS","M","?","$","?","?","E","R","E","T","M","E"],"build_version":"2019-01-23","purchased_purges":0,"victory":false,"max_hp_per_floor":[66,66,66,66,66,66,66,66,66,66,66,66,66,66,66,66,66,66,66,66,66,66,66,66,66,66,66,66],"card_choices":[{"not_picked":["Dagger Throw","Predator"],"picked":"Escape Plan","floor":1},{"not_picked":["Choke","Dodge and Roll"],"picked":"Acrobatics","floor":3},{"not_picked":["Setup","Flying Knee"],"picked":"Cloak And Dagger","floor":6},{"not_picked":["Dagger Spray","Storm of Steel"],"picked":"Finisher","floor":10},{"not_picked":["Reflex","Dagger Throw"],"picked":"Blade Dance","floor":12},{"not_picked":["Prepared","Eviscerate"],"picked":"Envenom","floor":14},{"not_picked":["Grand Finale","Wraith Form v2"],"picked":"Die Die Die","floor":16},{"not_picked":["Quick Slash","Poisoned Stab+1"],"picked":"Deflect","floor":18},{"not_picked":["Well Laid Plans","Dagger Throw"],"picked":"Calculated Gamble","floor":23},{"not_picked":["Dodge and Roll","Underhanded Strike"],"picked":"Phantasmal Killer","floor":25},{"not_picked":["Dodge and Roll","Deadly Poison","Expertise"],"picked":"SKIP","floor":27}],"player_experience":985024,"relics_obtained":[{"floor":6,"key":"Pen Nib"},{"floor":9,"key":"PreservedInsect"},{"floor":14,"key":"Bottled Flame"},{"floor":23,"key":"Happy Flower"},{"floor":25,"key":"Regal Pillow"},{"floor":26,"key":"Art of War"}],"event_choices":[{"damage_healed":0,"gold_gain":0,"player_choice":"Bought 1 Potion","damage_taken":0,"max_hp_gain":0,"max_hp_loss":0,"event_name":"The Woman in Blue","floor":2,"gold_loss":0},{"damage_healed":0,"gold_gain":0,"player_choice":"Success","damage_taken":7,"relics_obtained":["Darkstone Periapt"],"max_hp_gain":0,"max_hp_loss":0,"event_name":"Scrap Ooze","floor":5,"gold_loss":0},{"damage_healed":0,"gold_gain":0,"player_choice":"Read","damage_taken":0,"max_hp_gain":0,"max_hp_loss":0,"event_name":"The Library","floor":19,"gold_loss":0,"cards_obtained":["Caltrops"]},{"damage_healed":0,"gold_gain":0,"player_choice":"Ignored","damage_taken":0,"max_hp_gain":0,"max_hp_loss":0,"event_name":"Beggar","floor":21,"gold_loss":0},{"damage_healed":0,"gold_gain":0,"player_choice":"Paid Fearfully","damage_taken":0,"max_hp_gain":0,"max_hp_loss":0,"event_name":"Masked Bandits","floor":22,"gold_loss":28}],"is_beta":false,"boss_relics":[{"not_picked":["Coffee Dripper","Empty Cage"],"picked":"Ectoplasm"}],"items_purged_floors":[],"is_endless":false,"potions_floor_spawned":[1,10,12,27],"killed_by":"Gremlin Leader","ascension_level":14}