{"gold_per_floor":[14,31,31,41,58,90,90,90,171,185,150,150,168,179,179,256,256,275,288,387,387,164,164,194,134,134,146,192,23,23,53,53,130,130,141,159,206,221,221],"floor_reached":39,"playtime":1599,"items_purged":[],"score":758,"play_id":"14938232-8839-4d8a-b429-ba201e49abb8","local_time":"20190609223430","is_ascension_mode":true,"campfire_choices":[{"data":"Noxious Fumes","floor":7.0,"key":"SMITH"},{"floor":12.0,"key":"REST"},{"data":"Deadly Poison","floor":15.0,"key":"SMITH"},{"floor":23.0,"key":"REST"},{"floor":30.0,"key":"REST"},{"floor":32.0,"key":"REST"}],"neow_cost":"NO_GOLD","seed_source_timestamp":0,"circlet_count":0,"master_deck":["AscendersBane","Defend_G","Defend_G","Defend_G","Defend_G","Defend_G","Strike_G","Survivor+1","Neutralize+1","Noxious Fumes+1","Deflect","Riddle With Holes","Sucker Punch","Dodge and Roll","Corpse Explosion","Escape Plan","Deadly Poison+1","Envenom","Catalyst","Blur","Doppelganger","Predator","Caltrops","Footwork","Panacea","Wraith Form v2","Outmaneuver","Blur","Leg Sweep","Poisoned Stab"],"special_seed":0,"relics":["Ring of the Snake","Turnip","Omamori","Letter Opener","Empty Cage","Enchiridion","Vajra","Bird Faced Urn","Mercury Hourglass","Oddly Smooth Stone","Bag of Marbles","Velvet Choker","Calipers"],"potions_floor_usage":[37],"damage_taken":[{"damage":3.0,"enemies":"Cultist","floor":1.0,"turns":5.0},{"damage":1.0,"enemies":"Jaw Worm","floor":2.0,"turns":6.0},{"damage":5.0,"enemies":"Small Slimes","floor":4.0,"turns":4.0},{"damage":1.0,"enemies":"Blue Slaver","floor":5.0,"turns":5.0},{"damage":18.0,"enemies":"3 Sentries","floor":6.0,"turns":8.0},{"damage":0.0,"enemies":"2 Fungi Beasts","floor":10.0,"turns":3.0},{"damage":6.0,"enemies":"Lots of Slimes","floor":13.0,"turns":2.0},{"damage":3.0,"enemies":"Exordium Wildlife","floor":14.0,"turns":3.0},{"damage":43.0,"enemies":"The Guardian","floor":16.0,"turns":9.0},{"damage":0.0,"enemies":"Spheric Guardian","floor":18.0,"turns":3.0},{"damage":6.0,"enemies":"Shell Parasite","floor":19.0,"turns":5.0},{"damage":57.0,"enemies":"Slavers","floor":24.0,"turns":4.0},{"damage":6.0,"enemies":"Shelled Parasite and Fungi","floor":27.0,"turns":5.0},{"damage":25.0,"enemies":"Gremlin Leader","floor":31.0,"turns":6.0},{"damage":44.0,"enemies":"Automaton","floor":33.0,"turns":13.0},{"damage":0,"enemies":"3 Darklings","floor":35,"turns":3},{"damage":7,"enemies":"Orb Walker","floor":36,"turns":5},{"damage":38,"enemies":"2 Orb Walkers","floor":37,"turns":4},{"damage":33,"enemies":"Spire Growth","floor":38,"turns":7},{"damage":26,"enemies":"Jaw Worm Horde","floor":39,"turns":2}],"seed_played":"5284301774207011766","potions_obtained":[{"floor":1.0,"key":"Ancient Potion"},{"floor":4.0,"key":"SneckoOil"},{"floor":5.0,"key":"Energy Potion"},{"floor":14.0,"key":"Ancient Potion"},{"floor":19.0,"key":"AttackPotion"},{"floor":31.0,"key":"SpeedPotion"},{"floor":36,"key":"Fire Potion"}],"is_trial":false,"path_per_floor":["M","M","?","M","M","E","R","?","T","M","?","R","M","M","R","B",null,"M","M","?","?","$","R","E","?","T","M","T","$","R","E","R","B",null,"M","M","?","M","M"],"character_chosen":"THE_SILENT","items_purchased":["Vajra","Blur","Footwork","Panacea"],"campfire_rested":4,"item_purchase_floors":[22,22,29,29],"current_hp_per_floor":[68,67,67,62,61,43,43,27,27,27,46,69,63,60,60,17,63,63,57,57,41,41,64,7,7,7,5,5,5,28,13,36,2,59,67,68,38,17,0],"gold":221,"neow_bonus":"TWENTY_PERCENT_HP_BONUS","is_prod":false,"is_daily":false,"chose_seed":false,"campfire_upgraded":2,"win_rate":0,"timestamp":1560134070,"path_taken":["M","?","?","?","M","E","R","?","T","M","?","R","M","M","R","BOSS","M","M","?","?","$","R","E","?","T","?","?","$","R","E","R","BOSS","M","M","?","M","M"],"build_version":"2019-01-23","purchased_purges":0,"victory":false,"max_hp_per_floor":[78,78,78,78,78,78,78,78,78,78,78,78,78,78,78,78,78,78,78,78,78,78,78,78,78,78,78,78,78,78,78,78,78,78,78,78,78,78,78],"card_choices":[{"not_picked":["Quick Slash","Predator"],"picked":"Noxious Fumes","floor":1.0},{"not_picked":["Finisher","Dash"],"picked":"Deflect","floor":2.0},{"not_picked":["Deflect","Outmaneuver"],"picked":"Riddle With Holes","floor":4.0},{"not_picked":["Slice","Deflect"],"picked":"Sucker Punch","floor":5.0},{"not_picked":["Quick Slash","Flying Knee"],"picked":"Dodge and Roll","floor":6.0},{"not_picked":["Prepared","Flying Knee"],"picked":"Corpse Explosion","floor":10.0},{"not_picked":["Dagger Throw","Deadly Poison"],"picked":"Escape Plan","floor":13.0},{"not_picked":["Dagger Spray","Skewer"],"picked":"Deadly Poison","floor":14.0},{"not_picked":["A Thousand Cuts","Storm of Steel"],"picked":"Envenom","floor":16.0},{"not_picked":["Prepared","Skewer"],"picked":"Catalyst","floor":18.0},{"not_picked":["Skewer","Quick Slash","Setup"],"picked":"SKIP","floor":19.0},{"not_picked":["Sucker Punch","Predator","Night Terror"],"picked":"SKIP","floor":24.0},{"not_picked":["Poisoned Stab","Sucker Punch"],"picked":"Caltrops","floor":27.0},{"not_picked":["Blade Dance","Deadly Poison"],"picked":"Wraith Form v2","floor":31.0},{"not_picked":["Accuracy+1","Underhanded Strike"],"picked":"Outmaneuver","floor":35},{"not_picked":["Outmaneuver+1","Flechettes+1"],"picked":"Blur","floor":36},{"not_picked":["Deflect","Bane"],"picked":"Leg Sweep","floor":37},{"not_picked":["A Thousand Cuts","Outmaneuver+1"],"picked":"Poisoned Stab","floor":38}],"player_experience":980307,"relics_obtained":[{"floor":6.0,"key":"Omamori"},{"floor":9.0,"key":"Letter Opener"},{"floor":21.0,"key":"Enchiridion"},{"floor":24.0,"key":"Bird Faced Urn"},{"floor":26.0,"key":"Mercury Hourglass"},{"floor":28.0,"key":"Oddly Smooth Stone"},{"floor":31.0,"key":"Bag of Marbles"},{"floor":37,"key":"Calipers"}],"event_choices":[{"damage_healed":0.0,"max_hp_gain":0.0,"max_hp_loss":0.0,"gold_gain":0.0,"event_name":"WeMeetAgain","player_choice":"Gave Potion","floor":3.0,"gold_loss":0.0,"damage_taken":0.0,"relics_obtained":["Turnip"]},{"damage_healed":0.0,"max_hp_gain":0.0,"max_hp_loss":0.0,"gold_gain":0.0,"event_name":"Shining Light","player_choice":"Entered Light","floor":8.0,"gold_loss":0.0,"damage_taken":16.0,"cards_upgraded":["Survivor","Neutralize"]},{"damage_healed":19.0,"max_hp_gain":0.0,"max_hp_loss":0.0,"gold_gain":0.0,"event_name":"The Cleric","player_choice":"Healed","floor":11.0,"gold_loss":35.0,"damage_taken":0.0},{"damage_healed":0.0,"max_hp_gain":0.0,"max_hp_loss":0.0,"gold_gain":99.0,"event_name":"Nest","player_choice":"Stole From Cult","floor":20.0,"gold_loss":0.0,"damage_taken":0.0},{"damage_healed":0.0,"max_hp_gain":0.0,"max_hp_loss":0.0,"gold_gain":0.0,"event_name":"Cursed Tome","player_choice":"Obtained Book","floor":21.0,"gold_loss":0.0,"damage_taken":16.0},{"damage_healed":0.0,"max_hp_gain":0.0,"max_hp_loss":0.0,"gold_gain":0.0,"cards_transformed":["Strike_G","Strike_G"],"event_name":"Designer","player_choice":"Transformed Cards","floor":25.0,"gold_loss":60.0,"damage_taken":0.0,"cards_obtained":["Doppelganger","Predator"]},{"damage_healed":0,"gold_gain":0,"player_choice":"Fight","damage_taken":0,"max_hp_gain":0,"max_hp_loss":0,"event_name":"Mysterious Sphere","floor":37,"gold_loss":0}],"is_beta":false,"boss_relics":[{"not_picked":["Ring of the Serpent","HoveringKite"],"picked":"Empty Cage"},{"not_picked":["Runic Dome","Black Star"],"picked":"Velvet Choker"}],"items_purged_floors":[],"is_endless":false,"potions_floor_spawned":[1,4,5,14,19,31,36],"killed_by":"Jaw Worm Horde","ascension_level":14}