{"gold_per_floor":[114,127,127,127,16,16,55,74,74,118,118,131,24,39,39,133,196,211,251,176,91,91,91,111,111,135,135,169,169,187,286,286,286],"floor_reached":33,"playtime":1729,"items_purged":["Strike_G"],"score":461,"play_id":"3594c9d6-4ce0-4902-ba3d-b15b776ad381","local_time":"20190620154130","is_ascension_mode":true,"campfire_choices":[{"data":"Caltrops","floor":6,"key":"SMITH"},{"floor":11,"key":"REST"},{"data":"Blade Dance","floor":15,"key":"SMITH"},{"data":"1","floor":23,"key":"LIFT"},{"data":"2","floor":25,"key":"LIFT"},{"data":"3","floor":27,"key":"LIFT"},{"floor":29,"key":"REST"},{"floor":32,"key":"REST"}],"neow_cost":"PERCENT_DAMAGE","seed_source_timestamp":234044850451300,"circlet_count":0,"master_deck":["AscendersBane","Defend_G","Defend_G","Defend_G","Defend_G","Defend_G","Strike_G","Strike_G","Strike_G","Survivor","Neutralize+1","Poisoned Stab","Caltrops+1","Well Laid Plans","Cloak And Dagger+1","Accuracy","Terror","All Out Attack","Flash of Steel","Dodge and Roll","Blade Dance+1","A Thousand Cuts","Escape Plan","PiercingWail+1","Predator+1","Malaise"],"relics":["Ring of the Snake","Bird Faced Urn","Golden Idol","Juzu Bracelet","Kunai","Centennial Puzzle","Tiny House","Red Mask","Girya","Whetstone","Omamori"],"potions_floor_usage":[10,19,28],"damage_taken":[{"damage":5,"enemies":"Jaw Worm","floor":1,"turns":7},{"damage":0,"enemies":"Small Slimes","floor":2,"turns":2},{"damage":23,"enemies":"3 Sentries","floor":7,"turns":12},{"damage":1,"enemies":"2 Louse","floor":8,"turns":2},{"damage":10,"enemies":"Lagavulin","floor":10,"turns":6},{"damage":2,"enemies":"Exordium Wildlife","floor":12,"turns":4},{"damage":8,"enemies":"Lots of Slimes","floor":14,"turns":4},{"damage":11,"enemies":"Hexaghost","floor":16,"turns":9},{"damage":4,"enemies":"Chosen","floor":18,"turns":6},{"damage":15,"enemies":"Masked Bandits","floor":19,"turns":6},{"damage":19,"enemies":"Spheric Guardian","floor":24,"turns":3},{"damage":46,"enemies":"Slavers","floor":28,"turns":5},{"damage":17,"enemies":"Centurion and Healer","floor":30,"turns":7},{"damage":53,"enemies":"Automaton","floor":33,"turns":6}],"seed_played":"4917594409810428795","potions_obtained":[{"floor":7,"key":"Poison Potion"},{"floor":8,"key":"SteroidPotion"},{"floor":12,"key":"SpeedPotion"},{"floor":17,"key":"GhostInAJar"},{"floor":24,"key":"Dexterity Potion"}],"is_trial":false,"path_per_floor":["M","M","?","?","$","R","E","M","T","E","R","M","$","M","R","B",null,"M","?","?","?","$","R","M","R","T","R","E","R","M","?","R","B"],"character_chosen":"THE_SILENT","items_purchased":["Well Laid Plans","Flash of Steel","Dodge and Roll"],"campfire_rested":3,"item_purchase_floors":[5,13,13],"current_hp_per_floor":[39,39,39,44,44,44,25,26,26,22,41,45,45,43,43,38,64,64,55,55,55,55,55,42,42,42,42,2,23,14,14,35,0],"gold":286,"neow_bonus":"ONE_RARE_RELIC","is_prod":false,"is_daily":false,"chose_seed":false,"campfire_upgraded":2,"win_rate":0,"timestamp":1561059690,"path_taken":["M","M","?","?","?","R","E","M","T","E","R","M","$","M","R","BOSS","M","?","?","?","$","R","M","R","T","R","E","R","M","?","R","BOSS"],"build_version":"2019-01-23","purchased_purges":1,"victory":false,"max_hp_per_floor":[66,66,61,66,66,66,66,66,66,66,66,66,66,66,66,66,71,71,71,71,71,71,71,71,71,71,71,71,71,71,71,71,71],"card_choices":[{"not_picked":["Masterful Stab","Outmaneuver"],"picked":"Poisoned Stab","floor":1},{"not_picked":["Slice","Poisoned Stab"],"picked":"Caltrops","floor":2},{"not_picked":["Poisoned Stab","Eviscerate"],"picked":"Cloak And Dagger","floor":7},{"not_picked":["Distraction","Quick Slash"],"picked":"Accuracy","floor":8},{"not_picked":["Sucker Punch","Prepared"],"picked":"Terror","floor":10},{"not_picked":["Leg Sweep","Dagger Throw"],"picked":"All Out Attack","floor":12},{"not_picked":["Quick Slash","Choke"],"picked":"Blade Dance","floor":14},{"not_picked":["Tools of the Trade","Adrenaline"],"picked":"A Thousand Cuts","floor":16},{"not_picked":["Backflip","Quick Slash"],"picked":"Escape Plan","floor":17},{"not_picked":["Flechettes","Outmaneuver+1"],"picked":"PiercingWail+1","floor":18},{"not_picked":["Outmaneuver","PiercingWail"],"picked":"Predator","floor":19},{"not_picked":["Dagger Spray+1","Poisoned Stab+1"],"picked":"Malaise","floor":24},{"not_picked":["Reflex+1","Flying Knee","Acrobatics+1"],"picked":"SKIP","floor":28},{"not_picked":["PiercingWail","Endless Agony","Leg Sweep"],"picked":"SKIP","floor":30}],"player_experience":986862,"relics_obtained":[{"floor":7,"key":"Juzu Bracelet"},{"floor":9,"key":"Kunai"},{"floor":10,"key":"Centennial Puzzle"},{"floor":19,"key":"Red Mask"},{"floor":26,"key":"Whetstone"},{"floor":28,"key":"Omamori"}],"event_choices":[{"damage_healed":0,"gold_gain":0,"player_choice":"Lose Max HP","damage_taken":0,"relics_obtained":["Golden Idol"],"max_hp_gain":0,"max_hp_loss":5,"event_name":"Golden Idol","floor":3,"gold_loss":0},{"damage_healed":0,"gold_gain":0,"player_choice":"Donut","damage_taken":0,"max_hp_gain":5,"max_hp_loss":0,"event_name":"Big Fish","floor":4,"gold_loss":0},{"damage_healed":0,"gold_gain":0,"player_choice":"Fought Bandits","damage_taken":0,"max_hp_gain":0,"max_hp_loss":0,"event_name":"Masked Bandits","floor":19,"gold_loss":0},{"cards_removed":["Strike_G"],"damage_healed":0,"gold_gain":0,"player_choice":"Gave Gold","damage_taken":0,"max_hp_gain":0,"max_hp_loss":0,"event_name":"Beggar","floor":20,"gold_loss":75},{"damage_healed":0,"gold_gain":0,"player_choice":"Obtained Relic","damage_taken":0,"relics_obtained":["Girya"],"max_hp_gain":0,"max_hp_loss":0,"event_name":"Addict","floor":21,"gold_loss":85},{"damage_healed":0,"gold_gain":99,"player_choice":"Stole From Cult","damage_taken":0,"max_hp_gain":0,"max_hp_loss":0,"event_name":"Nest","floor":31,"gold_loss":0}],"is_beta":false,"boss_relics":[{"not_picked":["Runic Dome","Velvet Choker"],"picked":"Tiny House"}],"items_purged_floors":[5],"is_endless":false,"potions_floor_spawned":[7,8,12,16,24],"killed_by":"Automaton","ascension_level":14}