{"gold_per_floor":[109,184,194,204,204,204,230,230,230,254,287,287,307,325,325,419,419,439,410,410,509,459,459,459],"floor_reached":24,"playtime":821,"items_purged":[],"score":333,"play_id":"2ed52c74-bd17-48b6-a4e4-d2b7aa95ed3a","local_time":"20190706230656","is_ascension_mode":true,"campfire_choices":[{"data":"Accuracy","floor":6.0,"key":"SMITH"},{"data":"Poisoned Stab","floor":8.0,"key":"SMITH"},{"floor":12.0,"key":"REST"},{"floor":15.0,"key":"REST"},{"floor":23,"key":"REST"}],"neow_cost":"NONE","seed_source_timestamp":0,"circlet_count":0,"master_deck":["AscendersBane","Defend_G","Defend_G","Defend_G","Defend_G","Defend_G","Strike_G","Strike_G","Strike_G","Strike_G","Strike_G","Survivor","Neutralize","Infinite Blades","Accuracy+1","Poisoned Stab+1","Injury","Leg Sweep","Envenom","Blade Dance","Envenom","Finisher","Well Laid Plans","Cloak And Dagger","Bane","Leg Sweep","Storm of Steel","Catalyst","Necronomicurse"],"special_seed":0,"relics":["Ring of the Snake","NeowsBlessing","Golden Idol","Oddly Smooth Stone","Question Card","Pantograph","Orrery","Necronomicon"],"potions_floor_usage":[24],"damage_taken":[{"damage":0.0,"enemies":"Small Slimes","floor":1.0,"turns":1.0},{"damage":0.0,"enemies":"2 Louse","floor":3.0,"turns":1.0},{"damage":0.0,"enemies":"Jaw Worm","floor":4.0,"turns":1.0},{"damage":8.0,"enemies":"Exordium Wildlife","floor":10.0,"turns":4.0},{"damage":33.0,"enemies":"3 Sentries","floor":11.0,"turns":9.0},{"damage":0.0,"enemies":"Blue Slaver","floor":13.0,"turns":4.0},{"damage":11.0,"enemies":"Large Slime","floor":14.0,"turns":6.0},{"damage":33.0,"enemies":"Hexaghost","floor":16.0,"turns":10.0},{"damage":12,"enemies":"Chosen","floor":18,"turns":5},{"damage":20,"enemies":"2 Thieves","floor":19,"turns":5},{"damage":33,"enemies":"Slavers","floor":24,"turns":2}],"seed_played":"-1727145608255837995","potions_obtained":[{"floor":3.0,"key":"SteroidPotion"},{"floor":4.0,"key":"SkillPotion"},{"floor":16.0,"key":"EssenceOfSteel"}],"is_trial":false,"path_per_floor":["M","?","M","M","?","R","T","R","T","M","E","R","M","M","R","B",null,"M","M","?","?","?","R","E"],"character_chosen":"THE_SILENT","items_purchased":[],"campfire_rested":3,"item_purchase_floors":[],"current_hp_per_floor":[59,48,48,48,48,48,48,48,48,40,7,26,26,15,34,26,56,44,24,8,8,8,27,0],"gold":459,"neow_bonus":"THREE_ENEMY_KILL","is_prod":false,"is_daily":false,"chose_seed":false,"campfire_upgraded":2,"win_rate":0,"timestamp":1562468816,"path_taken":["M","?","M","M","?","R","?","R","T","M","E","R","?","M","R","BOSS","M","M","?","?","?","R","E"],"build_version":"2019-07-05","purchased_purges":0,"victory":false,"max_hp_per_floor":[66,66,66,66,66,66,66,66,66,66,66,66,66,66,66,66,66,66,66,66,66,66,66,66],"card_choices":[{"not_picked":["Deflect","Finisher"],"picked":"Infinite Blades","floor":1.0},{"not_picked":["Underhanded Strike","Flying Knee"],"picked":"Accuracy","floor":3.0},{"not_picked":["Catalyst","Bane"],"picked":"Poisoned Stab","floor":4.0},{"not_picked":["Bane","Prepared","Quick Slash","Dagger Throw"],"picked":"SKIP","floor":10.0},{"not_picked":["Prepared","Deadly Poison","Slice"],"picked":"Leg Sweep","floor":11.0},{"not_picked":["Endless Agony","Bouncing Flask","Quick Slash"],"picked":"Envenom","floor":13.0},{"not_picked":["Tactician","Prepared","Reflex"],"picked":"Blade Dance","floor":14.0},{"not_picked":["Malaise","Venomology","Die Die Die"],"picked":"Envenom","floor":16.0},{"not_picked":["Acrobatics","Deflect","Choke"],"picked":"Finisher","floor":17.0},{"not_picked":["Crippling Poison","Deadly Poison","Dodge and Roll"],"picked":"Well Laid Plans","floor":17.0},{"not_picked":["Quick Slash","Escape Plan","Dagger Throw"],"picked":"Cloak And Dagger","floor":17.0},{"not_picked":["Dagger Spray","Dagger Throw","Prepared"],"picked":"Bane","floor":17.0},{"not_picked":["Underhanded Strike","Heel Hook","All Out Attack"],"picked":"Leg Sweep","floor":17.0},{"not_picked":["Catalyst","Terror","Slice+1"],"picked":"Storm of Steel","floor":18},{"not_picked":["Escape Plan","Deadly Poison","Endless Agony"],"picked":"Catalyst","floor":19}],"player_experience":993407,"relics_obtained":[{"floor":7.0,"key":"Oddly Smooth Stone"},{"floor":9.0,"key":"Question Card"},{"floor":11.0,"key":"Pantograph"},{"floor":20,"key":"Necronomicon"}],"event_choices":[{"damage_healed":0.0,"max_hp_gain":0.0,"max_hp_loss":0.0,"gold_gain":75.0,"event_name":"World of Goop","player_choice":"Gather Gold","floor":2.0,"gold_loss":0.0,"damage_taken":11.0},{"damage_healed":0.0,"max_hp_gain":0.0,"max_hp_loss":0.0,"gold_gain":0.0,"event_name":"Golden Idol","player_choice":"Take Wound","floor":5.0,"gold_loss":0.0,"damage_taken":0.0,"relics_obtained":["Golden Idol"],"cards_obtained":["Injury"]},{"damage_healed":0,"gold_gain":0,"player_choice":"Obtained Book","damage_taken":16,"max_hp_gain":0,"max_hp_loss":0,"event_name":"Cursed Tome","floor":20,"gold_loss":0},{"damage_healed":0,"gold_gain":99,"player_choice":"Stole From Cult","damage_taken":0,"max_hp_gain":0,"max_hp_loss":0,"event_name":"Nest","floor":21,"gold_loss":0},{"damage_healed":0,"gold_gain":0,"player_choice":"Bet on Murderer","damage_taken":0,"max_hp_gain":0,"max_hp_loss":0,"event_name":"The Joust","floor":22,"gold_loss":50}],"is_beta":false,"boss_relics":[{"not_picked":["Cursed Key","Runic Dome"],"picked":"Orrery"}],"items_purged_floors":[],"is_endless":false,"potions_floor_spawned":[3,4,13,16],"killed_by":"Slavers","ascension_level":14}