{"gold_per_floor":[212,232,249,249,214,214,241,241,289,289,309,309,325,339,339,339],"floor_reached":16,"playtime":567,"items_purged":[],"score":173,"play_id":"85f5a18f-5029-4f7a-9eb4-c768c3ff8680","local_time":"20190706234643","is_ascension_mode":true,"campfire_choices":[{"data":"Neutralize","floor":6,"key":"SMITH"},{"floor":8,"key":"REST"},{"floor":10,"key":"REST"},{"floor":15,"key":"REST"}],"neow_cost":"NONE","seed_source_timestamp":910469037017400,"circlet_count":0,"master_deck":["AscendersBane","Strike_G","Strike_G","Strike_G","Strike_G","Defend_G","Defend_G","Defend_G","Defend_G","Defend_G","Survivor","Neutralize+1","Prepared","PiercingWail","Slice","Burst","Underhanded Strike","Injury","Noxious Fumes","Finisher"],"relics":["Ring of the Snake","Blood Vial","Pen Nib","Golden Idol"],"potions_floor_usage":[16],"damage_taken":[{"damage":5,"enemies":"Jaw Worm","floor":1,"turns":5},{"damage":1,"enemies":"2 Louse","floor":2,"turns":5},{"damage":2,"enemies":"Small Slimes","floor":3,"turns":5},{"damage":59,"enemies":"Gremlin Nob","floor":7,"turns":7},{"damage":4,"enemies":"Looter","floor":11,"turns":4},{"damage":9,"enemies":"Exordium Wildlife","floor":13,"turns":5},{"damage":18,"enemies":"Lots of Slimes","floor":14,"turns":5},{"damage":37,"enemies":"Hexaghost","floor":16,"turns":10}],"seed_played":"-461877627375198479","potions_obtained":[{"floor":1,"key":"SpeedPotion"},{"floor":2,"key":"Swift Potion"},{"floor":13,"key":"SteroidPotion"}],"is_trial":false,"path_per_floor":["M","M","M","?","?","R","E","R","T","R","M","?","M","M","R","B"],"character_chosen":"THE_SILENT","items_purchased":[],"campfire_rested":3,"item_purchase_floors":[],"current_hp_per_floor":[54,53,51,44,60,60,1,20,20,39,37,37,30,14,33,0],"gold":339,"neow_bonus":"HUNDRED_GOLD","is_prod":false,"is_daily":false,"chose_seed":false,"campfire_upgraded":1,"win_rate":0,"timestamp":1562471203,"path_taken":["M","M","M","?","?","R","E","R","T","R","M","?","?","M","R","BOSS"],"build_version":"2019-07-05","purchased_purges":0,"victory":false,"max_hp_per_floor":[66,66,66,66,66,66,66,66,66,66,66,66,66,66,66,66],"card_choices":[{"not_picked":["Eviscerate","Flying Knee"],"picked":"Prepared","floor":1},{"not_picked":["Finisher","Prepared"],"picked":"PiercingWail","floor":2},{"not_picked":["Concentrate","Prepared"],"picked":"Slice","floor":3},{"not_picked":["Endless Agony","Dagger Throw"],"picked":"Burst","floor":7},{"not_picked":["Reflex","Deflect"],"picked":"Underhanded Strike","floor":11},{"not_picked":["Leg Sweep","Dagger Spray"],"picked":"Noxious Fumes","floor":13},{"not_picked":["Blade Dance","Setup"],"picked":"Finisher","floor":14}],"player_experience":994228,"relics_obtained":[{"floor":7,"key":"Blood Vial"},{"floor":9,"key":"Pen Nib"}],"event_choices":[{"cards_removed":["Strike_G"],"damage_healed":0,"gold_gain":0,"player_choice":"Card Removal","damage_taken":7,"max_hp_gain":0,"max_hp_loss":0,"event_name":"Golden Wing","floor":4,"gold_loss":0},{"damage_healed":16,"gold_gain":0,"player_choice":"Healed","damage_taken":0,"max_hp_gain":0,"max_hp_loss":0,"event_name":"The Cleric","floor":5,"gold_loss":35},{"damage_healed":0,"gold_gain":0,"player_choice":"Take Wound","damage_taken":0,"relics_obtained":["Golden Idol"],"max_hp_gain":0,"max_hp_loss":0,"event_name":"Golden Idol","floor":12,"gold_loss":0,"cards_obtained":["Injury"]}],"is_beta":false,"boss_relics":[],"items_purged_floors":[],"is_endless":false,"potions_floor_spawned":[1,2,13],"killed_by":"Hexaghost","ascension_level":14}