{"gold_per_floor":[115,65,65,65,65,93,93,118,118,118,129,154,173,190,190,265,265,280,280,290,301,320,320],"floor_reached":23,"playtime":1403,"items_purged":[],"score":444,"play_id":"bcd4c9fe-bde9-4e53-bc69-1a6f562e856f","local_time":"20190711202457","is_ascension_mode":true,"campfire_choices":[{"data":"Survivor","floor":7,"key":"SMITH"},{"data":"Accuracy","floor":15,"key":"SMITH"}],"neow_cost":"NONE","seed_source_timestamp":252440908181000,"circlet_count":0,"master_deck":["AscendersBane","Strike_G","Strike_G","Defend_G+1","Defend_G","Defend_G","Defend_G+1","Defend_G","Survivor+1","Neutralize","PiercingWail","Distraction","Quick Slash","Cloak And Dagger","Well Laid Plans","Acrobatics","Slice+1","Infinite Blades","Riddle With Holes+1","Accuracy+1","Phantasmal Killer","Heel Hook+1","Reflex","Malaise","Backflip","Flechettes+1","Heel Hook+1","Infinite Blades"],"relics":["Ring of the Snake","NeowsBlessing","PreservedInsect","Prayer Wheel","Ornamental Fan","Molten Egg 2","Black Star"],"potions_floor_usage":[14,18,22,23,23],"damage_taken":[{"damage":0,"enemies":"Cultist","floor":1,"turns":1},{"damage":0,"enemies":"3 Sentries","floor":6,"turns":2},{"damage":0,"enemies":"Lagavulin","floor":8,"turns":2},{"damage":1,"enemies":"Jaw Worm","floor":11,"turns":5},{"damage":7,"enemies":"3 Sentries","floor":12,"turns":13},{"damage":1,"enemies":"Small Slimes","floor":13,"turns":4},{"damage":3,"enemies":"Looter","floor":14,"turns":4},{"damage":23,"enemies":"The Guardian","floor":16,"turns":13},{"damage":0,"enemies":"3 Byrds","floor":18,"turns":5},{"damage":14,"enemies":"Spheric Guardian","floor":20,"turns":5},{"damage":4,"enemies":"Shelled Parasite and Fungi","floor":21,"turns":7},{"damage":9,"enemies":"Centurion and Healer","floor":22,"turns":6},{"damage":34,"enemies":"Gremlin Leader","floor":23,"turns":7}],"seed_played":"-1542973532992082974","potions_obtained":[{"floor":1,"key":"GhostInAJar"},{"floor":6,"key":"SteroidPotion"},{"floor":16,"key":"PowerPotion"},{"floor":20,"key":"Explosive Potion"},{"floor":22,"key":"EssenceOfSteel"}],"is_trial":false,"path_per_floor":["M","?","$","?","?","E","R","E","T","?","M","E","M","M","R","B",null,"M","?","M","M","M","E"],"character_chosen":"THE_SILENT","items_purchased":[],"campfire_rested":0,"item_purchase_floors":[],"current_hp_per_floor":[59,59,59,64,50,50,50,50,50,50,49,42,41,38,38,15,57,57,57,43,39,30,0],"gold":320,"neow_bonus":"THREE_ENEMY_KILL","is_prod":false,"is_daily":false,"chose_seed":false,"campfire_upgraded":2,"win_rate":0,"timestamp":1562891097,"path_taken":["M","?","$","?","?","E","R","E","T","?","M","E","M","M","R","BOSS","M","?","M","M","?","E"],"build_version":"2019-07-05","purchased_purges":0,"victory":false,"max_hp_per_floor":[66,66,66,71,71,71,71,71,71,71,71,71,71,71,71,71,71,71,71,71,71,71,71],"card_choices":[{"not_picked":["Concentrate","Flying Knee"],"picked":"PiercingWail","floor":1},{"not_picked":["Catalyst","Outmaneuver"],"picked":"Distraction","floor":6},{"not_picked":["Backflip","Leg Sweep"],"picked":"Quick Slash","floor":8},{"not_picked":["Backflip","Unload"],"picked":"Cloak And Dagger","floor":11},{"not_picked":["Deflect","Backflip"],"picked":"Well Laid Plans","floor":11},{"not_picked":["Bane","Well Laid Plans"],"picked":"Acrobatics","floor":12},{"not_picked":["Expertise","Dodge and Roll"],"picked":"Slice+1","floor":13},{"not_picked":["Masterful Stab+1","Outmaneuver"],"picked":"Infinite Blades","floor":13},{"not_picked":["Dagger Spray+1","Deadly Poison"],"picked":"Riddle With Holes+1","floor":14},{"not_picked":["Cloak And Dagger","Adrenaline"],"picked":"Accuracy","floor":14},{"not_picked":["Corpse Explosion","Doppelganger"],"picked":"Phantasmal Killer","floor":16},{"not_picked":["Flying Knee+1","Outmaneuver"],"picked":"Heel Hook+1","floor":18},{"not_picked":["Outmaneuver","Dagger Spray+1"],"picked":"Reflex","floor":18},{"not_picked":["Dodge and Roll","Leg Sweep"],"picked":"Backflip","floor":20},{"not_picked":["Setup","Outmaneuver","Dodge and Roll"],"picked":"SKIP","floor":20},{"not_picked":["Well Laid Plans","Outmaneuver"],"picked":"Flechettes+1","floor":21},{"not_picked":["Quick Slash+1","Malaise","Outmaneuver"],"picked":"SKIP","floor":21},{"not_picked":["Bane+1","Outmaneuver+1"],"picked":"Heel Hook+1","floor":22},{"not_picked":["Deadly Poison","Cloak And Dagger"],"picked":"Infinite Blades","floor":22}],"player_experience":994795,"relics_obtained":[{"floor":6,"key":"PreservedInsect"},{"floor":8,"key":"Prayer Wheel"},{"floor":9,"key":"Ornamental Fan"},{"floor":12,"key":"Molten Egg 2"}],"event_choices":[{"cards_removed":["Strike_G"],"damage_healed":0,"gold_gain":0,"player_choice":"Card Removal","damage_taken":0,"max_hp_gain":0,"max_hp_loss":0,"event_name":"The Cleric","floor":2,"gold_loss":50},{"damage_healed":0,"gold_gain":0,"player_choice":"Donut","damage_taken":0,"max_hp_gain":5,"max_hp_loss":0,"event_name":"Big Fish","floor":4,"gold_loss":0},{"damage_healed":0,"gold_gain":0,"player_choice":"Entered Light","damage_taken":14,"max_hp_gain":0,"max_hp_loss":0,"event_name":"Shining Light","floor":5,"gold_loss":0,"cards_upgraded":["Defend_G","Defend_G"]},{"cards_removed":["Strike_G"],"damage_healed":0,"gold_gain":0,"player_choice":"Offered Basic","damage_taken":0,"max_hp_gain":0,"max_hp_loss":0,"event_name":"Bonfire Elementals","floor":10,"gold_loss":0},{"damage_healed":0,"gold_gain":0,"cards_transformed":["Strike_G"],"player_choice":"Transformed","damage_taken":0,"max_hp_gain":0,"max_hp_loss":0,"event_name":"Transmorgrifier","floor":19,"gold_loss":0,"cards_obtained":["Malaise"]}],"is_beta":false,"boss_relics":[{"not_picked":["Lizard Tail","HoveringKite"],"picked":"Black Star"}],"items_purged_floors":[],"is_endless":false,"potions_floor_spawned":[1,6,16,20,22],"killed_by":"Gremlin Leader","ascension_level":14}