{"gold_per_floor":[118,43,43,58,68,68,143,143,166,166,189,230,230,263,263,356,356,380,405,140,140],"floor_reached":21,"playtime":866,"items_purged":["Shame"],"score":318,"play_id":"6582e60a-b732-41af-8682-03ee9dd0d008","local_time":"20190719110157","is_ascension_mode":true,"campfire_choices":[{"data":"Skewer","floor":6,"key":"SMITH"},{"data":"Tactician","floor":8,"key":"SMITH"},{"data":"Footwork","floor":13,"key":"SMITH"},{"floor":15,"key":"REST"}],"neow_cost":"CURSE","seed_source_timestamp":1851410570700,"circlet_count":0,"master_deck":["AscendersBane","Strike_G","Strike_G","Defend_G","Defend_G","Defend_G","Defend_G","Defend_G","Survivor","Neutralize","All Out Attack","Riddle With Holes","Skewer+1","After Image","Tactician+1","Escape Plan","Injury","Footwork+1","Calculated Gamble","Escape Plan","Corpse Explosion","Dagger Throw","Tactician","Caltrops","Expertise"],"relics":["Ring of the Snake","Strawberry","Golden Idol","PreservedInsect","Bottled Lightning","Fusion Hammer","Omamori"],"potions_floor_usage":[12,16,16],"damage_taken":[{"damage":0,"enemies":"Cultist","floor":1,"turns":4},{"damage":0,"enemies":"Jaw Worm","floor":4,"turns":4},{"damage":0,"enemies":"2 Louse","floor":5,"turns":2},{"damage":0,"enemies":"Looter","floor":11,"turns":3},{"damage":18,"enemies":"Lagavulin","floor":12,"turns":11},{"damage":13,"enemies":"Gremlin Nob","floor":14,"turns":5},{"damage":23,"enemies":"Slime Boss","floor":16,"turns":12},{"damage":9,"enemies":"3 Byrds","floor":18,"turns":5},{"damage":21,"enemies":"2 Thieves","floor":19,"turns":4},{"damage":31,"enemies":"Snake Plant","floor":21,"turns":4}],"seed_played":"-9195171089978970012","potions_obtained":[{"floor":4,"key":"GamblersBrew"},{"floor":12,"key":"Fire Potion"},{"floor":14,"key":"Explosive Potion"}],"is_trial":false,"path_per_floor":["M","$","?","M","M","R","?","R","T","?","M","E","R","E","R","B",null,"M","M","$","M"],"character_chosen":"THE_SILENT","items_purchased":["Caltrops","Expertise","Omamori"],"campfire_rested":1,"item_purchase_floors":[20,20,20],"current_hp_per_floor":[59,59,59,59,59,59,48,48,55,55,55,37,37,24,45,22,60,51,30,30,0],"gold":140,"neow_bonus":"TRANSFORM_TWO_CARDS","is_prod":false,"is_daily":false,"chose_seed":false,"campfire_upgraded":3,"win_rate":0,"timestamp":1563548517,"path_taken":["M","$","?","M","?","R","?","R","T","?","M","E","R","E","R","BOSS","M","M","$","M"],"build_version":"2019-07-17","purchased_purges":1,"victory":false,"max_hp_per_floor":[66,66,66,66,66,66,66,66,73,73,73,73,73,73,73,73,73,73,73,73,73],"card_choices":[{"not_picked":["Choke","Infinite Blades"],"picked":"Skewer","floor":1},{"not_picked":["Noxious Fumes","PiercingWail"],"picked":"Tactician","floor":4},{"not_picked":["All Out Attack","Dodge and Roll"],"picked":"Escape Plan","floor":5},{"not_picked":["Dagger Spray","Dodge and Roll"],"picked":"Footwork","floor":11},{"not_picked":["Blade Dance","Choke"],"picked":"Calculated Gamble","floor":12},{"not_picked":["Bane","Slice"],"picked":"Escape Plan","floor":14},{"not_picked":["Storm of Steel","Bullet Time"],"picked":"Corpse Explosion","floor":16},{"not_picked":["Flying Knee","Backflip"],"picked":"Dagger Throw","floor":18},{"not_picked":["Acrobatics","Finisher"],"picked":"Tactician","floor":19}],"player_experience":998976,"relics_obtained":[{"floor":9,"key":"Strawberry"},{"floor":12,"key":"PreservedInsect"},{"floor":14,"key":"Bottled Lightning"}],"event_choices":[{"damage_healed":0,"gold_gain":0,"cards_transformed":["Strike_G"],"player_choice":"Transformed","damage_taken":0,"max_hp_gain":0,"max_hp_loss":0,"event_name":"Transmorgrifier","floor":3,"gold_loss":0,"cards_obtained":["After Image"]},{"damage_healed":0,"gold_gain":75,"player_choice":"Gather Gold","damage_taken":11,"max_hp_gain":0,"max_hp_loss":0,"event_name":"World of Goop","floor":7,"gold_loss":0},{"damage_healed":0,"gold_gain":0,"player_choice":"Take Wound","damage_taken":0,"relics_obtained":["Golden Idol"],"max_hp_gain":0,"max_hp_loss":0,"event_name":"Golden Idol","floor":10,"gold_loss":0,"cards_obtained":["Injury"]}],"is_beta":false,"boss_relics":[{"not_picked":["Black Star","Snecko Eye"],"picked":"Fusion Hammer"}],"items_purged_floors":[2],"is_endless":false,"potions_floor_spawned":[4,12,14],"killed_by":"Snake Plant","ascension_level":14}