{"gold_per_floor":[118,118,38,38,63,79,104,104,104,28,45,63,63,75,75,148,148,165,178,178,16,16,51,1,1],"floor_reached":25,"playtime":939,"items_purged":[],"score":415,"play_id":"2b468499-3ca7-4dc3-bbe2-05349787c3e0","local_time":"20190716232248","is_ascension_mode":true,"campfire_choices":[{"data":"Noxious Fumes","floor":8,"key":"SMITH"},{"data":"Bouncing Flask","floor":13,"key":"SMITH"},{"data":"Survivor","floor":15,"key":"SMITH"}],"neow_cost":"NONE","seed_source_timestamp":36570741245500,"circlet_count":0,"master_deck":["AscendersBane","Strike_G","Strike_G","Strike_G","Strike_G","Strike_G+1","Defend_G","Defend_G","Defend_G","Defend_G","Defend_G","Survivor+1","Neutralize+1","Noxious Fumes+1","Well Laid Plans","Poisoned Stab","Quick Slash","Corpse Explosion","Bouncing Flask+1","Blur","Deflect","PiercingWail","Venomology","Backflip+1","Bane+1","Magnetism","Caltrops","Backstab"],"relics":["Ring of the Snake","NeowsBlessing","Gambling Chip","Whetstone","Orichalcum","Bottled Lightning","Black Star","Sundial","Strawberry","Turnip"],"potions_floor_usage":[18,19,23,23],"damage_taken":[{"damage":0,"enemies":"Small Slimes","floor":1,"turns":1},{"damage":0,"enemies":"Jaw Worm","floor":6,"turns":1},{"damage":0,"enemies":"Gremlin Nob","floor":7,"turns":1},{"damage":0,"enemies":"Cultist","floor":11,"turns":3},{"damage":0,"enemies":"Lots of Slimes","floor":12,"turns":1},{"damage":7,"enemies":"Exordium Thugs","floor":14,"turns":4},{"damage":13,"enemies":"Hexaghost","floor":16,"turns":8},{"damage":4,"enemies":"Shell Parasite","floor":18,"turns":4},{"damage":8,"enemies":"Chosen","floor":19,"turns":4},{"damage":40,"enemies":"Book of Stabbing","floor":23,"turns":6},{"damage":17,"enemies":"Slavers","floor":25,"turns":3}],"seed_played":"-5587075419025260226","potions_obtained":[{"floor":1,"key":"SpeedPotion"},{"floor":11,"key":"Poison Potion"},{"floor":14,"key":"Block Potion"}],"is_trial":false,"path_per_floor":["M","?","$","?","T","M","E","R","T","$","M","M","R","M","R","B",null,"M","M","?","$","?","E","?","E"],"character_chosen":"THE_SILENT","items_purchased":["Well Laid Plans","Poisoned Stab","Bouncing Flask","Magnetism"],"campfire_rested":0,"item_purchase_floors":[3,3,10,21],"current_hp_per_floor":[59,59,59,52,52,52,52,52,52,52,52,52,52,45,45,32,58,54,46,46,46,46,13,13,0],"gold":1,"neow_bonus":"THREE_ENEMY_KILL","is_prod":false,"is_daily":false,"chose_seed":false,"campfire_upgraded":3,"win_rate":0,"timestamp":1563333768,"path_taken":["M","?","$","?","?","M","E","R","T","?","?","?","R","M","R","BOSS","M","M","?","$","?","E","?","E"],"build_version":"2019-07-05","purchased_purges":0,"victory":false,"max_hp_per_floor":[66,66,66,66,66,66,66,66,66,66,66,66,66,66,66,66,66,66,66,66,66,66,73,73,73],"card_choices":[{"not_picked":["Slice","Crippling Poison"],"picked":"Noxious Fumes","floor":1},{"not_picked":["Choke","Setup"],"picked":"Quick Slash","floor":6},{"not_picked":["Flying Knee","Reflex"],"picked":"Corpse Explosion","floor":7},{"not_picked":["Quick Slash","Acrobatics"],"picked":"Blur","floor":11},{"not_picked":["Flying Knee","Acrobatics"],"picked":"Deflect","floor":12},{"not_picked":["Infinite Blades","Grand Finale"],"picked":"PiercingWail","floor":14},{"not_picked":["A Thousand Cuts","Doppelganger"],"picked":"Venomology","floor":16},{"not_picked":["Acrobatics","Backstab"],"picked":"Backflip+1","floor":18},{"not_picked":["Finisher","Leg Sweep+1"],"picked":"Bane+1","floor":19},{"not_picked":["Outmaneuver","Prepared"],"picked":"Backstab","floor":23}],"player_experience":998037,"relics_obtained":[{"floor":5,"key":"Whetstone"},{"floor":7,"key":"Orichalcum"},{"floor":9,"key":"Bottled Lightning"},{"floor":23,"key":"Sundial"},{"floor":23,"key":"Strawberry"}],"event_choices":[{"damage_healed":0,"gold_gain":0,"player_choice":"Ignored","damage_taken":0,"max_hp_gain":0,"max_hp_loss":0,"event_name":"Shining Light","floor":2,"gold_loss":0},{"damage_healed":0,"gold_gain":0,"player_choice":"Success","damage_taken":7,"relics_obtained":["Gambling Chip"],"max_hp_gain":0,"max_hp_loss":0,"event_name":"Scrap Ooze","floor":4,"gold_loss":0},{"damage_healed":0,"gold_gain":0,"player_choice":"Ignored","damage_taken":0,"max_hp_gain":0,"max_hp_loss":0,"event_name":"Beggar","floor":20,"gold_loss":0},{"damage_healed":0,"gold_gain":0,"player_choice":"Read","damage_taken":0,"max_hp_gain":0,"max_hp_loss":0,"event_name":"The Library","floor":22,"gold_loss":0,"cards_obtained":["Caltrops"]},{"damage_healed":0,"gold_gain":0,"player_choice":"Paid Gold","damage_taken":0,"relics_obtained":["Turnip"],"max_hp_gain":0,"max_hp_loss":0,"event_name":"WeMeetAgain","floor":24,"gold_loss":50}],"is_beta":false,"boss_relics":[{"not_picked":["Philosopher\u0027s Stone","Busted Crown"],"picked":"Black Star"}],"items_purged_floors":[],"is_endless":false,"potions_floor_spawned":[1,11,14,16],"killed_by":"Slavers","ascension_level":14}