{"gold_per_floor":[111,111,111,127,52,52],"floor_reached":6,"playtime":379,"items_purged":[],"score":60,"play_id":"f1b1b148-347e-47d5-aa67-c8f819168bdc","local_time":"20190918181524","is_ascension_mode":true,"campfire_choices":[],"neow_cost":"NONE","seed_source_timestamp":105894859958400,"circlet_count":0,"master_deck":["AscendersBane","Strike_G","Strike_G","Strike_G","Strike_G","Strike_G","Defend_G","Defend_G","Defend_G","Defend_G","Defend_G","Survivor","Neutralize","Parasite","Clumsy","Dagger Throw","Injury","Underhanded Strike"],"relics":["Calling Bell","Regal Pillow","Paper Crane","Unceasing Top","Golden Idol"],"potions_floor_usage":[],"damage_taken":[{"damage":1,"enemies":"Small Slimes","floor":1,"turns":4},{"damage":10,"enemies":"Cultist","floor":4,"turns":5},{"damage":66,"enemies":"Lagavulin","floor":6,"turns":8}],"seed_played":"479721723477060974","potions_obtained":[{"floor":3,"key":"SpeedPotion"},{"floor":3,"key":"LiquidBronze"}],"is_trial":false,"path_per_floor":["M","?","?","M","?","E"],"character_chosen":"THE_SILENT","items_purchased":[],"campfire_rested":0,"item_purchase_floors":[],"current_hp_per_floor":[58,58,58,48,48,0],"gold":52,"neow_bonus":"BOSS_RELIC","is_prod":false,"is_daily":false,"chose_seed":false,"campfire_upgraded":0,"win_rate":0,"timestamp":1568844924,"path_taken":["M","?","?","?","?","E"],"build_version":"2019-07-17","purchased_purges":0,"victory":false,"max_hp_per_floor":[66,66,66,66,66,66],"card_choices":[{"not_picked":["Concentrate","Dagger Spray"],"picked":"Dagger Throw","floor":1},{"not_picked":["Flying Knee","Flechettes"],"picked":"Underhanded Strike","floor":4}],"player_experience":1018742,"relics_obtained":[{"floor":0,"key":"Regal Pillow"},{"floor":0,"key":"Paper Crane"},{"floor":0,"key":"Unceasing Top"}],"event_choices":[{"damage_healed":0,"gold_gain":0,"player_choice":"Take Wound","damage_taken":0,"relics_obtained":["Golden Idol"],"max_hp_gain":0,"max_hp_loss":0,"event_name":"Golden Idol","floor":2,"gold_loss":0,"cards_obtained":["Injury"]},{"damage_healed":0,"gold_gain":0,"player_choice":"Got Potions","damage_taken":0,"max_hp_gain":0,"max_hp_loss":0,"event_name":"Lab","floor":3,"gold_loss":0},{"cards_removed":["Writhe"],"damage_healed":0,"gold_gain":0,"player_choice":"Card Removal","damage_taken":0,"max_hp_gain":0,"max_hp_loss":0,"event_name":"The Cleric","floor":5,"gold_loss":75}],"is_beta":false,"boss_relics":[],"items_purged_floors":[],"is_endless":false,"potions_floor_spawned":[],"killed_by":"Lagavulin","ascension_level":15}