{"gold_per_floor":[117,117,131,47,47,47,86,86,110,125,125,125,165,165,165,260,260,283,283,333,333,248,287,323,335],"floor_reached":25,"playtime":1100,"items_purged":[],"score":463,"play_id":"c0c37aed-255f-4fbb-809d-1f3fcc530f2d","local_time":"20190918191308","is_ascension_mode":true,"campfire_choices":[{"data":"Accuracy","floor":6,"key":"SMITH"},{"data":"Dash","floor":8,"key":"SMITH"},{"floor":12,"key":"REST"},{"data":"Caltrops","floor":15,"key":"SMITH"}],"neow_cost":"NONE","seed_source_timestamp":108638366629300,"circlet_count":0,"master_deck":["AscendersBane","Survivor","Neutralize","Dash+1","Endless Agony","Venomology+1","Accuracy+1","Bandage Up","Injury","Caltrops+1","Heel Hook","Glass Knife","After Image","Backflip","Bane","Leg Sweep","Distraction","Flying Knee","Underhanded Strike","Escape Plan","Noxious Fumes","Well Laid Plans","Burst","Catalyst","Bite","Bite","Bite","Bite","Bite","Noxious Fumes"],"relics":["Ring of the Snake","NeowsBlessing","Golden Idol","Meat on the Bone","Regal Pillow","Shuriken","Pandora\u0027s Box","Nilry\u0027s Codex","Juzu Bracelet","MawBank"],"potions_floor_usage":[13,16,23,23,23,24],"damage_taken":[{"damage":0,"enemies":"Jaw Worm","floor":1,"turns":1},{"damage":0,"enemies":"Cultist","floor":3,"turns":1},{"damage":0,"enemies":"3 Sentries","floor":7,"turns":1},{"damage":6,"enemies":"2 Louse","floor":10,"turns":4},{"damage":16,"enemies":"Gremlin Nob","floor":13,"turns":5},{"damage":33,"enemies":"Hexaghost","floor":16,"turns":9},{"damage":15,"enemies":"Shell Parasite","floor":18,"turns":6},{"damage":35,"enemies":"Gremlin Leader","floor":23,"turns":9},{"damage":19,"enemies":"2 Thieves","floor":24,"turns":5},{"damage":40,"enemies":"Book of Stabbing","floor":25,"turns":5}],"seed_played":"6446865321139936480","potions_obtained":[{"floor":10,"key":"AttackPotion"},{"floor":18,"key":"GhostInAJar"},{"floor":23,"key":"Swift Potion"}],"is_trial":false,"path_per_floor":["M","?","M","$","?","R","E","R","T","M","?","R","E","?","R","B",null,"M","?","?","?","?","E","M","E"],"character_chosen":"THE_SILENT","items_purchased":["Bandage Up"],"campfire_rested":1,"item_purchase_floors":[4],"current_hp_per_floor":[59,59,59,59,59,59,59,59,59,57,37,66,50,50,50,35,58,49,49,49,28,28,27,30,0],"gold":335,"neow_bonus":"THREE_ENEMY_KILL","is_prod":false,"is_daily":false,"chose_seed":false,"campfire_upgraded":3,"win_rate":0,"timestamp":1568848388,"path_taken":["M","?","?","$","?","R","E","R","T","M","?","R","E","?","R","BOSS","M","?","?","?","?","E","M","E"],"build_version":"2019-07-17","purchased_purges":0,"victory":false,"max_hp_per_floor":[66,66,66,66,66,66,66,66,66,66,66,66,66,66,66,66,66,66,66,66,66,66,66,66,66],"card_choices":[{"not_picked":["Backflip","Setup"],"picked":"Dash","floor":1},{"not_picked":["Backstab","Prepared"],"picked":"Accuracy","floor":3},{"not_picked":["Night Terror","Prepared"],"picked":"Caltrops","floor":7},{"not_picked":["Dagger Throw","Bane"],"picked":"Heel Hook","floor":10},{"not_picked":["Dodge and Roll","Backstab"],"picked":"Glass Knife","floor":13},{"not_picked":["Malaise","Doppelganger"],"picked":"After Image","floor":16},{"not_picked":["Acrobatics+1","Dagger Spray"],"picked":"Catalyst","floor":18},{"not_picked":["Quick Slash","Flying Knee","Underhanded Strike"],"picked":"SKIP","floor":23},{"not_picked":["All Out Attack+1","Calculated Gamble"],"picked":"Noxious Fumes","floor":24}],"player_experience":1021359,"relics_obtained":[{"floor":7,"key":"Meat on the Bone"},{"floor":9,"key":"Regal Pillow"},{"floor":13,"key":"Shuriken"},{"floor":21,"key":"Nilry\u0027s Codex"},{"floor":23,"key":"MawBank"}],"event_choices":[{"damage_healed":0,"gold_gain":0,"player_choice":"2 cards matched","damage_taken":0,"max_hp_gain":0,"max_hp_loss":0,"event_name":"Match and Keep!","floor":2,"gold_loss":0,"cards_obtained":["Endless Agony","Venomology"]},{"damage_healed":0,"gold_gain":0,"player_choice":"Take Wound","damage_taken":0,"relics_obtained":["Golden Idol"],"max_hp_gain":0,"max_hp_loss":0,"event_name":"Golden Idol","floor":5,"gold_loss":0,"cards_obtained":["Injury"]},{"damage_healed":0,"gold_gain":0,"player_choice":"Entered Light","damage_taken":20,"max_hp_gain":0,"max_hp_loss":0,"event_name":"Shining Light","floor":11,"gold_loss":0,"cards_upgraded":["Defend_G","Venomology"]},{"damage_healed":0,"gold_gain":0,"player_choice":"Gave Potion","damage_taken":0,"relics_obtained":["Blood Vial"],"max_hp_gain":0,"max_hp_loss":0,"event_name":"WeMeetAgain","floor":14,"gold_loss":0},{"damage_healed":0,"gold_gain":0,"player_choice":"Became a vampire (Vial)","damage_taken":0,"max_hp_gain":0,"max_hp_loss":0,"event_name":"Vampires","floor":19,"relics_lost":["Blood Vial"],"gold_loss":0,"cards_obtained":["Bite","Bite","Bite","Bite","Bite"]},{"damage_healed":0,"gold_gain":50,"player_choice":"Stole From Cult","damage_taken":0,"max_hp_gain":0,"max_hp_loss":0,"event_name":"Nest","floor":20,"gold_loss":0},{"damage_healed":0,"gold_gain":0,"player_choice":"Obtained Book","damage_taken":21,"max_hp_gain":0,"max_hp_loss":0,"event_name":"Cursed Tome","floor":21,"gold_loss":0},{"damage_healed":0,"gold_gain":0,"player_choice":"Obtained Relic","damage_taken":0,"relics_obtained":["Juzu Bracelet"],"max_hp_gain":0,"max_hp_loss":0,"event_name":"Addict","floor":22,"gold_loss":85}],"is_beta":false,"boss_relics":[{"not_picked":["Runic Pyramid","Ectoplasm"],"picked":"Pandora\u0027s Box"}],"items_purged_floors":[],"is_endless":false,"potions_floor_spawned":[10,18,23],"killed_by":"Book of Stabbing","ascension_level":15}