{"gold_per_floor":[10,10,10,24,24,65,30,68,91,103,115,163,198,224,236,344,356,386,423,435,472,484,496,541,12,38,38,71,71,71,86,86,176,176,176],"floor_reached":35,"playtime":1941,"items_purged":[],"score":718,"play_id":"d1f0de86-48da-46e3-9867-dcf243f13569","local_time":"20190918144125","is_ascension_mode":true,"campfire_choices":[{"floor":11,"key":"REST"},{"floor":15,"key":"REST"},{"floor":23,"key":"REST"},{"floor":27,"key":"REST"},{"floor":32,"key":"REST"}],"neow_cost":"NO_GOLD","seed_source_timestamp":91486329382900,"circlet_count":0,"master_deck":["AscendersBane","Strike_G","Strike_G","Defend_G","Defend_G","Defend_G","Defend_G","Defend_G","Survivor","Neutralize","Malaise","Dagger Throw","Underhanded Strike","Infinite Blades","Dodge and Roll","All Out Attack","Glass Knife","Envenom","Underhanded Strike","Quick Slash+1","Prepared","Cloak And Dagger","Accuracy","Panache","Escape Plan","Night Terror"],"relics":["Ring of the Snake","Golden Idol","Potion Belt","Unceasing Top","MawBank","Mercury Hourglass","Singing Bowl","Runic Pyramid","Spirit Poop","Gremlin Horn","Kunai","PreservedInsect","Boot","Snecko Eye"],"potions_floor_usage":[14,18,24,33,33],"damage_taken":[{"damage":5,"enemies":"2 Louse","floor":1,"turns":4},{"damage":0,"enemies":"Small Slimes","floor":4,"turns":3},{"damage":30,"enemies":"3 Sentries","floor":6,"turns":13},{"damage":27,"enemies":"Lagavulin","floor":8,"turns":10},{"damage":21,"enemies":"3 Sentries","floor":12,"turns":7},{"damage":0,"enemies":"Cultist","floor":13,"turns":5},{"damage":0,"enemies":"Red Slaver","floor":14,"turns":6},{"damage":19,"enemies":"Slime Boss","floor":16,"turns":9},{"damage":5,"enemies":"Chosen","floor":18,"turns":5},{"damage":6,"enemies":"3 Byrds","floor":19,"turns":5},{"damage":14,"enemies":"Snake Plant","floor":21,"turns":6},{"damage":38,"enemies":"Slavers","floor":24,"turns":6},{"damage":42,"enemies":"Book of Stabbing","floor":28,"turns":6},{"damage":5,"enemies":"Shelled Parasite and Fungi","floor":31,"turns":6},{"damage":3,"enemies":"Collector","floor":33,"turns":9},{"damage":27,"enemies":"3 Darklings","floor":35,"turns":3}],"seed_played":"-7693861484641834136","potions_obtained":[{"floor":3,"key":"Strength Potion"},{"floor":3,"key":"Energy Potion"},{"floor":8,"key":"Energy Potion"},{"floor":13,"key":"Swift Potion"},{"floor":18,"key":"Strength Potion"},{"floor":19,"key":"Regen Potion"},{"floor":31,"key":"Ancient Potion"},{"floor":33,"key":"AttackPotion"}],"is_trial":false,"path_per_floor":["M","?","?","M","$","E","?","E","T","T","R","E","M","M","R","B",null,"M","M","?","M","?","R","E","$","T","R","E","?","?","M","R","B",null,"M"],"character_chosen":"THE_SILENT","items_purchased":["Kunai","Cloak And Dagger","Accuracy","Panache"],"campfire_rested":5,"item_purchase_floors":[25,25,25,25],"current_hp_per_floor":[54,54,54,54,54,24,40,13,13,13,32,13,13,13,33,14,55,50,44,44,32,32,53,30,30,30,51,11,11,11,8,30,29,64,37],"gold":176,"neow_bonus":"TRANSFORM_TWO_CARDS","is_prod":false,"is_daily":false,"chose_seed":false,"campfire_upgraded":0,"win_rate":0,"timestamp":1568832085,"path_taken":["M","?","?","?","?","E","?","E","T","?","R","E","?","M","R","BOSS","M","M","?","?","?","R","E","$","T","R","E","?","?","M","R","BOSS","M"],"build_version":"2019-07-17","purchased_purges":0,"victory":false,"max_hp_per_floor":[66,66,66,66,66,66,66,66,66,66,66,68,68,68,68,68,68,68,68,68,70,70,70,70,70,70,70,72,72,72,74,74,76,76,76],"card_choices":[{"not_picked":["Terror","Predator"],"picked":"Underhanded Strike","floor":1},{"not_picked":["Dagger Throw","Backflip"],"picked":"Infinite Blades","floor":4},{"not_picked":["Acrobatics","Setup"],"picked":"Dodge and Roll","floor":6},{"not_picked":["Well Laid Plans","Dagger Throw"],"picked":"Acrobatics","floor":8},{"not_picked":["Acrobatics","Slice","Flying Knee"],"picked":"Singing Bowl","floor":12},{"not_picked":["Choke","Flechettes"],"picked":"All Out Attack","floor":13},{"not_picked":["Finisher","Quick Slash"],"picked":"Glass Knife","floor":14},{"not_picked":["A Thousand Cuts","Wraith Form v2"],"picked":"Envenom","floor":16},{"not_picked":["Leg Sweep","Backstab"],"picked":"Underhanded Strike","floor":18},{"not_picked":["Slice","Dodge and Roll"],"picked":"Quick Slash+1","floor":19},{"not_picked":["Riddle With Holes","Deadly Poison","Crippling Poison+1"],"picked":"Singing Bowl","floor":21},{"not_picked":["Flying Knee","Dodge and Roll"],"picked":"Prepared","floor":24},{"not_picked":["Dagger Throw","Finisher","Expertise"],"picked":"Singing Bowl","floor":28},{"not_picked":["Slice+1","Bane","Expertise"],"picked":"Singing Bowl","floor":31},{"not_picked":["Malaise","Glass Knife","Night Terror"],"picked":"Singing Bowl","floor":33}],"player_experience":1016801,"relics_obtained":[{"floor":6,"key":"Potion Belt"},{"floor":8,"key":"Unceasing Top"},{"floor":9,"key":"MawBank"},{"floor":10,"key":"Mercury Hourglass"},{"floor":12,"key":"Singing Bowl"},{"floor":24,"key":"Gremlin Horn"},{"floor":26,"key":"PreservedInsect"},{"floor":28,"key":"Boot"}],"event_choices":[{"damage_healed":0,"gold_gain":0,"player_choice":"Take Wound","damage_taken":0,"relics_obtained":["Golden Idol"],"max_hp_gain":0,"max_hp_loss":0,"event_name":"Golden Idol","floor":2,"gold_loss":0,"cards_obtained":["Injury"]},{"damage_healed":0,"gold_gain":0,"player_choice":"Got Potions","damage_taken":0,"max_hp_gain":0,"max_hp_loss":0,"event_name":"Lab","floor":3,"gold_loss":0},{"damage_healed":16,"gold_gain":0,"player_choice":"Healed","damage_taken":0,"max_hp_gain":0,"max_hp_loss":0,"event_name":"The Cleric","floor":7,"gold_loss":35},{"cards_removed":["Injury"],"damage_healed":0,"gold_gain":0,"player_choice":"Offered Curse","damage_taken":0,"relics_obtained":["Spirit Poop"],"max_hp_gain":0,"max_hp_loss":0,"event_name":"Bonfire Elementals","floor":20,"gold_loss":0},{"damage_healed":0,"gold_gain":0,"player_choice":"Ignored","damage_taken":0,"max_hp_gain":0,"max_hp_loss":0,"event_name":"Ghosts","floor":22,"gold_loss":0},{"damage_healed":0,"gold_gain":0,"cards_transformed":["Acrobatics","Strike_G"],"player_choice":"Became Test Subject","damage_taken":0,"max_hp_gain":0,"max_hp_loss":0,"event_name":"Drug Dealer","floor":29,"gold_loss":0,"cards_obtained":["Escape Plan","Night Terror"]},{"damage_healed":0,"gold_gain":0,"player_choice":"Ignored","damage_taken":0,"max_hp_gain":0,"max_hp_loss":0,"event_name":"Vampires","floor":30,"gold_loss":0}],"is_beta":false,"boss_relics":[{"not_picked":["Empty Cage","Busted Crown"],"picked":"Runic Pyramid"},{"not_picked":["Calling Bell","Pandora\u0027s Box"],"picked":"Snecko Eye"}],"items_purged_floors":[],"is_endless":false,"potions_floor_spawned":[4,8,13,18,19,31,33],"killed_by":"3 Darklings","ascension_level":15}