{"gold_per_floor":[114,129,204,62,62,62,27,55,78,91,105,105,105,105,105,183,183,156,156],"floor_reached":19,"playtime":2012,"items_purged":[],"score":289,"play_id":"e1b757ca-1d52-416e-8767-31b9aacd7502","local_time":"20190918133737","is_ascension_mode":true,"campfire_choices":[{"floor":6,"key":"REST"},{"floor":13,"key":"REST"},{"floor":15,"key":"REST"}],"neow_cost":"PERCENT_DAMAGE","seed_source_timestamp":87588449918300,"circlet_count":0,"master_deck":["AscendersBane","Strike_G","Strike_G","Defend_G","Defend_G","Defend_G","Defend_G","Defend_G","Survivor","Neutralize","Leg Sweep","Concentrate","Poisoned Stab","Well Laid Plans","Backflip","Underhanded Strike","Caltrops","Escape Plan","Night Terror","Dagger Throw","Acrobatics","Eviscerate","Noxious Fumes","Adrenaline","Cloak And Dagger"],"relics":["Ring of the Snake","Kunai","Dream Catcher","Eternal Feather"],"potions_floor_usage":[],"damage_taken":[{"damage":2,"enemies":"Jaw Worm","floor":1,"turns":11},{"damage":0,"enemies":"2 Louse","floor":2,"turns":3},{"damage":53,"enemies":"Gremlin Nob","floor":8,"turns":7},{"damage":0,"enemies":"Small Slimes","floor":10,"turns":5},{"damage":0,"enemies":"2 Fungi Beasts","floor":11,"turns":4},{"damage":43,"enemies":"Hexaghost","floor":16,"turns":12},{"damage":32,"enemies":"2 Thieves","floor":18,"turns":5},{"damage":27,"enemies":"3 Byrds","floor":19,"turns":3}],"seed_played":"8628986815487590205","potions_obtained":[{"floor":2,"key":"EssenceOfSteel"},{"floor":11,"key":"Dexterity Potion"},{"floor":18,"key":"Fire Potion"}],"is_trial":false,"path_per_floor":["M","M","?","$","?","R","?","E","T","M","M","?","R","$","R","B",null,"M","M"],"character_chosen":"THE_SILENT","items_purchased":["Backflip","Underhanded Strike","Caltrops"],"campfire_rested":3,"item_purchase_floors":[4,4,4],"current_hp_per_floor":[42,42,31,31,31,50,66,13,13,13,13,13,32,32,51,8,52,20,0],"gold":156,"neow_bonus":"TRANSFORM_TWO_CARDS","is_prod":false,"is_daily":false,"chose_seed":false,"campfire_upgraded":0,"win_rate":0,"timestamp":1568828257,"path_taken":["M","M","?","$","?","R","?","E","T","M","M","?","R","$","R","BOSS","M","M"],"build_version":"2019-07-17","purchased_purges":0,"victory":false,"max_hp_per_floor":[66,66,66,66,66,66,66,66,66,66,66,66,66,66,66,66,66,66,66],"card_choices":[{"not_picked":["Prepared","Riddle With Holes"],"picked":"Poisoned Stab","floor":1},{"not_picked":["Caltrops","Deadly Poison"],"picked":"Well Laid Plans","floor":2},{"not_picked":["Prepared","Bane"],"picked":"Night Terror","floor":8},{"not_picked":["Deadly Poison","Flying Knee"],"picked":"Dagger Throw","floor":10},{"not_picked":["Noxious Fumes","Dagger Throw"],"picked":"Acrobatics","floor":11},{"not_picked":["Catalyst","Blur"],"picked":"Eviscerate","floor":13},{"not_picked":["Acrobatics","Slice"],"picked":"Noxious Fumes","floor":15},{"not_picked":["Corpse Explosion","A Thousand Cuts"],"picked":"Adrenaline","floor":16},{"not_picked":["Finisher","Poisoned Stab"],"picked":"Cloak And Dagger","floor":18}],"player_experience":1013515,"relics_obtained":[{"floor":8,"key":"Kunai"},{"floor":9,"key":"Dream Catcher"}],"event_choices":[{"damage_healed":0,"gold_gain":75,"player_choice":"Gather Gold","damage_taken":11,"max_hp_gain":0,"max_hp_loss":0,"event_name":"World of Goop","floor":3,"gold_loss":0},{"damage_healed":0,"gold_gain":0,"cards_transformed":["Strike_G"],"player_choice":"Change","damage_taken":0,"max_hp_gain":0,"max_hp_loss":0,"event_name":"Living Wall","floor":5,"gold_loss":0,"cards_obtained":["Escape Plan"]},{"damage_healed":16,"gold_gain":0,"player_choice":"Healed","damage_taken":0,"max_hp_gain":0,"max_hp_loss":0,"event_name":"The Cleric","floor":7,"gold_loss":35},{"damage_healed":0,"gold_gain":0,"player_choice":"Ignored","damage_taken":0,"max_hp_gain":0,"max_hp_loss":0,"event_name":"Shining Light","floor":12,"gold_loss":0}],"is_beta":false,"boss_relics":[{"not_picked":["WristBlade","Coffee Dripper"],"picked":"Eternal Feather"}],"items_purged_floors":[],"is_endless":false,"potions_floor_spawned":[2,11,18],"killed_by":"3 Byrds","ascension_level":15}