{"gold_per_floor":[116,116,136,286,211,237,237,248,302,74,74,88,118,128,128,128],"floor_reached":16,"playtime":5415,"items_purged":["Strike_G"],"score":175,"play_id":"eb3b47ca-239f-4d24-baaf-068c79256307","local_time":"20190928200826","is_ascension_mode":true,"campfire_choices":[{"floor":11,"key":"REST"},{"floor":15,"key":"REST"}],"neow_cost":"NONE","seed_source_timestamp":218565595844800,"circlet_count":0,"master_deck":["AscendersBane","Strike_G","Strike_G+1","Strike_G","Defend_G","Defend_G","Defend_G","Defend_G","Defend_G","Survivor","Neutralize+1","Sucker Punch","Underhanded Strike","Dagger Throw","PiercingWail","Tactician","Concentrate","Burst"],"relics":["Ring of the Snake","Potion Belt","Bag of Preparation","Whetstone"],"potions_floor_usage":[],"damage_taken":[{"damage":0,"enemies":"Jaw Worm","floor":1,"turns":4},{"damage":0,"enemies":"Small Slimes","floor":3,"turns":3},{"damage":57,"enemies":"3 Sentries","floor":6,"turns":16},{"damage":2,"enemies":"2 Louse","floor":8,"turns":3},{"damage":0,"enemies":"Large Slime","floor":12,"turns":6},{"damage":1,"enemies":"2 Fungi Beasts","floor":14,"turns":3},{"damage":60,"enemies":"Slime Boss","floor":16,"turns":11}],"seed_played":"-6175824055697565670","potions_obtained":[{"floor":12,"key":"SteroidPotion"},{"floor":14,"key":"SmokeBomb"}],"is_trial":false,"path_per_floor":["M","?","M","?","?","E","?","M","T","$","R","M","?","M","R","B"],"character_chosen":"THE_SILENT","items_purchased":["Whetstone"],"campfire_rested":2,"item_purchase_floors":[10],"current_hp_per_floor":[65,70,70,70,70,13,13,11,11,11,34,34,34,33,56,0],"gold":128,"neow_bonus":"TEN_PERCENT_HP_BONUS","is_prod":false,"is_daily":false,"chose_seed":false,"campfire_upgraded":0,"win_rate":0,"timestamp":1569715706,"path_taken":["M","?","M","?","?","E","?","M","T","$","R","?","?","M","R","BOSS"],"build_version":"2019-07-17","purchased_purges":1,"victory":false,"max_hp_per_floor":[72,77,77,77,77,77,77,77,77,77,77,77,77,77,77,77],"card_choices":[{"not_picked":["PiercingWail","Slice"],"picked":"Sucker Punch","floor":1},{"not_picked":["Riddle With Holes","Dagger Spray"],"picked":"Underhanded Strike","floor":3},{"not_picked":["Well Laid Plans","Sucker Punch"],"picked":"Dagger Throw","floor":6},{"not_picked":["Quick Slash","Noxious Fumes"],"picked":"Tactician","floor":8},{"not_picked":["Masterful Stab","Blade Dance"],"picked":"Concentrate","floor":12},{"not_picked":["Slice","Skewer"],"picked":"Burst","floor":14}],"player_experience":1025308,"relics_obtained":[{"floor":6,"key":"Potion Belt"},{"floor":9,"key":"Bag of Preparation"}],"event_choices":[{"damage_healed":0,"gold_gain":0,"player_choice":"Donut","damage_taken":0,"max_hp_gain":5,"max_hp_loss":0,"event_name":"Big Fish","floor":2,"gold_loss":0},{"damage_healed":0,"gold_gain":150,"player_choice":"AGREE","damage_taken":0,"max_hp_gain":0,"max_hp_loss":0,"event_name":"Liars Game","floor":4,"gold_loss":0,"cards_obtained":["Doubt"]},{"cards_removed":["Doubt"],"damage_healed":0,"gold_gain":0,"player_choice":"Card Removal","damage_taken":0,"max_hp_gain":0,"max_hp_loss":0,"event_name":"The Cleric","floor":5,"gold_loss":75},{"damage_healed":0,"gold_gain":0,"cards_transformed":["Strike_G"],"player_choice":"Change","damage_taken":0,"max_hp_gain":0,"max_hp_loss":0,"event_name":"Living Wall","floor":7,"gold_loss":0,"cards_obtained":["PiercingWail"]},{"damage_healed":0,"gold_gain":30,"player_choice":"Searched \u00271\u0027 times","damage_taken":0,"max_hp_gain":0,"max_hp_loss":0,"event_name":"Dead Adventurer","floor":13,"gold_loss":0}],"is_beta":false,"boss_relics":[],"items_purged_floors":[10],"is_endless":false,"potions_floor_spawned":[12,14],"killed_by":"Slime Boss","ascension_level":15}