{"gold_per_floor":[213,2,19,0,12,12,287,307,331,331,349,369,26,44,44,121,121,137,150,150,167,194,194,209,259,283,283,283,283],"floor_reached":29,"playtime":1176,"items_purged":[],"score":467,"play_id":"2ba9acfa-cf14-47f1-9222-52d51a34559e","local_time":"20190928174800","is_ascension_mode":true,"campfire_choices":[{"floor":10,"key":"REST"},{"data":"Bandage Up","floor":15,"key":"SMITH"},{"data":"Noxious Fumes","floor":23,"key":"SMITH"},{"floor":28,"key":"REST"}],"neow_cost":"NONE","seed_source_timestamp":214384821146000,"circlet_count":0,"master_deck":["AscendersBane","Strike_G","Strike_G","Strike_G","Strike_G","Strike_G","Defend_G","Defend_G","Defend_G","Defend_G","Defend_G","Survivor","Neutralize","Noxious Fumes+1","Bandage Up+1","Bouncing Flask","Bane","Regret","Crippling Poison","Dodge and Roll","All Out Attack","Well Laid Plans","Poisoned Stab","Poisoned Stab","Venomology","Footwork","PiercingWail","Leg Sweep","Caltrops","Dodge and Roll","Bouncing Flask","Footwork","Deadly Poison+1","Deflect"],"relics":["Ring of the Snake","Tiny Chest","Art of War","Bronze Scales","Kunai","Orrery","Orichalcum","Pen Nib"],"potions_floor_usage":[14,16,18,21,21,24,29],"damage_taken":[{"damage":0,"enemies":"Jaw Worm","floor":1,"turns":5},{"damage":10,"enemies":"Small Slimes","floor":3,"turns":5},{"damage":6,"enemies":"Cultist","floor":5,"turns":4},{"damage":16,"enemies":"3 Louse","floor":8,"turns":4},{"damage":21,"enemies":"Exordium Wildlife","floor":11,"turns":4},{"damage":11,"enemies":"2 Fungi Beasts","floor":12,"turns":4},{"damage":6,"enemies":"3 Louse","floor":14,"turns":2},{"damage":6,"enemies":"Hexaghost","floor":16,"turns":9},{"damage":2,"enemies":"3 Byrds","floor":18,"turns":4},{"damage":12,"enemies":"Spheric Guardian","floor":19,"turns":5},{"damage":12,"enemies":"Snecko","floor":21,"turns":5},{"damage":22,"enemies":"Shelled Parasite and Fungi","floor":24,"turns":7},{"damage":36,"enemies":"Gremlin Leader","floor":29,"turns":7}],"seed_played":"-2538943490953391348","potions_obtained":[{"floor":1,"key":"SkillPotion"},{"floor":3,"key":"SteroidPotion"},{"floor":12,"key":"PowerPotion"},{"floor":14,"key":"Fire Potion"},{"floor":18,"key":"SneckoOil"}],"is_trial":false,"path_per_floor":["M","$","M","?","M","?","?","M","T","R","M","M","$","M","R","B",null,"M","M","?","M","T","R","M","?","T","?","R","E"],"character_chosen":"THE_SILENT","items_purchased":["Tiny Chest","Bandage Up","Well Laid Plans","Poisoned Stab","Kunai"],"campfire_rested":2,"item_purchase_floors":[2,2,13,13,13],"current_hp_per_floor":[59,59,53,53,51,33,33,21,21,40,23,16,16,14,14,14,53,51,45,45,39,39,39,23,23,23,5,26,0],"gold":283,"neow_bonus":"HUNDRED_GOLD","is_prod":false,"is_daily":false,"chose_seed":false,"campfire_upgraded":2,"win_rate":0,"timestamp":1569707280,"path_taken":["M","$","M","?","M","?","?","?","T","R","M","M","$","M","R","BOSS","M","M","?","M","?","R","?","?","T","?","R","E"],"build_version":"2019-07-17","purchased_purges":0,"victory":false,"max_hp_per_floor":[66,66,66,66,66,66,66,66,66,66,66,66,66,66,66,66,66,66,66,66,66,66,66,66,66,66,71,71,71],"card_choices":[{"not_picked":["Quick Slash","Caltrops"],"picked":"Noxious Fumes","floor":1},{"not_picked":["Slice","Blur"],"picked":"Bouncing Flask","floor":3},{"not_picked":["Endless Agony","Sucker Punch"],"picked":"Bane","floor":5},{"not_picked":["Blade Dance","Poisoned Stab"],"picked":"Crippling Poison","floor":8},{"not_picked":["Grand Finale","Eviscerate"],"picked":"Dodge and Roll","floor":11},{"not_picked":["Slice","Underhanded Strike"],"picked":"All Out Attack","floor":12},{"not_picked":["Dagger Throw","Prepared"],"picked":"Poisoned Stab","floor":14},{"not_picked":["Bullet Time","Phantasmal Killer"],"picked":"Venomology","floor":16},{"not_picked":["Cloak And Dagger","Dodge and Roll"],"picked":"Footwork","floor":17},{"not_picked":["Dagger Spray","Flying Knee"],"picked":"PiercingWail","floor":17},{"not_picked":["Dodge and Roll","Flying Knee"],"picked":"Leg Sweep","floor":17},{"not_picked":["Blade Dance","Calculated Gamble"],"picked":"Caltrops","floor":17},{"not_picked":["Dagger Spray","Sucker Punch"],"picked":"Dodge and Roll","floor":17},{"not_picked":["Concentrate","Wraith Form v2"],"picked":"Bouncing Flask","floor":18},{"not_picked":["PiercingWail","Underhanded Strike"],"picked":"Footwork","floor":19},{"not_picked":["Dagger Spray","Riddle With Holes"],"picked":"Deadly Poison+1","floor":21},{"not_picked":["Dagger Spray","Skewer"],"picked":"Deflect","floor":24}],"player_experience":1023419,"relics_obtained":[{"floor":9,"key":"Bronze Scales"},{"floor":22,"key":"Orichalcum"},{"floor":26,"key":"Pen Nib"}],"event_choices":[{"damage_healed":0,"gold_gain":0,"player_choice":"Left Gold","damage_taken":0,"max_hp_gain":0,"max_hp_loss":0,"event_name":"World of Goop","floor":4,"gold_loss":19},{"damage_healed":0,"gold_gain":0,"player_choice":"Success","damage_taken":18,"relics_obtained":["Art of War"],"max_hp_gain":0,"max_hp_loss":0,"event_name":"Scrap Ooze","floor":6,"gold_loss":0},{"damage_healed":0,"gold_gain":275,"player_choice":"Desecrate","damage_taken":0,"max_hp_gain":0,"max_hp_loss":0,"event_name":"Golden Shrine","floor":7,"gold_loss":0,"cards_obtained":["Regret"]},{"damage_healed":0,"gold_gain":0,"player_choice":"Ignored","damage_taken":0,"max_hp_gain":0,"max_hp_loss":0,"event_name":"Vampires","floor":20,"gold_loss":0},{"damage_healed":0,"gold_gain":50,"player_choice":"Stole From Cult","damage_taken":0,"max_hp_gain":0,"max_hp_loss":0,"event_name":"Nest","floor":25,"gold_loss":0},{"damage_healed":0,"gold_gain":0,"player_choice":"Shed Blood","damage_taken":23,"max_hp_gain":5,"max_hp_loss":0,"event_name":"Forgotten Altar","floor":27,"gold_loss":0}],"is_beta":false,"boss_relics":[{"not_picked":["Black Star","WristBlade"],"picked":"Orrery"}],"items_purged_floors":[],"is_endless":false,"potions_floor_spawned":[1,3,12,14,18,19],"killed_by":"Gremlin Leader","ascension_level":15}