{"gold_per_floor":[117,77,227,31,42,42,42,71,123,153,164,176,176,176,176,248,248,261,261,261,261,275,275,295,295],"floor_reached":25,"playtime":800,"items_purged":["Doubt"],"score":453,"play_id":"e41a8e32-ff7b-40a9-b344-1049c4c098cc","local_time":"20191011121410","is_ascension_mode":true,"campfire_choices":[{"data":"Noxious Fumes","floor":6,"key":"SMITH"},{"floor":13,"key":"REST"},{"data":"Catalyst","floor":15,"key":"SMITH"},{"floor":23,"key":"REST"}],"neow_cost":"NONE","seed_source_timestamp":1011163966422100,"circlet_count":0,"master_deck":["AscendersBane","Strike_G+1","Strike_G+1","Strike_G+1","Strike_G+1","Strike_G+1","Defend_G+1","Defend_G+1","Defend_G+1","Defend_G+1","Defend_G+1","Survivor","Neutralize","Noxious Fumes+1","Infinite Blades","Sucker Punch","Cloak And Dagger","Catalyst+1","Noxious Fumes","Bouncing Flask","Noxious Fumes","Poisoned Stab","Heel Hook","Caltrops","Bane","Deflect","Footwork"],"relics":["Ring of the Serpent","NeowsBlessing","Tiny Chest","Potion Belt","Ancient Tea Set","Prayer Wheel","Enchiridion"],"potions_floor_usage":[24,25,25],"damage_taken":[{"damage":0,"enemies":"Cultist","floor":1,"turns":1},{"damage":0,"enemies":"2 Louse","floor":5,"turns":1},{"damage":0,"enemies":"Gremlin Nob","floor":8,"turns":1},{"damage":24,"enemies":"3 Sentries","floor":10,"turns":8},{"damage":5,"enemies":"Small Slimes","floor":11,"turns":4},{"damage":10,"enemies":"2 Fungi Beasts","floor":12,"turns":4},{"damage":34,"enemies":"Hexaghost","floor":16,"turns":8},{"damage":6,"enemies":"Chosen","floor":18,"turns":4},{"damage":18,"enemies":"3 Byrds","floor":22,"turns":3},{"damage":21,"enemies":"3 Cultists","floor":24,"turns":5},{"damage":17,"enemies":"Sentry and Sphere","floor":25,"turns":2}],"seed_played":"2909463543037654025","potions_obtained":[{"floor":11,"key":"Energy Potion"},{"floor":12,"key":"FearPotion"},{"floor":18,"key":"EssenceOfSteel"}],"is_trial":false,"path_per_floor":["M","$","?","$","M","R","?","E","T","E","M","M","R","?","R","B",null,"M","?","?","?","M","R","M","M"],"character_chosen":"THE_SILENT","items_purchased":["Infinite Blades","Tiny Chest"],"campfire_rested":2,"item_purchase_floors":[2,4],"current_hp_per_floor":[59,59,59,59,59,59,59,59,59,35,30,20,39,44,44,10,56,50,29,29,29,11,32,11,0],"gold":295,"neow_bonus":"THREE_ENEMY_KILL","is_prod":false,"is_daily":false,"chose_seed":false,"campfire_upgraded":2,"win_rate":0,"timestamp":1570810450,"path_taken":["M","?","?","$","M","R","?","E","T","E","M","M","R","?","R","BOSS","M","?","?","?","M","R","?","M"],"build_version":"2019-07-17","purchased_purges":1,"victory":false,"max_hp_per_floor":[66,66,66,66,66,66,66,66,66,66,66,66,66,71,71,71,71,71,71,71,71,71,71,71,71],"card_choices":[{"not_picked":["Bane","Dagger Spray"],"picked":"Noxious Fumes","floor":1},{"not_picked":["Well Laid Plans","Expertise"],"picked":"Sucker Punch","floor":5},{"not_picked":["Poisoned Stab","Backflip"],"picked":"Cloak And Dagger","floor":8},{"not_picked":["Dodge and Roll","Sucker Punch"],"picked":"Catalyst","floor":10},{"not_picked":["Outmaneuver","Backstab"],"picked":"Noxious Fumes","floor":11},{"not_picked":["Quick Slash","Dash"],"picked":"Bouncing Flask","floor":11},{"not_picked":["Night Terror","Acrobatics"],"picked":"Noxious Fumes","floor":12},{"not_picked":["Quick Slash","Choke"],"picked":"Poisoned Stab","floor":12},{"not_picked":["Backflip","Crippling Poison"],"picked":"Heel Hook","floor":18},{"not_picked":["Distraction","Crippling Poison"],"picked":"Caltrops","floor":18},{"not_picked":["Dagger Throw","Cloak And Dagger"],"picked":"Bane","floor":22},{"not_picked":["Poisoned Stab","Blade Dance"],"picked":"Deflect","floor":22},{"not_picked":["Blade Dance","Reflex"],"picked":"Footwork","floor":24},{"not_picked":["Concentrate","Calculated Gamble","Acrobatics"],"picked":"SKIP","floor":24}],"player_experience":1030882,"relics_obtained":[{"floor":8,"key":"Potion Belt"},{"floor":9,"key":"Ancient Tea Set"},{"floor":10,"key":"Prayer Wheel"},{"floor":19,"key":"Enchiridion"}],"event_choices":[{"damage_healed":0,"gold_gain":150,"player_choice":"AGREE","damage_taken":0,"max_hp_gain":0,"max_hp_loss":0,"event_name":"Liars Game","floor":3,"gold_loss":0,"cards_obtained":["Doubt"]},{"damage_healed":0,"gold_gain":0,"player_choice":"Searched \u00270\u0027 times","damage_taken":0,"max_hp_gain":0,"max_hp_loss":0,"event_name":"Dead Adventurer","floor":7,"gold_loss":0},{"damage_healed":0,"gold_gain":0,"player_choice":"Donut","damage_taken":0,"max_hp_gain":5,"max_hp_loss":0,"event_name":"Big Fish","floor":14,"gold_loss":0},{"damage_healed":0,"gold_gain":0,"player_choice":"Obtained Book","damage_taken":21,"max_hp_gain":0,"max_hp_loss":0,"event_name":"Cursed Tome","floor":19,"gold_loss":0},{"damage_healed":0,"gold_gain":0,"player_choice":"Simplicity","damage_taken":0,"max_hp_gain":0,"max_hp_loss":0,"event_name":"Back to Basics","floor":20,"gold_loss":0,"cards_upgraded":["Strike_G","Strike_G","Strike_G","Strike_G","Strike_G","Defend_G","Defend_G","Defend_G","Defend_G","Defend_G"]},{"damage_healed":0,"gold_gain":0,"player_choice":"Ignored","damage_taken":0,"max_hp_gain":0,"max_hp_loss":0,"event_name":"The Mausoleum","floor":21,"gold_loss":0}],"is_beta":false,"boss_relics":[{"not_picked":["Eternal Feather","Orrery"],"picked":"Ring of the Serpent"}],"items_purged_floors":[4],"is_endless":false,"potions_floor_spawned":[11,12,18],"killed_by":"Sentry and Sphere","ascension_level":15}