{"gold_per_floor":[117,132,132,151,163,195,195,195,195,195,224,242,261,261,261,333,333,351,370,370,370,295,295,312,312,312,60,60,95,95,107,107,185,185,196,208,208,208,208],"floor_reached":39,"playtime":2460,"items_purged":[],"score":716,"play_id":"d41cda2f-a6a9-49f0-9867-db935f217447","local_time":"20191118105853","is_ascension_mode":true,"campfire_choices":[{"floor":7,"key":"REST"},{"floor":10,"key":"REST"},{"data":"Neutralize","floor":15,"key":"SMITH"},{"floor":23,"key":"REST"},{"data":"Caltrops","floor":25,"key":"SMITH"},{"data":"Malaise","floor":28,"key":"SMITH"},{"floor":30,"key":"RECALL"},{"data":"Underhanded Strike","floor":32,"key":"SMITH"}],"neow_cost":"NONE","seed_source_timestamp":409415557680100,"circlet_count":0,"master_deck":["AscendersBane","Strike_G","Strike_G","Strike_G","Strike_G","Defend_G","Defend_G","Defend_G","Defend_G","Survivor","Neutralize+1","Underhanded Strike+1","Footwork+1","Deflect","Acrobatics","Underhanded Strike","Heel Hook","Reflex","Malaise+1","Dodge and Roll","Caltrops+1","Acrobatics","Flying Knee","Backflip","Burst","Tools of the Trade","Underhanded Strike+1","All Out Attack+1","Writhe"],"relics":["Ring of the Snake","NeowsBlessing","Pantograph","WarpedTongs","Gremlin Horn","Singing Bowl","Snecko Eye","Molten Egg 2","Orichalcum","TheAbacus","Bag of Preparation","Cursed Key"],"potions_floor_usage":[6,16,16,29],"damage_taken":[{"damage":0,"enemies":"Small Slimes","floor":1,"turns":1},{"damage":0,"enemies":"Cultist","floor":2,"turns":1},{"damage":0,"enemies":"2 Louse","floor":4,"turns":1},{"damage":5,"enemies":"Large Slime","floor":5,"turns":12},{"damage":37,"enemies":"Gremlin Nob","floor":6,"turns":6},{"damage":18,"enemies":"Lagavulin","floor":11,"turns":10},{"damage":2,"enemies":"Exordium Wildlife","floor":12,"turns":6},{"damage":3,"enemies":"3 Louse","floor":13,"turns":6},{"damage":42,"enemies":"Slime Boss","floor":16,"turns":18},{"damage":18,"enemies":"3 Byrds","floor":18,"turns":8},{"damage":1,"enemies":"Chosen","floor":19,"turns":8},{"damage":0,"enemies":"Centurion and Healer","floor":24,"turns":7},{"damage":2,"enemies":"Book of Stabbing","floor":29,"turns":6},{"damage":6,"enemies":"Snake Plant","floor":31,"turns":7},{"damage":45,"enemies":"Automaton","floor":33,"turns":17},{"damage":11,"enemies":"3 Shapes","floor":35,"turns":4},{"damage":20,"enemies":"Orb Walker","floor":36,"turns":8},{"damage":50,"enemies":"Jaw Worm Horde","floor":39,"turns":3}],"seed_played":"-197931439013169052","potions_obtained":[{"floor":2,"key":"Weak Potion"},{"floor":6,"key":"GhostInAJar"},{"floor":12,"key":"FearPotion"},{"floor":24,"key":"EntropicBrew"}],"is_trial":false,"path_per_floor":["M","M","?","M","M","E","R","?","T","R","E","M","M","?","R","B",null,"M","M","?","?","?","R","M","R","T","$","R","E","R","M","R","B",null,"M","M","?","?","M"],"character_chosen":"THE_SILENT","items_purchased":["TheAbacus","Backflip"],"campfire_rested":3,"item_purchase_floors":[27,27],"current_hp_per_floor":[59,59,59,59,54,17,36,36,36,55,39,37,34,27,27,10,54,36,35,35,35,35,55,57,57,57,57,57,55,55,51,51,27,61,50,30,30,44,0],"gold":208,"neow_bonus":"THREE_ENEMY_KILL","is_prod":false,"is_daily":false,"chose_seed":false,"campfire_upgraded":4,"win_rate":0,"timestamp":1574092733,"path_taken":["M","M","?","?","?","E","R","?","T","R","E","M","?","?","R","BOSS","M","M","?","?","?","R","M","R","T","$","R","E","R","M","R","BOSS","M","M","?","?","M"],"build_version":"2019-07-17","purchased_purges":0,"victory":false,"max_hp_per_floor":[66,66,66,66,66,66,66,66,66,66,68,68,68,68,68,68,68,68,68,68,68,68,68,70,70,70,70,70,70,70,72,72,72,72,72,72,72,72,72],"card_choices":[{"not_picked":["Catalyst","Outmaneuver"],"picked":"Underhanded Strike","floor":1},{"not_picked":["Infinite Blades","Reflex"],"picked":"Footwork","floor":2},{"not_picked":["Catalyst","Bane"],"picked":"Deflect","floor":4},{"not_picked":["Expertise","Deflect"],"picked":"Acrobatics","floor":5},{"not_picked":["Dodge and Roll","Sucker Punch"],"picked":"Underhanded Strike","floor":6},{"not_picked":["Deadly Poison","Masterful Stab","Flying Knee"],"picked":"Singing Bowl","floor":11},{"not_picked":["Noxious Fumes","Deadly Poison"],"picked":"Heel Hook","floor":12},{"not_picked":["Deflect","Unload"],"picked":"Reflex","floor":13},{"not_picked":["Night Terror","Grand Finale"],"picked":"Malaise","floor":16},{"not_picked":["Quick Slash","Masterful Stab+1"],"picked":"Dodge and Roll","floor":18},{"not_picked":["Poisoned Stab","Bane"],"picked":"Caltrops","floor":19},{"not_picked":["Deadly Poison","Poisoned Stab+1","Calculated Gamble"],"picked":"Singing Bowl","floor":24},{"not_picked":["Quick Slash+1","Reflex"],"picked":"Burst","floor":29},{"not_picked":["Reflex","Outmaneuver+1","Prepared+1"],"picked":"Singing Bowl","floor":31},{"not_picked":["Adrenaline","Die Die Die+1"],"picked":"Tools of the Trade","floor":33},{"not_picked":["Poisoned Stab+1","Dodge and Roll+1"],"picked":"Underhanded Strike+1","floor":35},{"not_picked":["Dash+1","Deflect"],"picked":"All Out Attack+1","floor":36}],"player_experience":1037509,"relics_obtained":[{"floor":6,"key":"Pantograph"},{"floor":9,"key":"Gremlin Horn"},{"floor":11,"key":"Singing Bowl"},{"floor":26,"key":"Orichalcum"},{"floor":29,"key":"Bag of Preparation"}],"event_choices":[{"damage_healed":0,"gold_gain":0,"player_choice":"Upgraded","damage_taken":0,"max_hp_gain":0,"max_hp_loss":0,"event_name":"Upgrade Shrine","floor":3,"gold_loss":0,"cards_upgraded":["Footwork"]},{"damage_healed":0,"gold_gain":0,"player_choice":"Rummage","damage_taken":0,"relics_obtained":["WarpedTongs"],"max_hp_gain":0,"max_hp_loss":0,"event_name":"Accursed Blacksmith","floor":8,"gold_loss":0,"cards_obtained":["Pain"]},{"cards_removed":["Pain"],"damage_healed":0,"gold_gain":0,"player_choice":"Card Removal","damage_taken":7,"max_hp_gain":0,"max_hp_loss":0,"event_name":"Golden Wing","floor":14,"gold_loss":0},{"damage_healed":0,"gold_gain":0,"cards_transformed":["Defend_G","Strike_G"],"player_choice":"Became Test Subject","damage_taken":0,"max_hp_gain":0,"max_hp_loss":0,"event_name":"Drug Dealer","floor":20,"gold_loss":0,"cards_obtained":["Acrobatics","Flying Knee"]},{"damage_healed":0,"gold_gain":0,"player_choice":"Opened","damage_taken":0,"relics_obtained":["Molten Egg 2"],"max_hp_gain":0,"max_hp_loss":0,"event_name":"The Mausoleum","floor":21,"gold_loss":0,"cards_obtained":["Writhe"]},{"cards_removed":["Writhe"],"damage_healed":0,"gold_gain":0,"player_choice":"Gave Gold","damage_taken":0,"max_hp_gain":0,"max_hp_loss":0,"event_name":"Beggar","floor":22,"gold_loss":75},{"damage_healed":0,"gold_gain":0,"player_choice":"Ignored","damage_taken":0,"max_hp_gain":0,"max_hp_loss":0,"event_name":"The Moai Head","floor":37,"gold_loss":0},{"damage_healed":14,"gold_gain":0,"player_choice":"Writhe","damage_taken":0,"max_hp_gain":0,"max_hp_loss":0,"event_name":"Winding Halls","floor":38,"gold_loss":0,"cards_obtained":["Writhe"]}],"is_beta":false,"boss_relics":[{"not_picked":["White Beast Statue","Runic Pyramid"],"picked":"Snecko Eye"},{"not_picked":["Astrolabe","Runic Dome"],"picked":"Cursed Key"}],"items_purged_floors":[],"is_endless":false,"potions_floor_spawned":[2,6,12,24,31],"killed_by":"Jaw Worm Horde","ascension_level":15}