{"gold_per_floor":[115,132,147,147,61,95,111,111,111,143,143,143,143,169,169,246,246,262,26,26,26,26,26,59,59,59,84,84,54],"floor_reached":29,"playtime":1387,"items_purged":[],"score":481,"play_id":"243391cf-64a8-4c18-bd35-ddde876a14e2","local_time":"20191216143723","is_ascension_mode":true,"campfire_choices":[{"data":"Crippling Poison","floor":8,"key":"SMITH"},{"floor":11,"key":"REST"},{"data":"Noxious Fumes","floor":15,"key":"SMITH"},{"data":"Bouncing Flask","floor":23,"key":"SMITH"}],"neow_cost":"NONE","seed_source_timestamp":231640625948200,"circlet_count":0,"master_deck":["AscendersBane","Strike_G","Strike_G","Strike_G","Strike_G","Defend_G","Defend_G","Defend_G","Defend_G","Defend_G","Survivor","Neutralize","Noxious Fumes+1","Crippling Poison+1","Quick Slash","Bane","All Out Attack","Adrenaline","Bouncing Flask+1","Corpse Explosion","Footwork","Writhe","Shame","Bane","Flying Knee","Prepared"],"relics":["Ring of the Snake","NeowsBlessing","Strawberry","Sundial","Gambling Chip","Blue Candle","Snecko Eye","TwistedFunnel","Singing Bowl","The Courier","Dodecahedron","Omamori","Juzu Bracelet","Peace Pipe"],"potions_floor_usage":[18,27],"damage_taken":[{"damage":0,"enemies":"Cultist","floor":1,"turns":1},{"damage":0,"enemies":"2 Louse","floor":2,"turns":1},{"damage":0,"enemies":"Small Slimes","floor":3,"turns":1},{"damage":18,"enemies":"3 Sentries","floor":6,"turns":5},{"damage":5,"enemies":"3 Louse","floor":7,"turns":3},{"damage":7,"enemies":"Lagavulin","floor":10,"turns":6},{"damage":16,"enemies":"3 Sentries","floor":14,"turns":5},{"damage":23,"enemies":"Hexaghost","floor":16,"turns":8},{"damage":0,"enemies":"3 Byrds","floor":18,"turns":2},{"damage":36,"enemies":"Book of Stabbing","floor":24,"turns":5},{"damage":20,"enemies":"Slavers","floor":27,"turns":2},{"damage":11,"enemies":"2 Thieves","floor":29,"turns":1}],"seed_played":"-2107402053815996686","potions_obtained":[{"floor":1,"key":"EssenceOfSteel"},{"floor":10,"key":"AttackPotion"}],"is_trial":false,"path_per_floor":["M","M","M","?","$","E","M","R","T","E","R","$","?","E","R","B",null,"M","$","?","?","T","R","E","?","T","E","?","M"],"character_chosen":"THE_SILENT","items_purchased":["Bane","All Out Attack","TwistedFunnel","Footwork"],"campfire_rested":1,"item_purchase_floors":[5,5,19,19],"current_hp_per_floor":[59,59,59,59,59,48,43,43,43,36,57,57,57,41,41,18,59,59,59,59,59,59,59,25,25,25,5,5,0],"gold":54,"neow_bonus":"THREE_ENEMY_KILL","is_prod":false,"is_daily":false,"chose_seed":false,"campfire_upgraded":3,"win_rate":0,"timestamp":1576525043,"path_taken":["M","?","M","?","$","E","M","R","T","E","R","$","?","E","R","BOSS","M","$","?","?","?","R","E","?","T","E","?","M"],"build_version":"2019-07-17","purchased_purges":0,"victory":false,"max_hp_per_floor":[66,66,66,66,66,73,73,73,73,73,73,73,73,73,73,73,73,73,73,73,73,73,73,75,75,75,75,75,75],"card_choices":[{"not_picked":["Slice","Eviscerate"],"picked":"Noxious Fumes","floor":1},{"not_picked":["PiercingWail","Acrobatics"],"picked":"Crippling Poison","floor":2},{"not_picked":["Distraction","Backflip"],"picked":"Quick Slash","floor":3},{"not_picked":["Quick Slash","Skewer"],"picked":"Adrenaline","floor":6},{"not_picked":["Eviscerate","Flying Knee","Blade Dance"],"picked":"SKIP","floor":7},{"not_picked":["Calculated Gamble","Phantasmal Killer"],"picked":"Accuracy","floor":10},{"not_picked":["Expertise","Blade Dance"],"picked":"Bouncing Flask","floor":14},{"not_picked":["After Image","Doppelganger"],"picked":"Corpse Explosion","floor":16},{"not_picked":["Cloak And Dagger","Deflect","Calculated Gamble"],"picked":"SKIP","floor":18},{"not_picked":["Blade Dance+1","Deadly Poison","Endless Agony"],"picked":"Singing Bowl","floor":24},{"not_picked":["Choke","Flying Knee"],"picked":"Bane","floor":27}],"player_experience":1041292,"relics_obtained":[{"floor":6,"key":"Strawberry"},{"floor":9,"key":"Sundial"},{"floor":10,"key":"Gambling Chip"},{"floor":14,"key":"Blue Candle"},{"floor":22,"key":"The Courier"},{"floor":24,"key":"Dodecahedron"},{"floor":26,"key":"Juzu Bracelet"},{"floor":27,"key":"Peace Pipe"}],"event_choices":[{"damage_healed":0,"gold_gain":0,"cards_transformed":["Strike_G"],"player_choice":"Change","damage_taken":0,"max_hp_gain":0,"max_hp_loss":0,"event_name":"Living Wall","floor":4,"gold_loss":0,"cards_obtained":["Blade Dance"]},{"damage_healed":0,"gold_gain":0,"player_choice":"Searched \u00271\u0027 times","damage_taken":0,"max_hp_gain":0,"max_hp_loss":0,"event_name":"Dead Adventurer","floor":13,"gold_loss":0},{"damage_healed":0,"gold_gain":0,"player_choice":"Ignored","damage_taken":0,"max_hp_gain":0,"max_hp_loss":0,"event_name":"Vampires","floor":20,"gold_loss":0},{"damage_healed":0,"gold_gain":0,"player_choice":"Opened","damage_taken":0,"relics_obtained":["Singing Bowl"],"max_hp_gain":0,"max_hp_loss":0,"event_name":"The Mausoleum","floor":21,"gold_loss":0,"cards_obtained":["Writhe"]},{"damage_healed":0,"gold_gain":0,"player_choice":"Stole Relic","damage_taken":0,"relics_obtained":["Omamori"],"max_hp_gain":0,"max_hp_loss":0,"event_name":"Addict","floor":25,"gold_loss":0,"cards_obtained":["Shame"]},{"damage_healed":0,"gold_gain":0,"cards_transformed":["Accuracy","Blade Dance"],"player_choice":"Became Test Subject","damage_taken":0,"max_hp_gain":0,"max_hp_loss":0,"event_name":"Drug Dealer","floor":28,"gold_loss":0,"cards_obtained":["Flying Knee","Prepared"]}],"is_beta":false,"boss_relics":[{"not_picked":["HoveringKite","WristBlade"],"picked":"Snecko Eye"}],"items_purged_floors":[],"is_endless":false,"potions_floor_spawned":[1,10,14],"killed_by":"2 Thieves","ascension_level":15}