{"gold_per_floor":[361,361,381,401,70,95,95,106,129,56,69,104,104,129,129,227,227,241,260,185,9,9,9],"floor_reached":23,"playtime":1793,"items_purged":[],"score":352,"play_id":"df35c727-a467-4f55-bc7e-15d621fd6897","local_time":"20200111230311","is_ascension_mode":true,"campfire_choices":[{"data":"Wraith Form v2","floor":7.0,"key":"SMITH"},{"floor":15.0,"key":"REST"}],"neow_cost":"TEN_PERCENT_HP_LOSS","seed_source_timestamp":0,"circlet_count":0,"master_deck":["AscendersBane","Strike_G","Strike_G","Strike_G","Strike_G","Strike_G","Defend_G","Defend_G","Defend_G","Defend_G","Defend_G","Survivor","Neutralize","Dash+1","Dagger Throw","PiercingWail","Discovery","Wraith Form v2+1","Blur","Dodge and Roll","Poisoned Stab","Bane","Well Laid Plans","Infinite Blades","Sucker Punch","Corpse Explosion","Caltrops+1","Poisoned Stab","Bandage Up","Deadly Poison","Caltrops"],"special_seed":0,"relics":["Ring of the Snake","Blood Vial","Happy Flower","Snake Skull","PreservedInsect","Golden Idol","Black Star"],"potions_floor_usage":[23],"damage_taken":[{"damage":1.0,"enemies":"Cultist","floor":1.0,"turns":5.0},{"damage":3.0,"enemies":"Jaw Worm","floor":3.0,"turns":5.0},{"damage":0.0,"enemies":"Small Slimes","floor":4.0,"turns":3.0},{"damage":28.0,"enemies":"Gremlin Nob","floor":6.0,"turns":7.0},{"damage":2.0,"enemies":"2 Fungi Beasts","floor":8.0,"turns":5.0},{"damage":0.0,"enemies":"Lots of Slimes","floor":11.0,"turns":6.0},{"damage":12.0,"enemies":"3 Sentries","floor":12.0,"turns":8.0},{"damage":7.0,"enemies":"Exordium Thugs","floor":14.0,"turns":5.0},{"damage":12,"enemies":"Hexaghost","floor":16,"turns":12},{"damage":6,"enemies":"Spheric Guardian","floor":18,"turns":7},{"damage":14,"enemies":"3 Byrds","floor":19,"turns":3},{"damage":46,"enemies":"Gremlin Leader","floor":23,"turns":4}],"seed_played":"-5428502694764397224","potions_obtained":[{"floor":4.0,"key":"Explosive Potion"},{"floor":6.0,"key":"SkillPotion"},{"floor":11.0,"key":"SpeedPotion"},{"floor":12.0,"key":"Block Potion"},{"floor":14.0,"key":"Ancient Potion"},{"floor":18,"key":"Regen Potion"}],"is_trial":false,"path_per_floor":["M","?","M","M","$","E","R","M","T","$","M","E","?","M","R","B",null,"M","M","?","$","?","E"],"character_chosen":"THE_SILENT","items_purchased":["Discovery","Wraith Form v2","Blood Vial","Poisoned Stab","Bane","Bandage Up","Deadly Poison","Caltrops"],"campfire_rested":1,"item_purchase_floors":[5,5,5,10,10,21,21,21],"current_hp_per_floor":[58,58,55,55,55,29,29,29,29,29,31,21,21,16,34,24,51,47,35,35,35,35,0],"gold":9,"neow_bonus":"TWO_FIFTY_GOLD","is_prod":false,"is_daily":false,"chose_seed":false,"campfire_upgraded":1,"win_rate":0,"timestamp":1578801791,"path_taken":["M","?","M","?","$","E","R","?","T","$","M","E","?","M","R","BOSS","M","M","?","$","?","E"],"build_version":"2019-07-17","purchased_purges":0,"victory":false,"max_hp_per_floor":[60,60,60,60,60,60,60,60,60,60,60,60,60,60,60,60,60,60,60,60,60,60,60],"card_choices":[{"not_picked":["Backflip","Dodge and Roll"],"picked":"Dash","floor":1.0},{"not_picked":["Blade Dance","Riddle With Holes"],"picked":"Dagger Throw","floor":3.0},{"not_picked":["Dagger Spray","Bane"],"picked":"PiercingWail","floor":4.0},{"not_picked":["Expertise","Quick Slash"],"picked":"Blur","floor":6.0},{"not_picked":["Dagger Spray","Blade Dance"],"picked":"Dodge and Roll","floor":8.0},{"not_picked":["Skewer","Acrobatics"],"picked":"Well Laid Plans","floor":11.0},{"not_picked":["Flechettes","Flying Knee"],"picked":"Infinite Blades","floor":12.0},{"not_picked":["Skewer","Choke"],"picked":"Sucker Punch","floor":14.0},{"not_picked":["Unload","Grand Finale"],"picked":"Corpse Explosion","floor":16},{"not_picked":["Sucker Punch","Slice"],"picked":"Caltrops","floor":18},{"not_picked":["Terror","Skewer"],"picked":"Poisoned Stab","floor":19}],"player_experience":1042679,"relics_obtained":[{"floor":6.0,"key":"Happy Flower"},{"floor":9.0,"key":"Snake Skull"},{"floor":12.0,"key":"PreservedInsect"}],"event_choices":[{"damage_healed":0.0,"max_hp_gain":0.0,"max_hp_loss":0.0,"gold_gain":0.0,"event_name":"Upgrade Shrine","player_choice":"Upgraded","floor":2.0,"gold_loss":0.0,"damage_taken":0.0,"cards_upgraded":["Dash"]},{"damage_healed":0.0,"max_hp_gain":0.0,"max_hp_loss":0.0,"gold_gain":0.0,"event_name":"Golden Idol","player_choice":"Take Wound","floor":13.0,"gold_loss":0.0,"damage_taken":0.0,"relics_obtained":["Golden Idol"],"cards_obtained":["Injury"]},{"cards_removed":["Injury"],"damage_healed":0,"gold_gain":0,"player_choice":"Gave Gold","damage_taken":0,"max_hp_gain":0,"max_hp_loss":0,"event_name":"Beggar","floor":20,"gold_loss":75},{"damage_healed":0,"gold_gain":0,"player_choice":"Forge","damage_taken":0,"max_hp_gain":0,"max_hp_loss":0,"event_name":"Accursed Blacksmith","floor":22,"gold_loss":0,"cards_upgraded":["Caltrops"]}],"is_beta":false,"boss_relics":[{"not_picked":["Fusion Hammer","Busted Crown"],"picked":"Black Star"}],"items_purged_floors":[],"is_endless":false,"potions_floor_spawned":[4,6,11,12,14,16,18],"killed_by":"Gremlin Leader","ascension_level":15}