{"gold_per_floor":[15,30,30,30,48,91,91,121,147,190,204,239,239,253,253,342,342,361,361,375,10,10,10,28,28],"floor_reached":25,"playtime":3898,"items_purged":[],"score":412,"play_id":"97524925-53d7-43c2-89c4-d10dce07cea9","local_time":"20200119210029","is_ascension_mode":true,"campfire_choices":[{"floor":7.0,"key":"REST"},{"floor":15,"key":"REST"},{"data":"Footwork","floor":23,"key":"SMITH"}],"neow_cost":"NO_GOLD","seed_source_timestamp":0,"circlet_count":0,"master_deck":["AscendersBane","Strike_G","Strike_G","Strike_G","Strike_G","Strike_G","Defend_G","Defend_G","Defend_G","Defend_G","Defend_G","Survivor","Neutralize","Terror","Sucker Punch","Dagger Throw","Escape Plan","Infinite Blades","Footwork+1","Dodge and Roll","Leg Sweep","Prepared","Storm of Steel+1","Cloak And Dagger","Unload","Normality","Underhanded Strike","Well Laid Plans","Backflip"],"special_seed":0,"relics":["Ring of the Snake","Golden Idol","Centennial Puzzle","Odd Mushroom","PreservedInsect","Strawberry","StoneCalendar","Black Star","Tough Bandages"],"potions_floor_usage":[24],"damage_taken":[{"damage":2.0,"enemies":"Cultist","floor":1.0,"turns":4.0},{"damage":0.0,"enemies":"Small Slimes","floor":2.0,"turns":4.0},{"damage":0.0,"enemies":"2 Louse","floor":5.0,"turns":3.0},{"damage":39.0,"enemies":"3 Sentries","floor":6.0,"turns":11.0},{"damage":26.0,"enemies":"The Mushroom Lair","floor":8.0,"turns":7.0},{"damage":13.0,"enemies":"Gremlin Nob","floor":10.0,"turns":3.0},{"damage":0.0,"enemies":"Looter","floor":11.0,"turns":5.0},{"damage":1.0,"enemies":"Lagavulin","floor":12.0,"turns":5.0},{"damage":13.0,"enemies":"Gremlin Gang","floor":14.0,"turns":7.0},{"damage":10,"enemies":"Hexaghost","floor":16,"turns":12},{"damage":8,"enemies":"Shell Parasite","floor":18,"turns":7},{"damage":11,"enemies":"Chosen","floor":20,"turns":7},{"damage":43,"enemies":"3 Cultists","floor":24,"turns":8},{"damage":10,"enemies":"Snake Plant","floor":25,"turns":2}],"seed_played":"-7160592579892489450","potions_obtained":[{"floor":1.0,"key":"Fire Potion"},{"floor":10.0,"key":"SteroidPotion"},{"floor":11.0,"key":"Swift Potion"}],"is_trial":false,"path_per_floor":["M","M","?","?","M","E","R","?","T","E","M","E","?","M","R","B",null,"M","?","M","$","?","R","M","M"],"character_chosen":"THE_SILENT","items_purchased":["Tough Bandages","Well Laid Plans"],"campfire_rested":2,"item_purchase_floors":[21,21],"current_hp_per_floor":[69,69,69,69,69,30,53,27,27,21,21,20,20,7,32,22,69,61,61,50,50,50,50,7,0],"gold":28,"neow_bonus":"TWENTY_PERCENT_HP_BONUS","is_prod":false,"is_daily":false,"chose_seed":false,"campfire_upgraded":1,"win_rate":0,"timestamp":1579485629,"path_taken":["M","M","?","?","M","E","R","?","T","E","M","E","?","M","R","BOSS","M","?","?","$","?","R","?","M"],"build_version":"2020-01-16","purchased_purges":0,"victory":false,"max_hp_per_floor":[78,78,78,78,78,78,78,78,78,85,85,85,85,85,85,85,85,85,85,85,85,85,85,85,85],"card_choices":[{"not_picked":["Slice","Flechettes"],"picked":"Terror","floor":1.0},{"not_picked":["Outmaneuver","Dodge and Roll"],"picked":"Sucker Punch","floor":2.0},{"not_picked":["Outmaneuver","Dodge and Roll"],"picked":"Dagger Throw","floor":5.0},{"not_picked":["Sucker Punch","Leg Sweep"],"picked":"Escape Plan","floor":6.0},{"not_picked":["PiercingWail","Poisoned Stab"],"picked":"Infinite Blades","floor":8.0},{"not_picked":["Endless Agony","Poisoned Stab"],"picked":"Footwork","floor":10.0},{"not_picked":["Endless Agony","Bane"],"picked":"Dodge and Roll","floor":11.0},{"not_picked":["Deadly Poison","Flying Knee"],"picked":"Leg Sweep","floor":12.0},{"not_picked":["Dagger Throw","PiercingWail"],"picked":"Prepared","floor":14.0},{"not_picked":["Doppelganger","Corpse Explosion"],"picked":"Storm of Steel","floor":16},{"not_picked":["PiercingWail","Quick Slash"],"picked":"Cloak And Dagger","floor":18},{"not_picked":["Flying Knee","Slice"],"picked":"Underhanded Strike","floor":20},{"not_picked":["Backstab","Slice"],"picked":"Backflip","floor":24}],"player_experience":1045115,"relics_obtained":[{"floor":6.0,"key":"Centennial Puzzle"},{"floor":8.0,"key":"Odd Mushroom"},{"floor":9.0,"key":"PreservedInsect"},{"floor":10.0,"key":"Strawberry"},{"floor":12.0,"key":"StoneCalendar"}],"event_choices":[{"damage_healed":0.0,"max_hp_gain":0.0,"max_hp_loss":0.0,"gold_gain":0.0,"event_name":"Golden Idol","player_choice":"Take Wound","floor":3.0,"gold_loss":0.0,"damage_taken":0.0,"relics_obtained":["Golden Idol"],"cards_obtained":["Injury"]},{"cards_removed":["Injury"],"damage_healed":0.0,"max_hp_gain":0.0,"max_hp_loss":0.0,"gold_gain":0.0,"event_name":"Living Wall","player_choice":"Forget","floor":4.0,"gold_loss":0.0,"damage_taken":0.0},{"damage_healed":0.0,"max_hp_gain":0.0,"max_hp_loss":0.0,"gold_gain":0.0,"event_name":"Mushrooms","player_choice":"Fought Mushrooms","floor":8.0,"gold_loss":0.0,"damage_taken":0.0},{"damage_healed":0.0,"max_hp_gain":0.0,"max_hp_loss":0.0,"gold_gain":0.0,"event_name":"Golden Wing","player_choice":"Ignored","floor":13.0,"gold_loss":0.0,"damage_taken":0.0},{"damage_healed":0,"gold_gain":0,"player_choice":"2 cards matched","damage_taken":0,"max_hp_gain":0,"max_hp_loss":0,"event_name":"Match and Keep!","floor":19,"gold_loss":0,"cards_obtained":["Unload","Normality"]},{"damage_healed":0,"gold_gain":0,"player_choice":"Forge","damage_taken":0,"max_hp_gain":0,"max_hp_loss":0,"event_name":"Accursed Blacksmith","floor":22,"gold_loss":0,"cards_upgraded":["Storm of Steel"]}],"is_beta":false,"boss_relics":[{"not_picked":["Fusion Hammer","Eternal Feather"],"picked":"Black Star"}],"items_purged_floors":[],"is_endless":false,"potions_floor_spawned":[1,10,11,12,14,20],"killed_by":"Snake Plant","ascension_level":15}