{"gold_per_floor":[13,28,28,28,44,44,71,71,71,71,71,104,84,9,9,86,86,97,121,121,121,121,155,175,175,226,260,260,260,289,301,313,402,414,436,498,510,541,569,611,623,647,708,773,785,167,192,209,209,209],"floor_reached":50,"playtime":7270,"items_purged":["Wraith Form v2","Writhe"],"score":1009,"play_id":"b9ba1c09-ce17-49ae-b0d0-039cb7976556","local_time":"20200223200914","is_ascension_mode":true,"campfire_choices":[{"data":"Poisoned Stab","floor":6.0,"key":"SMITH"},{"floor":8.0,"key":"REST"},{"data":"1","floor":10.0,"key":"LIFT"},{"data":"2","floor":15.0,"key":"LIFT"},{"data":"3","floor":25.0,"key":"LIFT"},{"floor":29.0,"key":"REST"},{"data":"A Thousand Cuts","floor":32.0,"key":"SMITH"},{"floor":41.0,"key":"REST"},{"floor":49.0,"key":"REST"}],"neow_cost":"NO_GOLD","seed_source_timestamp":0,"circlet_count":0,"master_deck":["AscendersBane","Strike_G+1","Strike_G+1","Strike_G+1","Defend_G+1","Defend_G+1","Defend_G+1","Defend_G+1","Survivor","Neutralize","Poisoned Stab+1","Dagger Spray","Caltrops","Tactician","Eviscerate","A Thousand Cuts+1","PiercingWail","Prepared","Adrenaline","Underhanded Strike","Malaise","Dagger Spray+1","Well Laid Plans","Apotheosis","Dagger Throw","Heel Hook"],"special_seed":0,"relics":["Ring of the Snake","Akabeko","Pocketwatch","Girya","Eternal Feather","Snecko Eye","Lizard Tail","Boot","Turnip","MawBank","Busted Crown","FossilizedHelix","Bronze Scales","Dream Catcher","Orichalcum","Mango","Oddly Smooth Stone"],"potions_floor_usage":[50],"damage_taken":[{"damage":4.0,"enemies":"Cultist","floor":1.0,"turns":5.0},{"damage":2.0,"enemies":"Jaw Worm","floor":2.0,"turns":3.0},{"damage":0.0,"enemies":"2 Louse","floor":5.0,"turns":2.0},{"damage":23.0,"enemies":"Gremlin Nob","floor":7.0,"turns":4.0},{"damage":7.0,"enemies":"3 Sentries","floor":12.0,"turns":4.0},{"damage":20.0,"enemies":"Slime Boss","floor":16.0,"turns":8.0},{"damage":0.0,"enemies":"Spheric Guardian","floor":18.0,"turns":1.0},{"damage":34.0,"enemies":"Book of Stabbing","floor":23.0,"turns":5.0},{"damage":0.0,"enemies":"Chosen","floor":24.0,"turns":3.0},{"damage":12.0,"enemies":"Slavers","floor":27.0,"turns":3.0},{"damage":10.0,"enemies":"Gremlin Leader","floor":30.0,"turns":5.0},{"damage":0.0,"enemies":"Shelled Parasite and Fungi","floor":31.0,"turns":1.0},{"damage":60.0,"enemies":"Automaton","floor":33.0,"turns":9.0},{"damage":10.0,"enemies":"3 Darklings","floor":35.0,"turns":3.0},{"damage":14.0,"enemies":"2 Orb Walkers","floor":36.0,"turns":5.0},{"damage":0.0,"enemies":"Orb Walker","floor":38.0,"turns":3.0},{"damage":15.0,"enemies":"4 Shapes","floor":39.0,"turns":5.0},{"damage":25.0,"enemies":"Reptomancer","floor":40.0,"turns":6.0},{"damage":0.0,"enemies":"Jaw Worm Horde","floor":42.0,"turns":1.0},{"damage":31.0,"enemies":"Giant Head","floor":47.0,"turns":8.0},{"damage":9.0,"enemies":"Transient","floor":48.0,"turns":5.0},{"damage":57,"enemies":"Donu and Deca","floor":50,"turns":4}],"seed_played":"-3986027578023895430","potions_obtained":[{"floor":2.0,"key":"SteroidPotion"},{"floor":5.0,"key":"SmokeBomb"},{"floor":23.0,"key":"Fire Potion"},{"floor":27.0,"key":"SneckoOil"},{"floor":30.0,"key":"Strength Potion"},{"floor":33.0,"key":"Block Potion"},{"floor":36.0,"key":"SpeedPotion"},{"floor":39.0,"key":"SteroidPotion"},{"floor":42.0,"key":"LiquidBronze"}],"is_trial":false,"path_per_floor":["M","M","?","T","M","R","E","R","T","R","?","E","?","$","R","B",null,"M","T","?","$","?","E","M","R","T","E","?","R","E","M","R","B",null,"M","?","?","M","M","E","R","M","T","T","?","$","E","M","R","B"],"character_chosen":"THE_SILENT","items_purchased":["Apotheosis","Mango","Dagger Throw"],"campfire_rested":4,"item_purchase_floors":[46,46,46],"current_hp_per_floor":[55,53,46,46,46,46,23,42,42,42,42,35,35,35,44,24,56,56,56,56,56,56,22,22,31,31,19,19,50,40,40,52,33,58,48,34,47,47,32,7,41,41,41,41,41,55,24,15,54,0],"gold":209,"neow_bonus":"TRANSFORM_TWO_CARDS","is_prod":false,"is_daily":false,"chose_seed":false,"campfire_upgraded":2,"win_rate":0,"timestamp":1582506554,"path_taken":["M","?","?","?","M","R","E","R","T","R","?","E","?","$","R","BOSS","M","?","?","?","?","E","?","R","T","E","?","R","E","M","R","BOSS","M","?","?","?","M","E","R","M","T","?","?","$","E","M","R","BOSS"],"build_version":"2020-01-27","purchased_purges":2,"victory":false,"max_hp_per_floor":[66,66,66,66,66,66,66,66,66,66,66,66,66,66,66,66,66,66,66,66,66,66,66,66,66,66,66,66,66,66,66,66,66,66,66,66,66,66,66,66,66,66,66,66,66,80,80,80,80,80],"card_choices":[{"not_picked":["Terror","Escape Plan"],"picked":"Poisoned Stab","floor":1.0},{"not_picked":["Eviscerate","Leg Sweep"],"picked":"Dagger Spray","floor":2.0},{"not_picked":["Cloak And Dagger","Dash"],"picked":"Caltrops","floor":5.0},{"not_picked":["Acrobatics","Dagger Throw"],"picked":"Tactician","floor":7.0},{"not_picked":["Dodge and Roll","Skewer"],"picked":"Eviscerate","floor":12.0},{"not_picked":["Burst","Unload"],"picked":"A Thousand Cuts","floor":16.0},{"not_picked":["Skewer","Bane","Quick Slash"],"picked":"SKIP","floor":18.0},{"not_picked":["Flying Knee","Glass Knife"],"picked":"PiercingWail","floor":23.0},{"not_picked":["Blade Dance","Poisoned Stab"],"picked":"Prepared","floor":24.0},{"not_picked":["Quick Slash","Choke"],"picked":"Adrenaline","floor":27.0},{"not_picked":["Dodge and Roll","Expertise"],"picked":"Underhanded Strike","floor":30.0},{"not_picked":["Doppelganger","Venomology"],"picked":"Malaise","floor":33.0},{"not_picked":["Flying Knee"],"picked":"SKIP","floor":35.0},{"not_picked":["Finisher"],"picked":"SKIP","floor":38.0},{"not_picked":[],"picked":"Dagger Spray+1","floor":39.0},{"not_picked":[],"picked":"Well Laid Plans","floor":40.0},{"not_picked":["Poisoned Stab+1"],"picked":"SKIP","floor":42.0},{"not_picked":[],"picked":"Heel Hook","floor":47.0},{"not_picked":["Blade Dance"],"picked":"SKIP","floor":48.0}],"player_experience":1078553,"relics_obtained":[{"floor":4.0,"key":"Akabeko"},{"floor":7.0,"key":"Pocketwatch"},{"floor":9.0,"key":"Girya"},{"floor":12.0,"key":"Eternal Feather"},{"floor":23.0,"key":"Lizard Tail"},{"floor":26.0,"key":"Boot"},{"floor":27.0,"key":"Turnip"},{"floor":30.0,"key":"MawBank"},{"floor":36.0,"key":"FossilizedHelix"},{"floor":40.0,"key":"Bronze Scales"},{"floor":43.0,"key":"Dream Catcher"},{"floor":44.0,"key":"Orichalcum"},{"floor":47.0,"key":"Oddly Smooth Stone"}],"event_choices":[{"cards_removed":["Strike_G"],"damage_healed":0.0,"max_hp_gain":0.0,"max_hp_loss":0.0,"gold_gain":0.0,"event_name":"Golden Wing","player_choice":"Card Removal","floor":3.0,"gold_loss":0.0,"damage_taken":7.0},{"damage_healed":0.0,"max_hp_gain":0.0,"max_hp_loss":0.0,"gold_gain":0.0,"cards_transformed":["Endless Agony"],"event_name":"Living Wall","player_choice":"Change","floor":11.0,"gold_loss":0.0,"damage_taken":0.0,"cards_obtained":["Wraith Form v2"]},{"damage_healed":0.0,"max_hp_gain":0.0,"max_hp_loss":0.0,"gold_gain":0.0,"event_name":"The Woman in Blue","player_choice":"Bought 1 Potion","floor":13.0,"gold_loss":0.0,"damage_taken":0.0},{"damage_healed":0.0,"max_hp_gain":0.0,"max_hp_loss":0.0,"gold_gain":0.0,"event_name":"Beggar","player_choice":"Ignored","floor":20.0,"gold_loss":0.0,"damage_taken":0.0},{"damage_healed":0.0,"max_hp_gain":0.0,"max_hp_loss":0.0,"gold_gain":0.0,"event_name":"Vampires","player_choice":"Ignored","floor":22.0,"gold_loss":0.0,"damage_taken":0.0},{"damage_healed":0.0,"max_hp_gain":0.0,"max_hp_loss":0.0,"gold_gain":0.0,"event_name":"Back to Basics","player_choice":"Simplicity","floor":28.0,"gold_loss":0.0,"damage_taken":0.0,"cards_upgraded":["Strike_G","Strike_G","Strike_G","Defend_G","Defend_G","Defend_G","Defend_G"]},{"damage_healed":0.0,"max_hp_gain":0.0,"max_hp_loss":0.0,"gold_gain":0.0,"event_name":"Mysterious Sphere","player_choice":"Fight","floor":36.0,"gold_loss":0.0,"damage_taken":0.0},{"damage_healed":13.0,"max_hp_gain":0.0,"max_hp_loss":0.0,"gold_gain":0.0,"event_name":"Winding Halls","player_choice":"Writhe","floor":37.0,"gold_loss":0.0,"damage_taken":0.0,"cards_obtained":["Writhe"]},{"cards_removed":["Wraith Form v2"],"damage_healed":0.0,"max_hp_gain":0.0,"max_hp_loss":0.0,"gold_gain":0.0,"event_name":"Falling","player_choice":"Removed Power","floor":45.0,"gold_loss":0.0,"damage_taken":0.0}],"is_beta":false,"boss_relics":[{"not_picked":["SacredBark","Calling Bell"],"picked":"Snecko Eye"},{"not_picked":["Ring of the Serpent","Tiny House"],"picked":"Busted Crown"}],"items_purged_floors":[14,46],"is_endless":false,"potions_floor_spawned":[2,5,7,12,23,27,30,33,36,39,42],"killed_by":"Donu and Deca","ascension_level":15}