{"gold_per_floor":[118,118,33,33,33,33,65,76,123,53,386,386,398,71,71,145,145,85,85,85,98,23,54,54,81,134,134],"floor_reached":27,"playtime":932,"items_purged":["Strike_G"],"score":512,"play_id":"a025258f-e708-4600-acab-beb174afc061","local_time":"20200911161054","is_ascension_mode":true,"campfire_choices":[{"floor":6,"key":"REST"},{"floor":12,"key":"REST"},{"floor":15,"key":"REST"},{"floor":24,"key":"REST"}],"neow_cost":"NONE","seed_source_timestamp":629004635876700,"circlet_count":0,"master_deck":["AscendersBane","Strike_G","Strike_G","Defend_G","Defend_G","Defend_G+1","Defend_G","Survivor","Neutralize","Footwork","Footwork","Dagger Spray","Noxious Fumes","All Out Attack","Footwork","PiercingWail","Footwork","Mayhem","Unload","Dagger Throw+1","Night Terror","All Out Attack","Backstab","A Thousand Cuts"],"relics":["Ring of the Snake","NeowsBlessing","Omamori","Lizard Tail","Bronze Scales","Old Coin","TheAbacus","Black Star","Necronomicon","Oddly Smooth Stone","Ornamental Fan","Pen Nib","The Courier","Bag of Marbles"],"potions_floor_usage":[11,18,25,27],"damage_taken":[{"damage":0,"enemies":"2 Louse","floor":1,"turns":1},{"damage":0,"enemies":"Gremlin Nob","floor":7,"turns":1},{"damage":0,"enemies":"Jaw Worm","floor":8,"turns":1},{"damage":25,"enemies":"3 Sentries","floor":11,"turns":10},{"damage":1,"enemies":"Small Slimes","floor":13,"turns":3},{"damage":9,"enemies":"Slime Boss","floor":16,"turns":13},{"damage":4,"enemies":"2 Thieves","floor":18,"turns":4},{"damage":8,"enemies":"Chosen","floor":21,"turns":6},{"damage":59,"enemies":"Slavers","floor":23,"turns":6},{"damage":25,"enemies":"Gremlin Leader","floor":25,"turns":8},{"damage":3,"enemies":"Book of Stabbing","floor":27,"turns":1}],"seed_played":"3200038956403491132","potions_obtained":[{"floor":8,"key":"Swift Potion"},{"floor":16,"key":"LiquidMemories"},{"floor":23,"key":"BlessingOfTheForge"},{"floor":25,"key":"Poison Potion"}],"is_trial":false,"path_per_floor":["M","?","$","?","?","R","E","M","T","$","E","R","M","$","R","B",null,"M","?","?","M","$","E","R","E","T","E"],"character_chosen":"THE_SILENT","items_purchased":["Footwork","Dagger Spray","Footwork","Mayhem","TheAbacus"],"campfire_rested":4,"item_purchase_floors":[3,3,10,14,14],"current_hp_per_floor":[59,48,48,28,21,40,40,40,40,40,15,34,33,33,52,43,60,56,56,35,27,27,7,26,1,1,0],"gold":134,"neow_bonus":"THREE_ENEMY_KILL","is_prod":false,"is_daily":false,"chose_seed":false,"campfire_upgraded":0,"win_rate":0,"timestamp":1599855054,"path_taken":["M","?","$","?","?","R","E","M","T","?","E","R","?","$","R","BOSS","M","?","?","M","$","E","R","E","T","E"],"build_version":"2020-07-30","purchased_purges":1,"victory":false,"max_hp_per_floor":[66,66,66,66,66,66,66,66,66,66,66,66,66,66,66,66,66,66,66,66,66,66,66,66,66,66,66],"card_choices":[{"not_picked":["Prepared","Deflect"],"picked":"Footwork","floor":1},{"not_picked":["Underhanded Strike","Riddle With Holes"],"picked":"Noxious Fumes","floor":7},{"not_picked":["Backflip","Dagger Throw"],"picked":"All Out Attack","floor":8},{"not_picked":["Prepared","Eviscerate"],"picked":"PiercingWail","floor":11},{"not_picked":["Outmaneuver","Infinite Blades"],"picked":"Footwork","floor":13},{"not_picked":["Phantasmal Killer","Wraith Form v2"],"picked":"Unload","floor":16},{"not_picked":["PiercingWail","Well Laid Plans+1"],"picked":"Dagger Throw+1","floor":18},{"not_picked":["Quick Slash+1","Outmaneuver","Eviscerate"],"picked":"SKIP","floor":21},{"not_picked":["Cloak And Dagger","Prepared"],"picked":"Backstab","floor":23},{"not_picked":["Catalyst","Eviscerate+1"],"picked":"A Thousand Cuts","floor":25}],"player_experience":1143788,"relics_obtained":[{"floor":7,"key":"Lizard Tail"},{"floor":9,"key":"Bronze Scales"},{"floor":11,"key":"Old Coin"},{"floor":20,"key":"Necronomicon"},{"floor":23,"key":"Oddly Smooth Stone"},{"floor":23,"key":"Ornamental Fan"},{"floor":25,"key":"Pen Nib"},{"floor":25,"key":"The Courier"},{"floor":26,"key":"Bag of Marbles"}],"event_choices":[{"damage_healed":0,"gold_gain":0,"player_choice":"Success","damage_taken":11,"relics_obtained":["Omamori"],"max_hp_gain":0,"max_hp_loss":0,"event_name":"Scrap Ooze","floor":2,"gold_loss":0},{"damage_healed":0,"gold_gain":0,"player_choice":"Entered Light","damage_taken":20,"max_hp_gain":0,"max_hp_loss":0,"event_name":"Shining Light","floor":4,"gold_loss":0,"cards_upgraded":["Strike_G","Defend_G"]},{"cards_removed":["Strike_G"],"damage_healed":0,"gold_gain":0,"player_choice":"Card Removal","damage_taken":7,"max_hp_gain":0,"max_hp_loss":0,"event_name":"Golden Wing","floor":5,"gold_loss":0},{"damage_healed":0,"gold_gain":0,"cards_transformed":["Strike_G","Defend_G"],"player_choice":"Became Test Subject","damage_taken":0,"max_hp_gain":0,"max_hp_loss":0,"event_name":"Drug Dealer","floor":19,"gold_loss":0,"cards_obtained":["Night Terror","All Out Attack"]},{"damage_healed":0,"gold_gain":0,"player_choice":"Obtained Book","damage_taken":21,"max_hp_gain":0,"max_hp_loss":0,"event_name":"Cursed Tome","floor":20,"gold_loss":0}],"is_beta":false,"boss_relics":[{"not_picked":["Runic Dome","Velvet Choker"],"picked":"Black Star"}],"items_purged_floors":[22],"is_endless":false,"potions_floor_spawned":[8,16,23,25],"killed_by":"Book of Stabbing","ascension_level":15}