{"gold_per_floor":[17,17,28,28,39,74,74,104,129,129,21,55,68,68,68,141,141,157,82,132,57,57,57,84,34,82,48,61,61],"floor_reached":29,"playtime":1065,"items_purged":["Strike_G","Underhanded Strike"],"score":450,"play_id":"bd9748b5-a37e-4f3d-b8bf-6054cccc22f5","local_time":"20200911162851","is_ascension_mode":true,"campfire_choices":[{"floor":7,"key":"REST"},{"floor":15,"key":"REST"},{"data":"Burst","floor":23,"key":"SMITH"}],"neow_cost":"NO_GOLD","seed_source_timestamp":629950090753900,"circlet_count":0,"master_deck":["AscendersBane","Defend_G","Defend_G","Defend_G","Defend_G+1","Defend_G+1","Survivor","Neutralize","Distraction","Crippling Poison","Dagger Spray","Dagger Throw","Corpse Explosion","Crippling Poison","Noxious Fumes","Burst+1","Poisoned Stab","Envenom","Noxious Fumes","Catalyst","Bane"],"relics":["Ring of the Snake","Boot","War Paint","Prayer Wheel","Blood Vial","Happy Flower","PreservedInsect","Empty Cage","Smiling Mask","Regal Pillow"],"potions_floor_usage":[6,6,12,24,29],"damage_taken":[{"damage":3,"enemies":"Jaw Worm","floor":1,"turns":5},{"damage":1,"enemies":"Small Slimes","floor":3,"turns":4},{"damage":2,"enemies":"2 Louse","floor":5,"turns":3},{"damage":17,"enemies":"3 Sentries","floor":6,"turns":4},{"damage":20,"enemies":"Lagavulin","floor":8,"turns":10},{"damage":19,"enemies":"Gremlin Nob","floor":12,"turns":5},{"damage":10,"enemies":"Blue Slaver","floor":13,"turns":5},{"damage":26,"enemies":"Hexaghost","floor":16,"turns":11},{"damage":10,"enemies":"3 Byrds","floor":18,"turns":4},{"damage":42,"enemies":"Gremlin Leader","floor":24,"turns":5},{"damage":3,"enemies":"Shell Parasite","floor":28,"turns":5},{"damage":16,"enemies":"Slavers","floor":29,"turns":1}],"seed_played":"-6425545634703944670","potions_obtained":[{"floor":3,"key":"SteroidPotion"},{"floor":5,"key":"BlessingOfTheForge"},{"floor":6,"key":"Explosive Potion"},{"floor":8,"key":"SpeedPotion"},{"floor":13,"key":"CultistPotion"},{"floor":18,"key":"Fire Potion"}],"is_trial":false,"path_per_floor":["M","?","M","?","M","E","R","E","T","$","$","E","M","?","R","B",null,"M","?","?","$","?","R","E","$","T","$","M","E"],"character_chosen":"THE_SILENT","items_purchased":["Crippling Poison","Noxious Fumes","Catalyst"],"campfire_rested":2,"item_purchase_floors":[11,11,27],"current_hp_per_floor":[68,68,67,49,47,30,53,33,33,33,33,16,8,8,31,7,60,52,52,52,52,52,52,12,12,12,12,11,0],"gold":61,"neow_bonus":"TWENTY_PERCENT_HP_BONUS","is_prod":false,"is_daily":false,"chose_seed":false,"campfire_upgraded":1,"win_rate":0,"timestamp":1599856131,"path_taken":["M","?","M","?","M","E","R","E","T","?","$","E","M","?","R","BOSS","M","?","?","$","?","R","E","$","T","?","?","E"],"build_version":"2020-07-30","purchased_purges":2,"victory":false,"max_hp_per_floor":[78,78,78,78,78,78,78,78,78,78,78,78,78,78,78,78,78,78,78,78,78,78,78,78,78,78,78,78,78],"card_choices":[{"not_picked":["Backflip","Predator"],"picked":"Underhanded Strike","floor":1},{"not_picked":["Caltrops","Masterful Stab"],"picked":"Crippling Poison","floor":3},{"not_picked":["Backflip","Dodge and Roll"],"picked":"Dagger Spray","floor":5},{"not_picked":["Endless Agony","Slice"],"picked":"Dagger Throw","floor":6},{"not_picked":["Outmaneuver","Dagger Spray"],"picked":"Corpse Explosion","floor":8},{"not_picked":["Expertise","Accuracy"],"picked":"Burst","floor":12},{"not_picked":["Underhanded Strike","Eviscerate"],"picked":"Poisoned Stab","floor":13},{"not_picked":["Flying Knee","Cloak And Dagger","Backflip"],"picked":"SKIP","floor":13},{"not_picked":["Venomology","Glass Knife"],"picked":"Envenom","floor":16},{"not_picked":["Riddle With Holes","Dash","Deadly Poison"],"picked":"SKIP","floor":18},{"not_picked":["Underhanded Strike","Deflect","Slice"],"picked":"SKIP","floor":18},{"not_picked":["Blade Dance","Deflect","Accuracy"],"picked":"SKIP","floor":24},{"not_picked":["Underhanded Strike","Blade Dance"],"picked":"Bane","floor":28},{"not_picked":["Footwork","Flying Knee","Acrobatics"],"picked":"SKIP","floor":28}],"player_experience":1144720,"relics_obtained":[{"floor":6,"key":"War Paint"},{"floor":8,"key":"Prayer Wheel"},{"floor":9,"key":"Blood Vial"},{"floor":12,"key":"Happy Flower"},{"floor":24,"key":"Smiling Mask"},{"floor":26,"key":"Regal Pillow"}],"event_choices":[{"damage_healed":0,"gold_gain":0,"cards_transformed":["Strike_G"],"player_choice":"Change","damage_taken":0,"max_hp_gain":0,"max_hp_loss":0,"event_name":"Living Wall","floor":2,"gold_loss":0,"cards_obtained":["Distraction"]},{"damage_healed":0,"gold_gain":0,"player_choice":"Success","damage_taken":18,"relics_obtained":["Boot"],"max_hp_gain":0,"max_hp_loss":0,"event_name":"Scrap Ooze","floor":4,"gold_loss":0},{"damage_healed":0,"gold_gain":0,"player_choice":"Searched \u00272\u0027 times","damage_taken":0,"relics_obtained":["PreservedInsect"],"max_hp_gain":0,"max_hp_loss":0,"event_name":"Dead Adventurer","floor":14,"gold_loss":0},{"cards_removed":["Strike_G"],"damage_healed":0,"gold_gain":0,"player_choice":"Gave Gold","damage_taken":0,"max_hp_gain":0,"max_hp_loss":0,"event_name":"Beggar","floor":19,"gold_loss":75},{"damage_healed":0,"gold_gain":50,"player_choice":"Stole From Cult","damage_taken":0,"max_hp_gain":0,"max_hp_loss":0,"event_name":"Nest","floor":20,"gold_loss":0},{"damage_healed":0,"gold_gain":0,"player_choice":"Read","damage_taken":0,"max_hp_gain":0,"max_hp_loss":0,"event_name":"The Library","floor":22,"gold_loss":0,"cards_obtained":["Noxious Fumes"]}],"is_beta":false,"boss_relics":[{"not_picked":["Black Star","Calling Bell"],"picked":"Empty Cage"}],"items_purged_floors":[21,25],"is_endless":false,"potions_floor_spawned":[3,5,6,8,13,18],"killed_by":"Slavers","ascension_level":15}