{"gold_per_floor":[12,12,22,22,41,76,126,161,161,161,12,12,42,53,53,127,127,138,138,156,56,73,102,102,102,102,128,145,97,97,127,127,203,203,221,221,221,221,38,38,68,68,68,117,117,145,145,175,175,175],"floor_reached":50,"playtime":3536,"items_purged":["Strike_G","Defend_G"],"score":1225,"play_id":"2215e23f-c35f-4972-9413-808caab6e1d5","local_time":"20200910145443","is_ascension_mode":true,"campfire_choices":[{"floor":10,"key":"REST"},{"data":"Survivor","floor":12,"key":"SMITH"},{"data":"Infinite Blades","floor":15,"key":"SMITH"},{"floor":25,"key":"REST"},{"floor":32,"key":"REST"},{"data":"Cloak And Dagger","floor":40,"key":"SMITH"},{"floor":42,"key":"REST"},{"data":"Neutralize","floor":45,"key":"SMITH"},{"floor":47,"key":"RECALL"},{"data":"Grand Finale","floor":49,"key":"SMITH"}],"neow_cost":"NO_GOLD","seed_source_timestamp":535414710480800,"circlet_count":0,"master_deck":["AscendersBane","Strike_G","Strike_G","Strike_G","Defend_G","Defend_G+1","Defend_G","Survivor+1","Neutralize+1","Grand Finale+1","Backflip+1","Escape Plan","Underhanded Strike","Infinite Blades+1","Escape Plan","Setup","Cloak And Dagger+1","Adrenaline","Grand Finale","Forethought+1","All Out Attack","Tactician+1","Prepared+1"],"relics":["Ring of the Snake","Kunai","Vajra","Regal Pillow","WristBlade","Ninja Scroll","Nloth\u0027s Gift","Mercury Hourglass","TungstenRod","Toxic Egg 2","Runic Pyramid","Juzu Bracelet","Oddly Smooth Stone","Bottled Flame","CaptainsWheel","Strawberry","Letter Opener"],"potions_floor_usage":[6,18,19,23,33,44,48],"damage_taken":[{"damage":5,"enemies":"Small Slimes","floor":1,"turns":5},{"damage":0,"enemies":"Jaw Worm","floor":3,"turns":2},{"damage":0,"enemies":"Cultist","floor":5,"turns":4},{"damage":0,"enemies":"Gremlin Nob","floor":6,"turns":2},{"damage":13,"enemies":"Lagavulin","floor":8,"turns":6},{"damage":0,"enemies":"3 Sentries","floor":13,"turns":7},{"damage":0,"enemies":"3 Louse","floor":14,"turns":3},{"damage":16,"enemies":"Slime Boss","floor":16,"turns":7},{"damage":8,"enemies":"2 Thieves","floor":18,"turns":4},{"damage":0,"enemies":"Spheric Guardian","floor":19,"turns":3},{"damage":16,"enemies":"3 Cultists","floor":20,"turns":8},{"damage":3,"enemies":"Snecko","floor":22,"turns":5},{"damage":28,"enemies":"Gremlin Leader","floor":23,"turns":7},{"damage":10,"enemies":"Slavers","floor":27,"turns":7},{"damage":3,"enemies":"Shelled Parasite and Fungi","floor":28,"turns":5},{"damage":5,"enemies":"Book of Stabbing","floor":31,"turns":5},{"damage":42,"enemies":"Automaton","floor":33,"turns":12},{"damage":0,"enemies":"Orb Walker","floor":35,"turns":3},{"damage":17,"enemies":"Giant Head","floor":41,"turns":7},{"damage":15,"enemies":"2 Orb Walkers","floor":44,"turns":5},{"damage":0,"enemies":"Reptomancer","floor":46,"turns":4},{"damage":0,"enemies":"Giant Head","floor":48,"turns":7},{"damage":87,"enemies":"Time Eater","floor":50,"turns":13}],"seed_played":"5009135571705969960","potions_obtained":[{"floor":1,"key":"SmokeBomb"},{"floor":5,"key":"AttackPotion"},{"floor":16,"key":"Explosive Potion"},{"floor":20,"key":"Explosive Potion"},{"floor":23,"key":"SneckoOil"},{"floor":28,"key":"Fire Potion"},{"floor":31,"key":"GamblersBrew"},{"floor":41,"key":"LiquidMemories"},{"floor":44,"key":"Strength Potion"}],"is_trial":false,"path_per_floor":["M","?","M","?","M","E","?","E","T","R","$","R","E","M","R","B",null,"M","M","M","$","M","E","?","R","T","E","M","$","?","E","R","B",null,"M","?","?","?","$","R","E","R","T","?","R","E","R","E","R","B"],"character_chosen":"THE_SILENT","items_purchased":["Escape Plan","Cloak And Dagger","Oddly Smooth Stone","All Out Attack"],"campfire_rested":4,"item_purchase_floors":[11,29,39,39],"current_hp_per_floor":[54,54,54,34,34,34,34,21,21,40,40,40,40,40,40,24,56,48,48,32,32,29,1,1,35,35,25,22,22,22,17,51,9,52,52,52,52,52,52,52,35,66,66,51,51,58,58,58,58,0],"gold":175,"neow_bonus":"THREE_RARE_CARDS","is_prod":false,"is_daily":false,"chose_seed":false,"campfire_upgraded":5,"win_rate":0,"timestamp":1599764083,"path_taken":["M","?","M","?","M","E","?","E","T","R","?","R","E","M","R","BOSS","M","M","M","$","M","E","?","R","T","E","M","?","?","E","R","BOSS","M","?","?","?","$","R","E","R","T","?","R","E","R","E","R","BOSS"],"build_version":"2020-07-30","purchased_purges":2,"victory":false,"max_hp_per_floor":[66,66,66,66,66,66,66,66,66,66,66,66,66,66,66,66,66,66,66,66,66,66,66,66,66,66,66,66,66,66,66,66,66,66,66,66,66,66,66,66,66,66,66,66,66,73,73,73,73,73],"card_choices":[{"not_picked":["Storm of Steel","Unload"],"picked":"Grand Finale","floor":0},{"not_picked":["Crippling Poison","Predator"],"picked":"Backflip","floor":1},{"not_picked":["Deflect","Riddle With Holes"],"picked":"Underhanded Strike","floor":3},{"not_picked":["Accuracy","Outmaneuver"],"picked":"Dagger Throw","floor":5},{"not_picked":["Corpse Explosion","Distraction","Flechettes"],"picked":"SKIP","floor":6},{"not_picked":["Riddle With Holes","Dodge and Roll"],"picked":"Infinite Blades","floor":8},{"not_picked":["Sucker Punch","Crippling Poison"],"picked":"Setup","floor":13},{"not_picked":["Blade Dance","Dagger Throw","Catalyst"],"picked":"SKIP","floor":14},{"not_picked":["Deadly Poison+1","Backflip","Slice"],"picked":"SKIP","floor":18},{"not_picked":["Dagger Throw","Night Terror","Cloak And Dagger"],"picked":"SKIP","floor":20},{"not_picked":["Dagger Throw","Poisoned Stab+1","Underhanded Strike"],"picked":"SKIP","floor":22},{"not_picked":["Outmaneuver","Choke+1"],"picked":"Cloak And Dagger","floor":23},{"not_picked":["Sucker Punch","Dagger Throw"],"picked":"Adrenaline","floor":27},{"not_picked":["Dodge and Roll","Dagger Throw+1","Noxious Fumes"],"picked":"SKIP","floor":28},{"not_picked":["Underhanded Strike","Skewer","Dagger Throw"],"picked":"SKIP","floor":31},{"not_picked":["Underhanded Strike","Skewer","Dagger Throw"],"picked":"SKIP","floor":31},{"not_picked":["A Thousand Cuts","Wraith Form v2"],"picked":"Grand Finale","floor":33},{"not_picked":["Backflip+1","Dagger Throw","Crippling Poison+1"],"picked":"SKIP","floor":35},{"not_picked":["Impatience+1","Swift Strike"],"picked":"Forethought+1","floor":36},{"not_picked":["Wraith Form v2","Masterful Stab"],"picked":"Tactician+1","floor":41},{"not_picked":["Dagger Throw","Sucker Punch+1"],"picked":"Prepared+1","floor":44},{"not_picked":["Sucker Punch","Catalyst+1","Crippling Poison+1"],"picked":"SKIP","floor":46},{"not_picked":["Deflect+1","Distraction+1","Corpse Explosion+1"],"picked":"SKIP","floor":48}],"player_experience":1138702,"relics_obtained":[{"floor":6,"key":"PreservedInsect"},{"floor":8,"key":"Kunai"},{"floor":9,"key":"Vajra"},{"floor":13,"key":"Regal Pillow"},{"floor":23,"key":"Ninja Scroll"},{"floor":26,"key":"Mercury Hourglass"},{"floor":27,"key":"TungstenRod"},{"floor":31,"key":"Toxic Egg 2"},{"floor":41,"key":"Bottled Flame"},{"floor":44,"key":"CaptainsWheel"},{"floor":46,"key":"Strawberry"},{"floor":48,"key":"Letter Opener"}],"event_choices":[{"damage_healed":0,"gold_gain":0,"cards_transformed":["Strike_G"],"player_choice":"Change","damage_taken":0,"max_hp_gain":0,"max_hp_loss":0,"event_name":"Living Wall","floor":2,"gold_loss":0,"cards_obtained":["Escape Plan"]},{"damage_healed":0,"gold_gain":0,"player_choice":"Entered Light","damage_taken":20,"max_hp_gain":0,"max_hp_loss":0,"event_name":"Shining Light","floor":4,"gold_loss":0,"cards_upgraded":["Defend_G","Backflip"]},{"damage_healed":0,"gold_gain":50,"player_choice":"Gained Gold","damage_taken":0,"max_hp_gain":0,"max_hp_loss":0,"event_name":"Golden Wing","floor":7,"gold_loss":0},{"damage_healed":0,"gold_gain":0,"player_choice":"Traded Relic","damage_taken":0,"relics_obtained":["Nloth\u0027s Gift"],"max_hp_gain":0,"max_hp_loss":0,"event_name":"N\u0027loth","floor":24,"relics_lost":["PreservedInsect"],"gold_loss":0},{"cards_removed":["Defend_G"],"damage_healed":0,"gold_gain":0,"player_choice":"Card Removal","damage_taken":0,"max_hp_gain":0,"max_hp_loss":0,"event_name":"Wheel of Change","floor":30,"gold_loss":0},{"damage_healed":0,"gold_gain":0,"player_choice":"Memory 1","damage_taken":0,"max_hp_gain":0,"max_hp_loss":0,"event_name":"SensoryStone","floor":36,"gold_loss":0},{"cards_removed":["Cloak And Dagger"],"damage_healed":0,"gold_gain":0,"player_choice":"Gave Card","damage_taken":0,"relics_obtained":["Juzu Bracelet"],"max_hp_gain":0,"max_hp_loss":0,"event_name":"WeMeetAgain","floor":37,"gold_loss":0},{"cards_removed":["Dagger Throw"],"damage_healed":0,"gold_gain":0,"player_choice":"Removed Attack","damage_taken":0,"max_hp_gain":0,"max_hp_loss":0,"event_name":"Falling","floor":38,"gold_loss":0},{"damage_healed":0,"gold_gain":0,"player_choice":"Fight","damage_taken":0,"max_hp_gain":0,"max_hp_loss":0,"event_name":"Mysterious Sphere","floor":44,"gold_loss":0}],"is_beta":false,"boss_relics":[{"not_picked":["SacredBark","Pandora\u0027s Box"],"picked":"WristBlade"},{"not_picked":["Empty Cage","Astrolabe"],"picked":"Runic Pyramid"}],"items_purged_floors":[11,21],"is_endless":false,"potions_floor_spawned":[1,5,16,20,23,28,31,41,44],"killed_by":"Time Eater","ascension_level":15}