{"gold_per_floor":[362,287,301,301,312,338,338,338],"floor_reached":8,"playtime":347,"items_purged":[],"score":98,"play_id":"3d3d16e5-c9e3-4aa8-aa9e-3ef977d277e2","local_time":"20200910204038","is_ascension_mode":true,"campfire_choices":[{"floor":7,"key":"REST"}],"neow_cost":"TEN_PERCENT_HP_LOSS","seed_source_timestamp":559369376485700,"circlet_count":0,"master_deck":["AscendersBane","Strike_G","Strike_G","Strike_G","Strike_G","Strike_G","Defend_G","Defend_G","Defend_G","Defend_G","Survivor","Neutralize","PiercingWail","Predator","Blur","Heel Hook"],"relics":["Ring of the Snake","Ginger","FossilizedHelix"],"potions_floor_usage":[6],"damage_taken":[{"damage":6,"enemies":"Jaw Worm","floor":1,"turns":9},{"damage":1,"enemies":"Cultist","floor":3,"turns":4},{"damage":4,"enemies":"Small Slimes","floor":5,"turns":3},{"damage":25,"enemies":"Lagavulin","floor":6,"turns":7},{"damage":72,"enemies":"Gremlin Nob","floor":8,"turns":5}],"seed_played":"-4363495924256335066","potions_obtained":[{"floor":1,"key":"SteroidPotion"},{"floor":5,"key":"SkillPotion"}],"is_trial":false,"path_per_floor":["M","?","M","?","M","E","R","E"],"character_chosen":"THE_SILENT","items_purchased":[],"campfire_rested":1,"item_purchase_floors":[],"current_hp_per_floor":[53,53,52,52,48,23,41,0],"gold":338,"neow_bonus":"TWO_FIFTY_GOLD","is_prod":false,"is_daily":false,"chose_seed":false,"campfire_upgraded":0,"win_rate":0,"timestamp":1599784838,"path_taken":["M","?","M","?","M","E","R","E"],"build_version":"2020-07-30","purchased_purges":0,"victory":false,"max_hp_per_floor":[60,60,60,60,60,60,60,60],"card_choices":[{"not_picked":["Dodge and Roll","Leg Sweep"],"picked":"PiercingWail","floor":1},{"not_picked":["Outmaneuver","Acrobatics"],"picked":"Predator","floor":3},{"not_picked":["Crippling Poison","Poisoned Stab"],"picked":"Blur","floor":5},{"not_picked":["Masterful Stab","Concentrate"],"picked":"Heel Hook","floor":6}],"player_experience":1143441,"relics_obtained":[{"floor":6,"key":"FossilizedHelix"}],"event_choices":[{"cards_removed":["Defend_G"],"damage_healed":0,"gold_gain":0,"player_choice":"Card Removal","damage_taken":0,"max_hp_gain":0,"max_hp_loss":0,"event_name":"The Cleric","floor":2,"gold_loss":75},{"damage_healed":0,"gold_gain":0,"player_choice":"Gave Potion","damage_taken":0,"relics_obtained":["Ginger"],"max_hp_gain":0,"max_hp_loss":0,"event_name":"WeMeetAgain","floor":4,"gold_loss":0}],"is_beta":false,"boss_relics":[],"items_purged_floors":[],"is_endless":false,"potions_floor_spawned":[1,5],"killed_by":"Gremlin Nob","ascension_level":15}