{"gold_per_floor":[360,378,378,308,324,324,356,36,36,67,80,107,107,120,120,194,194,208,223,78,94,108,108,142,142,167,167,92,104,124,154,154,232,232,250,250,250,270,281,281,281],"floor_reached":41,"playtime":2354,"items_purged":["Strike_G"],"score":758,"play_id":"34c15de6-3408-4136-a4b7-c473fd254868","local_time":"20200930123656","is_ascension_mode":true,"campfire_choices":[{"data":"Leg Sweep","floor":6,"key":"SMITH"},{"floor":13,"key":"REST"},{"floor":15,"key":"REST"},{"data":"Flechettes","floor":23,"key":"SMITH"},{"data":"Concentrate","floor":25,"key":"SMITH"},{"floor":32,"key":"REST"},{"data":"Footwork","floor":40,"key":"SMITH"}],"neow_cost":"TEN_PERCENT_HP_LOSS","seed_source_timestamp":823526684014600,"circlet_count":0,"master_deck":["AscendersBane","Strike_G","Strike_G","Strike_G","Strike_G","Defend_G","Defend_G","Defend_G","Defend_G","Defend_G","Survivor","Neutralize","Dagger Throw","Underhanded Strike","All Out Attack","Leg Sweep+1","Footwork+1","Infinite Blades","Underhanded Strike","Acrobatics","Night Terror","Flechettes+1","PiercingWail+1","Escape Plan","Concentrate+1","Acrobatics+1","Dash+1","Tactician+1","Choke","Underhanded Strike"],"relics":["Ring of the Snake","CultistMask","Mercury Hourglass","Matryoshka","Strawberry","Bottled Tornado","Ninja Scroll","Boot","Runic Pyramid","Toolbox","Gremlin Horn","Toxic Egg 2","Nunchaku","Red Mask","Black Star","Dead Branch"],"potions_floor_usage":[12,21,24,24,31,33,41,41],"damage_taken":[{"damage":13,"enemies":"Jaw Worm","floor":1,"turns":7},{"damage":0,"enemies":"Cultist","floor":2,"turns":3},{"damage":1,"enemies":"Small Slimes","floor":5,"turns":4},{"damage":15,"enemies":"Lagavulin","floor":7,"turns":8},{"damage":15,"enemies":"Gremlin Nob","floor":10,"turns":5},{"damage":9,"enemies":"Blue Slaver","floor":11,"turns":4},{"damage":9,"enemies":"Lagavulin","floor":12,"turns":7},{"damage":0,"enemies":"Large Slime","floor":14,"turns":4},{"damage":19,"enemies":"The Guardian","floor":16,"turns":13},{"damage":1,"enemies":"Shell Parasite","floor":18,"turns":7},{"damage":4,"enemies":"3 Byrds","floor":19,"turns":4},{"damage":0,"enemies":"Sentry and Sphere","floor":21,"turns":3},{"damage":5,"enemies":"3 Cultists","floor":22,"turns":7},{"damage":2,"enemies":"Book of Stabbing","floor":24,"turns":7},{"damage":14,"enemies":"Centurion and Healer","floor":29,"turns":5},{"damage":0,"enemies":"Cultist and Chosen","floor":30,"turns":4},{"damage":0,"enemies":"Masked Bandits","floor":31,"turns":2},{"damage":14,"enemies":"Automaton","floor":33,"turns":12},{"damage":0,"enemies":"Orb Walker","floor":35,"turns":5},{"damage":1,"enemies":"3 Darklings","floor":38,"turns":2},{"damage":0,"enemies":"4 Shapes","floor":39,"turns":3},{"damage":71,"enemies":"Giant Head","floor":41,"turns":7}],"seed_played":"-6414389724487712487","potions_obtained":[{"floor":1,"key":"SpeedPotion"},{"floor":2,"key":"LiquidMemories"},{"floor":10,"key":"Fire Potion"},{"floor":12,"key":"Ancient Potion"},{"floor":16,"key":"GhostInAJar"},{"floor":22,"key":"EssenceOfSteel"},{"floor":30,"key":"Regen Potion"},{"floor":31,"key":"SkillPotion"},{"floor":38,"key":"Energy Potion"},{"floor":39,"key":"SneckoOil"}],"is_trial":false,"path_per_floor":["M","M","?","$","M","R","E","$","T","E","M","E","R","M","R","B",null,"M","M","$","M","M","R","E","R","T","?","$","M","M","?","R","B",null,"M","?","?","M","M","R","E"],"character_chosen":"THE_SILENT","items_purchased":["All Out Attack","Matryoshka","Footwork","Toolbox"],"campfire_rested":3,"item_purchase_floors":[4,8,8,20],"current_hp_per_floor":[46,46,46,46,45,45,30,30,37,22,13,4,24,24,44,25,57,56,52,52,52,47,47,45,45,45,45,45,31,31,36,56,42,61,61,61,61,60,60,60,0],"gold":281,"neow_bonus":"TWO_FIFTY_GOLD","is_prod":false,"is_daily":false,"chose_seed":false,"campfire_upgraded":4,"win_rate":0,"timestamp":1601483816,"path_taken":["M","M","?","?","M","R","E","$","T","E","M","E","R","?","R","BOSS","M","M","$","?","M","R","E","R","T","?","$","M","M","?","R","BOSS","M","?","?","M","?","R","E"],"build_version":"2020-07-30","purchased_purges":1,"victory":false,"max_hp_per_floor":[60,60,60,60,60,60,60,60,67,67,67,67,67,67,67,67,67,67,67,67,67,67,67,67,67,67,67,67,67,67,67,67,67,67,67,64,64,64,64,64,64],"card_choices":[{"not_picked":["Distraction","Deadly Poison"],"picked":"Dagger Throw","floor":1},{"not_picked":["Sucker Punch","Outmaneuver"],"picked":"Underhanded Strike","floor":2},{"not_picked":["Sucker Punch","Catalyst"],"picked":"Leg Sweep","floor":5},{"not_picked":["Dodge and Roll","All Out Attack","Endless Agony"],"picked":"SKIP","floor":7},{"not_picked":["Quick Slash","Dodge and Roll"],"picked":"Infinite Blades","floor":10},{"not_picked":["Dagger Spray","Quick Slash","Endless Agony"],"picked":"SKIP","floor":11},{"not_picked":["Slice","Burst"],"picked":"Underhanded Strike","floor":12},{"not_picked":["Dagger Throw","Blade Dance"],"picked":"Acrobatics","floor":14},{"not_picked":["Bullet Time","Burst"],"picked":"Night Terror","floor":16},{"not_picked":["Dagger Spray","Quick Slash","Blade Dance"],"picked":"SKIP","floor":18},{"not_picked":["Noxious Fumes+1","Leg Sweep"],"picked":"Flechettes","floor":19},{"not_picked":["Blade Dance","Caltrops"],"picked":"PiercingWail+1","floor":21},{"not_picked":["Slice","Deflect"],"picked":"Escape Plan","floor":22},{"not_picked":["Acrobatics","Deflect"],"picked":"Concentrate","floor":24},{"not_picked":["PiercingWail+1","Prepared+1"],"picked":"Acrobatics+1","floor":29},{"not_picked":["Footwork","Bane"],"picked":"Dash+1","floor":30},{"not_picked":["Heel Hook","Corpse Explosion+1"],"picked":"Tactician+1","floor":31},{"not_picked":["Poisoned Stab","Blade Dance+1","Quick Slash"],"picked":"SKIP","floor":35},{"not_picked":["Noxious Fumes+1","Slice"],"picked":"Choke","floor":38},{"not_picked":["Dagger Throw","Malaise+1"],"picked":"Underhanded Strike","floor":39}],"player_experience":1166308,"relics_obtained":[{"floor":7,"key":"Mercury Hourglass"},{"floor":9,"key":"Strawberry"},{"floor":9,"key":"Bottled Tornado"},{"floor":10,"key":"Ninja Scroll"},{"floor":12,"key":"Boot"},{"floor":24,"key":"Gremlin Horn"},{"floor":26,"key":"Toxic Egg 2"},{"floor":26,"key":"Nunchaku"},{"floor":31,"key":"Red Mask"},{"floor":37,"key":"Dead Branch"}],"event_choices":[{"damage_healed":0,"gold_gain":0,"player_choice":"Trade","damage_taken":0,"relics_obtained":["CultistMask"],"max_hp_gain":0,"max_hp_loss":0,"event_name":"FaceTrader","floor":3,"gold_loss":0},{"damage_healed":0,"gold_gain":0,"player_choice":"Ignored","damage_taken":0,"max_hp_gain":0,"max_hp_loss":0,"event_name":"Vampires","floor":27,"gold_loss":0},{"damage_healed":0,"gold_gain":0,"player_choice":"Fought Bandits","damage_taken":0,"max_hp_gain":0,"max_hp_loss":0,"event_name":"Masked Bandits","floor":31,"gold_loss":0},{"damage_healed":0,"gold_gain":0,"player_choice":"Max HP","damage_taken":0,"max_hp_gain":0,"max_hp_loss":3,"event_name":"Winding Halls","floor":36,"gold_loss":0},{"damage_healed":0,"gold_gain":0,"player_choice":"Relic","damage_taken":0,"max_hp_gain":0,"max_hp_loss":0,"event_name":"Wheel of Change","floor":37,"gold_loss":0}],"is_beta":false,"boss_relics":[{"not_picked":["Coffee Dripper","Sozu"],"picked":"Runic Pyramid"},{"not_picked":["SacredBark","Runic Dome"],"picked":"Black Star"}],"items_purged_floors":[28],"is_endless":false,"potions_floor_spawned":[1,2,10,12,16,19,22,30,31,38,39],"killed_by":"Giant Head","ascension_level":15}