{"gold_per_floor":[111,123,78,78,78,78,109,109,157,157,185,185,212,227,227,227],"floor_reached":16,"playtime":408,"items_purged":[],"score":247,"play_id":"d2d0d3d6-0ad2-4cb7-9594-c12bc37ffc59","local_time":"20201015141737","is_ascension_mode":true,"campfire_choices":[{"data":"Dagger Spray","floor":6,"key":"SMITH"},{"data":"Neutralize","floor":8,"key":"SMITH"},{"data":"Masterful Stab","floor":10,"key":"SMITH"},{"data":"Backstab","floor":12,"key":"SMITH"},{"data":"Malaise","floor":15,"key":"SMITH"}],"neow_cost":"NONE","seed_source_timestamp":251845224553900,"circlet_count":0,"master_deck":["AscendersBane","Strike_G","Strike_G","Strike_G","Strike_G","Defend_G","Defend_G","Defend_G","Defend_G","Defend_G","Survivor","Neutralize+1","Escape Plan","Backstab","Dagger Spray+1","Masterful Stab+1","Backstab+1","Terror","Malaise+1"],"relics":["Ring of the Snake","NeowsBlessing","Du-Vu Doll","Incense Burner","Bag of Marbles","Unceasing Top","Toy Ornithopter"],"potions_floor_usage":[11,16],"damage_taken":[{"damage":0,"enemies":"Cultist","floor":1,"turns":1},{"damage":0,"enemies":"Small Slimes","floor":2,"turns":1},{"damage":0,"enemies":"3 Sentries","floor":7,"turns":1},{"damage":6,"enemies":"Lagavulin","floor":11,"turns":4},{"damage":1,"enemies":"3 Sentries","floor":13,"turns":4},{"damage":0,"enemies":"Jaw Worm","floor":14,"turns":1},{"damage":39,"enemies":"Slime Boss","floor":16,"turns":8}],"seed_played":"8472760477998897311","potions_obtained":[{"floor":1,"key":"CunningPotion"},{"floor":2,"key":"GhostInAJar"}],"is_trial":false,"path_per_floor":["M","M","$","?","?","R","E","R","T","R","E","R","E","M","R","B"],"character_chosen":"THE_SILENT","items_purchased":["Dagger Spray"],"campfire_rested":0,"item_purchase_floors":[3],"current_hp_per_floor":[59,59,59,41,41,41,41,41,41,41,35,35,34,34,34,0],"gold":227,"neow_bonus":"THREE_ENEMY_KILL","is_prod":false,"is_daily":false,"chose_seed":false,"campfire_upgraded":5,"win_rate":0,"timestamp":1602785857,"path_taken":["M","?","$","?","?","R","E","R","T","R","E","R","E","M","R","BOSS"],"build_version":"2020-07-30","purchased_purges":0,"victory":false,"max_hp_per_floor":[66,66,66,66,66,66,66,66,66,66,66,66,66,66,66,66],"card_choices":[{"not_picked":["Dodge and Roll","Leg Sweep"],"picked":"Escape Plan","floor":1},{"not_picked":["Outmaneuver","Acrobatics"],"picked":"Backstab","floor":2},{"not_picked":["Well Laid Plans","Quick Slash"],"picked":"Masterful Stab","floor":7},{"not_picked":["Noxious Fumes","Poisoned Stab"],"picked":"Backstab","floor":11},{"not_picked":["Acrobatics","Endless Agony"],"picked":"Terror","floor":13},{"not_picked":["Cloak And Dagger","Underhanded Strike"],"picked":"Malaise","floor":14}],"player_experience":1214850,"relics_obtained":[{"floor":7,"key":"Incense Burner"},{"floor":9,"key":"Bag of Marbles"},{"floor":11,"key":"Unceasing Top"},{"floor":13,"key":"Toy Ornithopter"}],"event_choices":[{"damage_healed":0,"gold_gain":0,"player_choice":"Success","damage_taken":18,"relics_obtained":["Du-Vu Doll"],"max_hp_gain":0,"max_hp_loss":0,"event_name":"Scrap Ooze","floor":4,"gold_loss":0},{"cards_removed":["Strike_G"],"damage_healed":0,"gold_gain":0,"player_choice":"Purged","damage_taken":0,"max_hp_gain":0,"max_hp_loss":0,"event_name":"Purifier","floor":5,"gold_loss":0}],"is_beta":false,"boss_relics":[],"items_purged_floors":[],"is_endless":false,"potions_floor_spawned":[1,2],"killed_by":"Slime Boss","ascension_level":15}