{"gold_per_floor":[115,132,57,57,76,111,123,161,173,202,100,100],"floor_reached":12,"playtime":273,"items_purged":["Strike_G"],"score":154,"play_id":"d8533ea5-44d2-444d-87a5-2a5478dc2bd3","local_time":"20201015141040","is_ascension_mode":true,"campfire_choices":[{"data":"Sucker Punch","floor":7,"key":"SMITH"}],"neow_cost":"NONE","seed_source_timestamp":251562353276200,"circlet_count":0,"master_deck":["AscendersBane","Strike_G","Strike_G","Strike_G","Strike_G","Defend_G","Defend_G","Defend_G","Defend_G","Survivor","Neutralize","Footwork","Cloak And Dagger","Sucker Punch+1","Grand Finale","Heel Hook","Accuracy"],"relics":["Ring of the Snake","NeowsBlessing","MawBank","Paper Crane","Pen Nib"],"potions_floor_usage":[6],"damage_taken":[{"damage":0,"enemies":"Small Slimes","floor":1,"turns":1},{"damage":0,"enemies":"Cultist","floor":2,"turns":1},{"damage":0,"enemies":"Jaw Worm","floor":5,"turns":1},{"damage":27,"enemies":"Gremlin Nob","floor":6,"turns":5},{"damage":13,"enemies":"3 Sentries","floor":8,"turns":6},{"damage":3,"enemies":"Exordium Wildlife","floor":10,"turns":4}],"seed_played":"8406815809547847434","potions_obtained":[{"floor":1,"key":"AttackPotion"},{"floor":6,"key":"Dexterity Potion"},{"floor":8,"key":"Swift Potion"}],"is_trial":false,"path_per_floor":["M","M","?","?","M","E","R","E","T","M","$","?"],"character_chosen":"THE_SILENT","items_purchased":["Accuracy"],"campfire_rested":0,"item_purchase_floors":[11],"current_hp_per_floor":[59,59,59,59,59,32,32,19,19,16,16,0],"gold":100,"neow_bonus":"THREE_ENEMY_KILL","is_prod":false,"is_daily":false,"chose_seed":false,"campfire_upgraded":1,"win_rate":0,"timestamp":1602785440,"path_taken":["M","M","?","?","?","E","R","E","T","M","$","?"],"build_version":"2020-07-30","purchased_purges":1,"victory":false,"max_hp_per_floor":[66,66,66,66,66,66,66,66,66,66,66,66],"card_choices":[{"not_picked":["Backflip","Deadly Poison"],"picked":"Footwork","floor":1},{"not_picked":["All Out Attack","Distraction"],"picked":"Cloak And Dagger","floor":2},{"not_picked":["Riddle With Holes","Catalyst"],"picked":"Sucker Punch","floor":5},{"not_picked":["Poisoned Stab","Venomology"],"picked":"Grand Finale","floor":6},{"not_picked":["Sucker Punch","Poisoned Stab","Deadly Poison"],"picked":"SKIP","floor":8},{"not_picked":["Blade Dance","Setup"],"picked":"Heel Hook","floor":10}],"player_experience":1214577,"relics_obtained":[{"floor":6,"key":"MawBank"},{"floor":8,"key":"Paper Crane"},{"floor":9,"key":"Pen Nib"}],"event_choices":[{"cards_removed":["Defend_G"],"damage_healed":0,"gold_gain":0,"player_choice":"Card Removal","damage_taken":0,"max_hp_gain":0,"max_hp_loss":0,"event_name":"The Cleric","floor":3,"gold_loss":75},{"damage_healed":0,"gold_gain":0,"player_choice":"0 cards matched","damage_taken":0,"max_hp_gain":0,"max_hp_loss":0,"event_name":"Match and Keep!","floor":4,"gold_loss":0,"cards_obtained":[]}],"is_beta":false,"boss_relics":[],"items_purged_floors":[11],"is_endless":false,"potions_floor_spawned":[1,6,8,10],"ascension_level":15}