{"gold_per_floor":[114,39,39,53,53,53,53,69,69,69,69],"floor_reached":11,"playtime":276,"items_purged":[],"score":107,"play_id":"1a938957-be29-4546-809a-29d817bd0ee6","local_time":"20201015143819","is_ascension_mode":true,"campfire_choices":[{"data":"Blade Dance","floor":6,"key":"SMITH"},{"data":"Cloak And Dagger","floor":10,"key":"SMITH"}],"neow_cost":"PERCENT_DAMAGE","seed_source_timestamp":253218334906800,"circlet_count":0,"master_deck":["AscendersBane","Strike_G","Strike_G","Strike_G","Strike_G","Defend_G","Defend_G","Defend_G","Defend_G","Defend_G","Survivor","Neutralize","Phantasmal Killer+1","Blade Dance+1","Reflex","Acrobatics","Cloak And Dagger+1"],"relics":["Ring of the Snake","Question Card","Ice Cream"],"potions_floor_usage":[11],"damage_taken":[{"damage":9,"enemies":"Small Slimes","floor":1,"turns":5},{"damage":3,"enemies":"Cultist","floor":4,"turns":5},{"damage":3,"enemies":"2 Louse","floor":8,"turns":2},{"damage":29,"enemies":"3 Sentries","floor":11,"turns":8}],"seed_played":"-6984835131662183336","potions_obtained":[{"floor":8,"key":"SkillPotion"}],"is_trial":false,"path_per_floor":["M","$","?","M","T","R","?","M","T","R","E"],"character_chosen":"THE_SILENT","items_purchased":["Reflex"],"campfire_rested":0,"item_purchase_floors":[2],"current_hp_per_floor":[35,35,35,32,32,32,25,22,22,22,0],"gold":69,"neow_bonus":"THREE_RARE_CARDS","is_prod":false,"is_daily":false,"chose_seed":false,"campfire_upgraded":2,"win_rate":0,"timestamp":1602787099,"path_taken":["M","$","?","?","?","R","?","M","T","R","E"],"build_version":"2020-07-30","purchased_purges":0,"victory":false,"max_hp_per_floor":[66,66,66,66,66,66,66,66,66,66,66],"card_choices":[{"not_picked":["Malaise","Die Die Die"],"picked":"Phantasmal Killer","floor":0},{"not_picked":["Deflect","PiercingWail"],"picked":"Blade Dance","floor":1},{"not_picked":["Deadly Poison","Outmaneuver"],"picked":"Acrobatics","floor":4},{"not_picked":["Flying Knee","Dodge and Roll","Dagger Spray"],"picked":"Cloak And Dagger","floor":8}],"player_experience":1216194,"relics_obtained":[{"floor":5,"key":"Question Card"},{"floor":9,"key":"Ice Cream"}],"event_choices":[{"damage_healed":0,"gold_gain":0,"player_choice":"Forge","damage_taken":0,"max_hp_gain":0,"max_hp_loss":0,"event_name":"Accursed Blacksmith","floor":3,"gold_loss":0,"cards_upgraded":["Phantasmal Killer"]},{"cards_removed":["Strike_G"],"damage_healed":0,"gold_gain":0,"player_choice":"Card Removal","damage_taken":7,"max_hp_gain":0,"max_hp_loss":0,"event_name":"Golden Wing","floor":7,"gold_loss":0}],"is_beta":false,"boss_relics":[],"items_purged_floors":[],"is_endless":false,"potions_floor_spawned":[8],"killed_by":"3 Sentries","ascension_level":15}