{"gold_per_floor":[39,78,136,193,228,228,260,260,260,34,109,109,162,207,207,331,331,370,370,370,53,49,49,49],"floor_reached":24,"playtime":936,"items_purged":["Strike_G"],"score":375,"play_id":"70e411ac-f930-4e1e-b4e0-dd9eef58409b","local_time":"20201015143325","is_ascension_mode":true,"campfire_choices":[{"data":"HandOfGreed","floor":6,"key":"SMITH"},{"data":"Footwork","floor":15,"key":"SMITH"},{"data":"Defend_G","floor":23,"key":"PURGE"}],"neow_cost":"NO_GOLD","seed_source_timestamp":252263748805400,"circlet_count":0,"master_deck":["AscendersBane","Strike_G","Strike_G","Defend_G","Defend_G","Defend_G","Defend_G","Survivor","Neutralize","HandOfGreed+1","PiercingWail","Dagger Throw","Escape Plan","All Out Attack","Footwork+1","Setup","Backflip+1"],"relics":["Ring of the Snake","Incense Burner","Tiny Chest","Bronze Scales","Happy Flower","Pantograph","Odd Mushroom","Empty Cage","Toxic Egg 2","TungstenRod","Peace Pipe"],"potions_floor_usage":[5,7,16,24],"damage_taken":[{"damage":3,"enemies":"Jaw Worm","floor":1,"turns":3},{"damage":0,"enemies":"Cultist","floor":2,"turns":4},{"damage":6,"enemies":"Small Slimes","floor":3,"turns":4},{"damage":10,"enemies":"2 Fungi Beasts","floor":4,"turns":5},{"damage":0,"enemies":"Looter","floor":5,"turns":4},{"damage":9,"enemies":"Gremlin Nob","floor":7,"turns":4},{"damage":30,"enemies":"3 Sentries","floor":11,"turns":8},{"damage":13,"enemies":"Lagavulin","floor":13,"turns":5},{"damage":13,"enemies":"The Mushroom Lair","floor":14,"turns":4},{"damage":44,"enemies":"Slime Boss","floor":16,"turns":15},{"damage":6,"enemies":"3 Byrds","floor":18,"turns":3},{"damage":5,"enemies":"2 Thieves","floor":22,"turns":4},{"damage":45,"enemies":"Book of Stabbing","floor":24,"turns":8}],"seed_played":"3704560186408252071","potions_obtained":[{"floor":2,"key":"BlessingOfTheForge"},{"floor":3,"key":"LiquidMemories"},{"floor":13,"key":"Poison Potion"},{"floor":16,"key":"SkillPotion"},{"floor":22,"key":"EssenceOfSteel"}],"is_trial":false,"path_per_floor":["M","M","M","M","M","R","E","?","T","$","E","?","E","?","R","B",null,"M","T","?","$","M","R","E"],"character_chosen":"THE_SILENT","items_purchased":["Bronze Scales","Backflip+1","Peace Pipe"],"campfire_rested":0,"item_purchase_floors":[10,21,21],"current_hp_per_floor":[56,56,50,40,40,40,31,66,66,66,36,58,45,32,32,13,53,47,47,47,47,42,42,0],"gold":49,"neow_bonus":"RANDOM_COLORLESS_2","is_prod":false,"is_daily":false,"chose_seed":false,"campfire_upgraded":2,"win_rate":0,"timestamp":1602786805,"path_taken":["M","M","M","M","M","R","E","?","T","?","E","?","E","?","R","BOSS","M","?","?","$","?","R","E"],"build_version":"2020-07-30","purchased_purges":1,"victory":false,"max_hp_per_floor":[66,66,66,66,66,66,66,66,66,66,66,66,66,66,66,66,66,66,66,66,66,66,66,66],"card_choices":[{"not_picked":["Magnetism","Master of Strategy"],"picked":"HandOfGreed","floor":0},{"not_picked":["Poisoned Stab","Blade Dance"],"picked":"PiercingWail","floor":1},{"not_picked":["Outmaneuver","Backstab"],"picked":"Dagger Throw","floor":2},{"not_picked":["Concentrate","Blade Dance","Slice"],"picked":"SKIP","floor":3},{"not_picked":["Quick Slash","Flying Knee"],"picked":"Escape Plan","floor":4},{"not_picked":["Flechettes","Outmaneuver"],"picked":"All Out Attack","floor":5},{"not_picked":["Skewer","Finisher"],"picked":"Footwork","floor":7},{"not_picked":["Dodge and Roll","Reflex","Quick Slash"],"picked":"SKIP","floor":11},{"not_picked":["Skewer","Tools of the Trade","Catalyst"],"picked":"SKIP","floor":13},{"not_picked":["Concentrate","Cloak And Dagger"],"picked":"Setup","floor":14},{"not_picked":["Dodge and Roll","Cloak And Dagger","Bane"],"picked":"SKIP","floor":18},{"not_picked":["Flying Knee","Footwork","Underhanded Strike"],"picked":"SKIP","floor":22}],"player_experience":1215258,"relics_obtained":[{"floor":7,"key":"Incense Burner"},{"floor":9,"key":"Tiny Chest"},{"floor":11,"key":"Happy Flower"},{"floor":13,"key":"Pantograph"},{"floor":14,"key":"Odd Mushroom"},{"floor":19,"key":"Toxic Egg 2"}],"event_choices":[{"damage_healed":35,"gold_gain":0,"player_choice":"Full Heal","damage_taken":0,"max_hp_gain":0,"max_hp_loss":0,"event_name":"Wheel of Change","floor":8,"gold_loss":0},{"damage_healed":22,"gold_gain":0,"player_choice":"Banana","damage_taken":0,"max_hp_gain":0,"max_hp_loss":0,"event_name":"Big Fish","floor":12,"gold_loss":0},{"damage_healed":0,"gold_gain":0,"player_choice":"Fought Mushrooms","damage_taken":0,"max_hp_gain":0,"max_hp_loss":0,"event_name":"Mushrooms","floor":14,"gold_loss":0},{"damage_healed":0,"gold_gain":0,"player_choice":"Gave Potion","damage_taken":0,"relics_obtained":["TungstenRod"],"max_hp_gain":0,"max_hp_loss":0,"event_name":"WeMeetAgain","floor":20,"gold_loss":0}],"is_beta":false,"boss_relics":[{"not_picked":["Tiny House","Cursed Key"],"picked":"Empty Cage"}],"items_purged_floors":[10],"is_endless":false,"potions_floor_spawned":[2,3,13,16,22],"killed_by":"Book of Stabbing","ascension_level":15}