{"gold_per_floor":[111,111,131,131,151,181,10,10,58,58,74,74,106,120,120,197,197,207,207,207,221,221,221,234,247,295,209,209,223,223,223,223,223],"floor_reached":33,"playtime":898,"items_purged":[],"score":446,"play_id":"55b449e4-65a1-4b1d-9b94-1868238e11d8","local_time":"20201015145328","is_ascension_mode":true,"campfire_choices":[{"floor":8,"key":"REST"},{"data":"Apotheosis","floor":10,"key":"SMITH"},{"floor":12,"key":"REST"},{"floor":15,"key":"REST"},{"floor":23,"key":"REST"},{"data":"Doppelganger","floor":28,"key":"SMITH"},{"floor":32,"key":"REST"}],"neow_cost":"NONE","seed_source_timestamp":253505472610900,"circlet_count":0,"master_deck":["AscendersBane","Strike_G","Strike_G","Strike_G","Strike_G","Strike_G","Defend_G+1","Defend_G","Defend_G","Defend_G","Defend_G","Survivor+1","Neutralize","Eviscerate","Dash","Flechettes","Grand Finale","Apotheosis+1","Setup","Corpse Explosion","Doppelganger+1","Writhe","Reflex+1","All Out Attack","Catalyst","Deadly Poison","Necronomicurse"],"relics":["Ring of the Serpent","NeowsBlessing","Tiny Chest","War Paint","Orichalcum","Du-Vu Doll","MealTicket","Ninja Scroll","Blood Vial","Meat on the Bone","Necronomicon"],"potions_floor_usage":[6,13,24,33],"damage_taken":[{"damage":0,"enemies":"Jaw Worm","floor":1,"turns":1},{"damage":0,"enemies":"Small Slimes","floor":3,"turns":1},{"damage":0,"enemies":"2 Louse","floor":5,"turns":1},{"damage":37,"enemies":"Gremlin Nob","floor":6,"turns":6},{"damage":3,"enemies":"Looter","floor":11,"turns":4},{"damage":14,"enemies":"Lagavulin","floor":13,"turns":7},{"damage":0,"enemies":"3 Louse","floor":14,"turns":2},{"damage":33,"enemies":"The Guardian","floor":16,"turns":11},{"damage":0,"enemies":"Shell Parasite","floor":18,"turns":7},{"damage":24,"enemies":"2 Thieves","floor":21,"turns":4},{"damage":14,"enemies":"Chosen and Byrds","floor":24,"turns":6},{"damage":0,"enemies":"3 Cultists","floor":25,"turns":3},{"damage":7,"enemies":"Snecko","floor":29,"turns":4},{"damage":53,"enemies":"Champ","floor":33,"turns":7}],"seed_played":"8976111282004640279","potions_obtained":[{"floor":1,"key":"LiquidBronze"},{"floor":3,"key":"LiquidMemories"},{"floor":5,"key":"BlessingOfTheForge"},{"floor":16,"key":"BlessingOfTheForge"},{"floor":21,"key":"GamblersBrew"},{"floor":24,"key":"DuplicationPotion"}],"is_trial":false,"path_per_floor":["M","?","M","?","M","E","$","R","T","R","M","R","E","M","R","B",null,"M","?","?","M","T","R","M","M","T","$","R","M","T","?","R","B"],"character_chosen":"THE_SILENT","items_purchased":["Apotheosis","Catalyst","Deadly Poison"],"campfire_rested":5,"item_purchase_floors":[7,27,27],"current_hp_per_floor":[59,59,59,59,59,22,22,41,41,41,38,57,43,43,62,29,57,57,57,57,33,33,52,38,38,38,53,53,48,48,27,46,0],"gold":223,"neow_bonus":"THREE_ENEMY_KILL","is_prod":false,"is_daily":false,"chose_seed":false,"campfire_upgraded":2,"win_rate":0,"timestamp":1602788008,"path_taken":["M","?","M","?","M","E","$","R","T","R","M","R","E","M","R","BOSS","M","?","?","M","?","R","M","M","T","$","R","?","?","?","R","BOSS"],"build_version":"2020-07-30","purchased_purges":0,"victory":false,"max_hp_per_floor":[66,66,66,66,66,66,66,66,66,66,66,66,66,66,66,66,66,66,66,66,66,66,66,66,66,66,66,66,66,66,66,66,66],"card_choices":[{"not_picked":["Outmaneuver","Backflip"],"picked":"Eviscerate","floor":1},{"not_picked":["Noxious Fumes","Blade Dance"],"picked":"Dash","floor":3},{"not_picked":["Bouncing Flask","Cloak And Dagger"],"picked":"Flechettes","floor":5},{"not_picked":["Blade Dance","PiercingWail"],"picked":"Grand Finale","floor":6},{"not_picked":["Deadly Poison","Infinite Blades"],"picked":"Setup","floor":11},{"not_picked":["Deadly Poison","Dagger Throw"],"picked":"Corpse Explosion","floor":13},{"not_picked":["Sucker Punch","Distraction","Dagger Spray"],"picked":"SKIP","floor":14},{"not_picked":["Corpse Explosion","Wraith Form v2"],"picked":"Doppelganger","floor":16},{"not_picked":["Deadly Poison","Deflect","Blade Dance"],"picked":"SKIP","floor":18},{"not_picked":["Poisoned Stab+1","Dagger Throw","Calculated Gamble"],"picked":"SKIP","floor":21},{"not_picked":["Acrobatics+1","Bane"],"picked":"Reflex+1","floor":24},{"not_picked":["Concentrate","Blade Dance"],"picked":"All Out Attack","floor":25},{"not_picked":["Cloak And Dagger","Sucker Punch","Masterful Stab"],"picked":"SKIP","floor":29}],"player_experience":1216470,"relics_obtained":[{"floor":6,"key":"War Paint"},{"floor":9,"key":"Orichalcum"},{"floor":13,"key":"Du-Vu Doll"},{"floor":22,"key":"Ninja Scroll"},{"floor":26,"key":"Blood Vial"},{"floor":30,"key":"Meat on the Bone"},{"floor":31,"key":"Necronomicon"}],"event_choices":[{"damage_healed":0,"gold_gain":0,"player_choice":"Box","damage_taken":0,"relics_obtained":["Tiny Chest"],"max_hp_gain":0,"max_hp_loss":0,"event_name":"Big Fish","floor":2,"gold_loss":0,"cards_obtained":["Regret"]},{"cards_removed":["Regret"],"damage_healed":0,"gold_gain":0,"player_choice":"Forget","damage_taken":0,"max_hp_gain":0,"max_hp_loss":0,"event_name":"Living Wall","floor":4,"gold_loss":0},{"damage_healed":0,"gold_gain":0,"player_choice":"Opened","damage_taken":0,"relics_obtained":["MealTicket"],"max_hp_gain":0,"max_hp_loss":0,"event_name":"The Mausoleum","floor":19,"gold_loss":0,"cards_obtained":["Writhe"]},{"damage_healed":0,"gold_gain":0,"player_choice":"Ignored","damage_taken":0,"max_hp_gain":0,"max_hp_loss":0,"event_name":"Ghosts","floor":20,"gold_loss":0},{"damage_healed":0,"gold_gain":0,"player_choice":"Obtained Book","damage_taken":21,"max_hp_gain":0,"max_hp_loss":0,"event_name":"Cursed Tome","floor":31,"gold_loss":0}],"is_beta":false,"boss_relics":[{"not_picked":["Runic Dome","Coffee Dripper"],"picked":"Ring of the Serpent"}],"items_purged_floors":[],"is_endless":false,"potions_floor_spawned":[1,3,5,16,21,24],"killed_by":"Champ","ascension_level":15}