{"gold_per_floor":[118,118,135,285,285,311,311,311],"floor_reached":8,"playtime":320,"items_purged":[],"score":95,"play_id":"5cbf7479-70a0-412b-b526-d04c6129cdb1","local_time":"20201015140244","is_ascension_mode":true,"campfire_choices":[{"floor":7,"key":"REST"}],"neow_cost":"NONE","seed_source_timestamp":251039490625900,"circlet_count":0,"master_deck":["AscendersBane","Strike_G","Strike_G","Strike_G","Strike_G","Defend_G","Defend_G","Defend_G","Defend_G","Defend_G","Survivor","Neutralize","Acrobatics","Poisoned Stab","Noxious Fumes","Doubt","Die Die Die"],"relics":["Ring of the Snake","Mummified Hand"],"potions_floor_usage":[],"damage_taken":[{"damage":1,"enemies":"Jaw Worm","floor":1,"turns":7},{"damage":0,"enemies":"Small Slimes","floor":3,"turns":4},{"damage":60,"enemies":"Gremlin Nob","floor":6,"turns":6},{"damage":29,"enemies":"Lagavulin","floor":8,"turns":6}],"seed_played":"7671049633581445105","potions_obtained":[],"is_trial":false,"path_per_floor":["M","?","M","?","?","E","R","E"],"character_chosen":"THE_SILENT","items_purchased":[],"campfire_rested":1,"item_purchase_floors":[],"current_hp_per_floor":[58,63,63,63,63,3,24,0],"gold":311,"neow_bonus":"TRANSFORM_CARD","is_prod":false,"is_daily":false,"chose_seed":false,"campfire_upgraded":0,"win_rate":0,"timestamp":1602784964,"path_taken":["M","?","M","?","?","E","R","E"],"build_version":"2020-07-30","purchased_purges":0,"victory":false,"max_hp_per_floor":[66,71,71,71,71,71,71,71],"card_choices":[{"not_picked":["Quick Slash","Deadly Poison"],"picked":"Poisoned Stab","floor":1},{"not_picked":["Blade Dance","Calculated Gamble"],"picked":"Noxious Fumes","floor":3},{"not_picked":["Masterful Stab","Prepared","Blade Dance"],"picked":"SKIP","floor":6}],"player_experience":1214075,"relics_obtained":[{"floor":6,"key":"Mummified Hand"}],"event_choices":[{"damage_healed":0,"gold_gain":0,"player_choice":"Donut","damage_taken":0,"max_hp_gain":5,"max_hp_loss":0,"event_name":"Big Fish","floor":2,"gold_loss":0},{"damage_healed":0,"gold_gain":150,"player_choice":"AGREE","damage_taken":0,"max_hp_gain":0,"max_hp_loss":0,"event_name":"Liars Game","floor":4,"gold_loss":0,"cards_obtained":["Doubt"]},{"damage_healed":0,"gold_gain":0,"player_choice":"1 cards matched","damage_taken":0,"max_hp_gain":0,"max_hp_loss":0,"event_name":"Match and Keep!","floor":5,"gold_loss":0,"cards_obtained":["Die Die Die"]}],"is_beta":false,"boss_relics":[],"items_purged_floors":[],"is_endless":false,"potions_floor_spawned":[],"killed_by":"Lagavulin","ascension_level":15}