{"gold_per_floor":[118,118,118,135,60,93,93,17,40,40,40,40,55,70,70,144,144,156,170,170,150,161,190,190,190],"floor_reached":25,"playtime":2232,"items_purged":["Strike_G"],"score":427,"play_id":"90cfe055-b3c7-4d91-91ee-b252d10d7e06","local_time":"20201008143712","is_ascension_mode":true,"campfire_choices":[{"data":"Eviscerate","floor":7,"key":"SMITH"},{"data":"Survivor","floor":10,"key":"SMITH"},{"data":"Leg Sweep","floor":15,"key":"SMITH"},{"floor":24,"key":"REST"}],"neow_cost":"NONE","seed_source_timestamp":89692912606200,"circlet_count":0,"master_deck":["AscendersBane","Strike_G","Strike_G","Strike_G+1","Defend_G","Defend_G","Defend_G","Defend_G","Defend_G","Survivor+1","Neutralize+1","Eviscerate+1","Dagger Throw","Reflex","Leg Sweep+1","Calculated Gamble","After Image","Eviscerate","Underhanded Strike"],"relics":["Ring of the Snake","NeowsBlessing","Boot","Singing Bowl","Whetstone","Juzu Bracelet","Cursed Key","Blood Vial"],"potions_floor_usage":[14,16,16,19,23],"damage_taken":[{"damage":0,"enemies":"2 Louse","floor":1,"turns":1},{"damage":0,"enemies":"Small Slimes","floor":4,"turns":1},{"damage":0,"enemies":"3 Sentries","floor":6,"turns":1},{"damage":0,"enemies":"Cultist","floor":13,"turns":2},{"damage":4,"enemies":"Red Slaver","floor":14,"turns":5},{"damage":35,"enemies":"Slime Boss","floor":16,"turns":15},{"damage":8,"enemies":"3 Byrds","floor":18,"turns":6},{"damage":6,"enemies":"Shell Parasite","floor":19,"turns":6},{"damage":13,"enemies":"Snake Plant","floor":22,"turns":6},{"damage":35,"enemies":"Slavers","floor":23,"turns":10},{"damage":97,"enemies":"Gremlin Leader","floor":25,"turns":11}],"seed_played":"-6673673741138309314","potions_obtained":[{"floor":1,"key":"ColorlessPotion"},{"floor":4,"key":"Energy Potion"},{"floor":22,"key":"LiquidMemories"}],"is_trial":false,"path_per_floor":["M","?","?","M","$","E","R","$","T","R","?","?","M","M","R","B",null,"M","M","?","?","M","E","R","E"],"character_chosen":"THE_SILENT","items_purchased":["Reflex"],"campfire_rested":1,"item_purchase_floors":[8],"current_hp_per_floor":[59,59,54,54,54,56,56,56,56,56,56,56,56,52,52,17,55,49,45,82,82,69,34,58,0],"gold":190,"neow_bonus":"THREE_ENEMY_KILL","is_prod":false,"is_daily":false,"chose_seed":false,"campfire_upgraded":3,"win_rate":0,"timestamp":1602182232,"path_taken":["M","?","?","M","$","E","R","$","T","R","?","?","M","M","R","BOSS","M","M","?","?","M","E","R","E"],"build_version":"2020-07-30","purchased_purges":1,"victory":false,"max_hp_per_floor":[66,66,66,66,66,68,68,68,68,68,68,68,68,68,68,68,68,70,72,82,82,82,82,82,82],"card_choices":[{"not_picked":["Footwork","Prepared"],"picked":"Eviscerate","floor":1},{"not_picked":["Prepared","Leg Sweep"],"picked":"Dagger Throw","floor":4},{"not_picked":["Cloak And Dagger","Masterful Stab","Catalyst"],"picked":"Singing Bowl","floor":6},{"not_picked":["Dagger Throw","Dodge and Roll"],"picked":"Leg Sweep","floor":13},{"not_picked":["Dagger Spray","Sucker Punch"],"picked":"Calculated Gamble","floor":14},{"not_picked":["Grand Finale","Phantasmal Killer"],"picked":"After Image","floor":16},{"not_picked":["Outmaneuver","Riddle With Holes","Predator"],"picked":"Singing Bowl","floor":18},{"not_picked":["Infinite Blades","Riddle With Holes","Sucker Punch"],"picked":"Singing Bowl","floor":19},{"not_picked":["Bane+1","Skewer"],"picked":"Eviscerate","floor":22},{"not_picked":["Caltrops","Doppelganger"],"picked":"Underhanded Strike","floor":23}],"player_experience":1204475,"relics_obtained":[{"floor":6,"key":"Singing Bowl"},{"floor":9,"key":"Whetstone"},{"floor":23,"key":"Blood Vial"}],"event_choices":[{"damage_healed":0,"gold_gain":0,"cards_transformed":["Strike_G"],"player_choice":"Change","damage_taken":0,"max_hp_gain":0,"max_hp_loss":0,"event_name":"Living Wall","floor":2,"gold_loss":0,"cards_obtained":["Venomology"]},{"damage_healed":0,"gold_gain":0,"player_choice":"Success","damage_taken":5,"relics_obtained":["Boot"],"max_hp_gain":0,"max_hp_loss":0,"event_name":"Scrap Ooze","floor":3,"gold_loss":0},{"damage_healed":0,"gold_gain":0,"player_choice":"Box","damage_taken":0,"relics_obtained":["Juzu Bracelet"],"max_hp_gain":0,"max_hp_loss":0,"event_name":"Big Fish","floor":11,"gold_loss":0,"cards_obtained":["Regret"]},{"cards_removed":["Regret"],"damage_healed":0,"gold_gain":0,"player_choice":"Removed Curses","damage_taken":0,"max_hp_gain":0,"max_hp_loss":0,"event_name":"Fountain of Cleansing","floor":12,"gold_loss":0},{"cards_removed":["Venomology"],"damage_healed":27,"gold_gain":0,"player_choice":"Offered Rare","damage_taken":0,"max_hp_gain":10,"max_hp_loss":0,"event_name":"Bonfire Elementals","floor":20,"gold_loss":0},{"damage_healed":0,"gold_gain":0,"player_choice":"Bought 1 Potion","damage_taken":0,"max_hp_gain":0,"max_hp_loss":0,"event_name":"The Woman in Blue","floor":21,"gold_loss":0}],"is_beta":false,"boss_relics":[{"not_picked":["Snecko Eye","Ectoplasm"],"picked":"Cursed Key"}],"items_purged_floors":[5],"is_endless":false,"potions_floor_spawned":[1,4,13,18,22],"killed_by":"Gremlin Leader","ascension_level":15}