{"gold_per_floor":[20,20,20,20,35,66,66,216,216,216,216,227,258,278,278,278],"floor_reached":16,"playtime":465,"items_purged":[],"score":189,"play_id":"42eea6b0-d295-4a3a-99b6-add3243dbe7f","local_time":"20201023180250","is_ascension_mode":true,"campfire_choices":[{"floor":7,"key":"REST"},{"data":"Bullet Time","floor":11,"key":"SMITH"},{"floor":15,"key":"REST"}],"neow_cost":"NO_GOLD","seed_source_timestamp":341115915764300,"circlet_count":0,"master_deck":["AscendersBane","Strike_G","Strike_G","Strike_G","Strike_G","Defend_G","Defend_G","Defend_G","Defend_G","Defend_G","Survivor","Neutralize","Bullet Time+1","Bouncing Flask","Corpse Explosion","Decay","Acrobatics","Doubt","Concentrate"],"relics":["Ring of the Snake","Ice Cream","Centennial Puzzle","Gremlin Horn","Bird Faced Urn"],"potions_floor_usage":[13,13],"damage_taken":[{"damage":0,"enemies":"Jaw Worm","floor":1,"turns":7},{"damage":2,"enemies":"Small Slimes","floor":5,"turns":3},{"damage":22,"enemies":"Lagavulin","floor":6,"turns":7},{"damage":0,"enemies":"2 Louse","floor":12,"turns":2},{"damage":11,"enemies":"3 Sentries","floor":13,"turns":5},{"damage":11,"enemies":"Exordium Thugs","floor":14,"turns":4},{"damage":43,"enemies":"Slime Boss","floor":16,"turns":5}],"seed_played":"-3913652887964014354","potions_obtained":[{"floor":6,"key":"EssenceOfSteel"},{"floor":12,"key":"GhostInAJar"},{"floor":14,"key":"Strength Potion"}],"is_trial":false,"path_per_floor":["M","?","?","?","M","E","R","?","T","?","R","M","E","M","R","B"],"character_chosen":"THE_SILENT","items_purchased":[],"campfire_rested":2,"item_purchase_floors":[],"current_hp_per_floor":[59,59,41,41,39,17,36,36,36,41,41,41,30,19,40,0],"gold":278,"neow_bonus":"THREE_RARE_CARDS","is_prod":false,"is_daily":false,"chose_seed":false,"campfire_upgraded":1,"win_rate":0,"timestamp":1603490570,"path_taken":["M","?","?","?","?","E","R","?","T","?","R","M","E","M","R","BOSS"],"build_version":"2020-07-30","purchased_purges":0,"victory":false,"max_hp_per_floor":[66,66,66,66,66,66,66,66,66,71,71,71,71,71,71,71],"card_choices":[{"not_picked":["Phantasmal Killer","Wraith Form v2"],"picked":"Bullet Time","floor":0},{"not_picked":["Poisoned Stab","Dagger Spray"],"picked":"Bouncing Flask","floor":1},{"not_picked":["Dagger Spray","Prepared"],"picked":"Acrobatics","floor":5},{"not_picked":["Flying Knee","Envenom","Acrobatics"],"picked":"SKIP","floor":6},{"not_picked":["Well Laid Plans","Dagger Throw","Cloak And Dagger"],"picked":"SKIP","floor":12},{"not_picked":["Backstab","Dodge and Roll"],"picked":"Concentrate","floor":13},{"not_picked":["Setup","Finisher","Deflect"],"picked":"SKIP","floor":14}],"player_experience":1227464,"relics_obtained":[{"floor":6,"key":"Centennial Puzzle"},{"floor":9,"key":"Gremlin Horn"},{"floor":13,"key":"Bird Faced Urn"}],"event_choices":[{"damage_healed":0,"gold_gain":0,"cards_transformed":["Strike_G"],"player_choice":"Change","damage_taken":0,"max_hp_gain":0,"max_hp_loss":0,"event_name":"Living Wall","floor":2,"gold_loss":0,"cards_obtained":["Corpse Explosion"]},{"damage_healed":0,"gold_gain":0,"player_choice":"Success","damage_taken":18,"relics_obtained":["Ice Cream"],"max_hp_gain":0,"max_hp_loss":0,"event_name":"Scrap Ooze","floor":3,"gold_loss":0},{"damage_healed":0,"gold_gain":0,"player_choice":"Cursed","damage_taken":0,"max_hp_gain":0,"max_hp_loss":0,"event_name":"Wheel of Change","floor":4,"gold_loss":0,"cards_obtained":["Decay"]},{"damage_healed":0,"gold_gain":150,"player_choice":"AGREE","damage_taken":0,"max_hp_gain":0,"max_hp_loss":0,"event_name":"Liars Game","floor":8,"gold_loss":0,"cards_obtained":["Doubt"]},{"damage_healed":0,"gold_gain":0,"player_choice":"Donut","damage_taken":0,"max_hp_gain":5,"max_hp_loss":0,"event_name":"Big Fish","floor":10,"gold_loss":0}],"is_beta":false,"boss_relics":[],"items_purged_floors":[],"is_endless":false,"potions_floor_spawned":[6,12,14],"killed_by":"Slime Boss","ascension_level":15}