{"gold_per_floor":[111,261,336,348,47,79,79,93,93,118,43,57,3,22,22,95,95,111,121,121,21,35,35,70,70,117,130,165,165,193,193],"floor_reached":31,"playtime":1005,"items_purged":["Doubt","Decay"],"score":662,"play_id":"8b88f237-3dae-42f1-8fa9-5f44e725b2ca","local_time":"20201226204712","is_ascension_mode":true,"campfire_choices":[{"data":"Skewer","floor":7,"key":"SMITH"},{"data":"Doppelganger","floor":15,"key":"SMITH"},{"data":"Concentrate","floor":23,"key":"SMITH"},{"data":"Neutralize","floor":25,"key":"SMITH"},{"floor":29,"key":"REST"}],"neow_cost":"NONE","seed_source_timestamp":263119569761200,"circlet_count":0,"master_deck":["AscendersBane","Strike_G+1","Strike_G","Strike_G","Strike_G","Strike_G+1","Defend_G","Defend_G","Defend_G","Defend_G","Defend_G","Survivor","Neutralize+1","Skewer+1","Masterful Stab","Doppelganger+1","Concentrate+1","Outmaneuver","PiercingWail+1","Storm of Steel+1","Outmaneuver+1","Blade Dance+1","Acrobatics+1","Prepared+1"],"relics":["Ring of the Snake","NeowsBlessing","ClockworkSouvenir","Shuriken","Art of War","Toxic Egg 2","Runic Pyramid","Ornamental Fan","Whetstone","Ancient Tea Set"],"potions_floor_usage":[10,16,22,24,28,28],"damage_taken":[{"damage":0,"enemies":"Jaw Worm","floor":1,"turns":1},{"damage":0,"enemies":"2 Louse","floor":4,"turns":1},{"damage":0,"enemies":"Lagavulin","floor":6,"turns":1},{"damage":0,"enemies":"Small Slimes","floor":8,"turns":2},{"damage":17,"enemies":"Gremlin Nob","floor":10,"turns":4},{"damage":0,"enemies":"Blue Slaver","floor":12,"turns":3},{"damage":0,"enemies":"Large Slime","floor":14,"turns":2},{"damage":0,"enemies":"Slime Boss","floor":16,"turns":3},{"damage":0,"enemies":"Chosen","floor":18,"turns":3},{"damage":10,"enemies":"Shell Parasite","floor":19,"turns":3},{"damage":0,"enemies":"Shelled Parasite and Fungi","floor":22,"turns":3},{"damage":15,"enemies":"Slavers","floor":24,"turns":3},{"damage":8,"enemies":"3 Cultists","floor":27,"turns":5},{"damage":14,"enemies":"Gremlin Leader","floor":28,"turns":8},{"damage":22,"enemies":"Slavers","floor":30,"turns":7},{"damage":8,"enemies":"Snake Plant","floor":31,"turns":3}],"seed_played":"6328663085277612932","potions_obtained":[{"floor":1,"key":"FearPotion"},{"floor":6,"key":"PowerPotion"},{"floor":12,"key":"Explosive Potion"},{"floor":16,"key":"AttackPotion"},{"floor":24,"key":"Fire Potion"},{"floor":27,"key":"Block Potion"}],"is_trial":false,"path_per_floor":["M","?","?","M","$","E","R","M","T","E","$","M","$","M","R","B",null,"M","M","?","$","M","R","E","R","T","M","E","R","E","M"],"character_chosen":"THE_SILENT","items_purchased":["ClockworkSouvenir","Doppelganger","Outmaneuver+1"],"campfire_rested":1,"item_purchase_floors":[5,5,13],"current_hp_per_floor":[59,59,48,48,48,48,48,48,48,31,31,31,31,31,31,31,57,57,47,47,47,47,47,32,32,32,24,10,29,7,0],"gold":193,"neow_bonus":"THREE_ENEMY_KILL","is_prod":false,"is_daily":false,"chose_seed":false,"campfire_upgraded":4,"win_rate":0,"timestamp":1609033632,"path_taken":["M","?","?","M","?","E","R","M","T","E","$","M","?","M","R","BOSS","M","M","?","$","M","R","E","R","T","M","E","R","E","M"],"build_version":"2020-12-22","purchased_purges":2,"victory":false,"max_hp_per_floor":[66,66,66,66,66,66,66,66,66,66,66,66,66,66,66,66,66,66,66,66,66,66,66,66,66,66,66,66,66,66,66],"card_choices":[{"not_picked":["Catalyst","Deflect"],"picked":"Skewer","floor":1},{"not_picked":["Well Laid Plans","Cloak And Dagger"],"picked":"Masterful Stab","floor":4},{"not_picked":["Flying Knee","Footwork"],"picked":"Concentrate","floor":6},{"not_picked":["Dagger Spray","Accuracy"],"picked":"Outmaneuver","floor":8},{"not_picked":["Dagger Throw","Underhanded Strike"],"picked":"PiercingWail+1","floor":10},{"not_picked":["Underhanded Strike","Bane"],"picked":"Storm of Steel+1","floor":12},{"not_picked":["Expertise+1","PiercingWail+1"],"picked":"Blade Dance+1","floor":14},{"not_picked":["Bane","Endless Agony","Eviscerate"],"picked":"SKIP","floor":18},{"not_picked":["Finisher","Blade Dance+1"],"picked":"Acrobatics+1","floor":19},{"not_picked":["Sucker Punch","Outmaneuver+1","Poisoned Stab"],"picked":"SKIP","floor":22},{"not_picked":["Reflex+1","Flying Knee","Venomology+1"],"picked":"SKIP","floor":24},{"not_picked":["Underhanded Strike","Blade Dance+1"],"picked":"Prepared+1","floor":27},{"not_picked":["Dodge and Roll+1","Underhanded Strike","Venomology+1"],"picked":"SKIP","floor":28},{"not_picked":["Storm of Steel+1","Endless Agony","Underhanded Strike"],"picked":"SKIP","floor":30}],"player_experience":1233209,"relics_obtained":[{"floor":6,"key":"Shuriken"},{"floor":9,"key":"Art of War"},{"floor":10,"key":"Toxic Egg 2"},{"floor":24,"key":"Ornamental Fan"},{"floor":28,"key":"Whetstone"},{"floor":30,"key":"Ancient Tea Set"}],"event_choices":[{"damage_healed":0,"gold_gain":150,"player_choice":"AGREE","damage_taken":0,"max_hp_gain":0,"max_hp_loss":0,"event_name":"Liars Game","floor":2,"gold_loss":0,"cards_obtained":["Doubt"]},{"damage_healed":0,"gold_gain":75,"player_choice":"Gather Gold","damage_taken":11,"max_hp_gain":0,"max_hp_loss":0,"event_name":"World of Goop","floor":3,"gold_loss":0},{"damage_healed":0,"gold_gain":0,"player_choice":"Smashed Altar","damage_taken":0,"max_hp_gain":0,"max_hp_loss":0,"event_name":"Forgotten Altar","floor":20,"gold_loss":0,"cards_obtained":["Decay"]}],"is_beta":false,"boss_relics":[{"not_picked":["Ring of the Serpent","Fusion Hammer"],"picked":"Runic Pyramid"}],"items_purged_floors":[11,21],"is_endless":false,"potions_floor_spawned":[1,6,8,12,16,24,27],"killed_by":"Snake Plant","ascension_level":15}