{"gold_per_floor":[117,38,38,51,70,70,82,82,82,98,98],"floor_reached":11,"playtime":321,"items_purged":[],"score":114,"play_id":"91f944ba-6aa9-4de6-a080-40b6a60d4e95","local_time":"20201226203014","is_ascension_mode":true,"campfire_choices":[{"data":"Tactician","floor":6,"key":"SMITH"},{"data":"Predator","floor":8,"key":"SMITH"}],"neow_cost":"PERCENT_DAMAGE","seed_source_timestamp":262786002596999,"circlet_count":0,"master_deck":["AscendersBane","Strike_G","Strike_G","Strike_G","Strike_G","Strike_G","Defend_G","Defend_G","Defend_G","Defend_G","Survivor","Neutralize","Bullet Time","Tactician+1","Predator+1","Catalyst","Riddle With Holes","Heel Hook","Underhanded Strike","Eviscerate"],"relics":["Ring of the Snake","Kunai"],"potions_floor_usage":[5,7],"damage_taken":[{"damage":2,"enemies":"Cultist","floor":1,"turns":5},{"damage":4,"enemies":"Small Slimes","floor":4,"turns":4},{"damage":2,"enemies":"Jaw Worm","floor":5,"turns":4},{"damage":1,"enemies":"3 Louse","floor":7,"turns":2},{"damage":5,"enemies":"2 Fungi Beasts","floor":10,"turns":2},{"damage":37,"enemies":"3 Sentries","floor":11,"turns":6}],"seed_played":"-7251767600110034133","potions_obtained":[{"floor":1,"key":"DuplicationPotion"},{"floor":4,"key":"AttackPotion"}],"is_trial":false,"path_per_floor":["M","$","?","M","M","R","M","R","T","M","E"],"character_chosen":"THE_SILENT","items_purchased":["Predator"],"campfire_rested":0,"item_purchase_floors":[2],"current_hp_per_floor":[42,42,42,38,36,36,35,35,35,30,0],"gold":98,"neow_bonus":"THREE_RARE_CARDS","is_prod":false,"is_daily":false,"chose_seed":false,"campfire_upgraded":2,"win_rate":0,"timestamp":1609032614,"path_taken":["M","?","?","M","?","R","M","R","T","M","E"],"build_version":"2020-12-22","purchased_purges":0,"victory":false,"max_hp_per_floor":[66,66,66,66,66,66,66,66,66,66,66],"card_choices":[{"not_picked":["Adrenaline","Doppelganger"],"picked":"Bullet Time","floor":0},{"not_picked":["Backflip","Underhanded Strike"],"picked":"Tactician","floor":1},{"not_picked":["Well Laid Plans","Deflect"],"picked":"Riddle With Holes","floor":4},{"not_picked":["Dagger Spray","Dagger Throw"],"picked":"Heel Hook","floor":5},{"not_picked":["Deflect","Quick Slash"],"picked":"Underhanded Strike","floor":7},{"not_picked":["Outmaneuver","Catalyst"],"picked":"Eviscerate","floor":10}],"player_experience":1232888,"relics_obtained":[{"floor":9,"key":"Kunai"}],"event_choices":[{"damage_healed":0,"gold_gain":0,"cards_transformed":["Defend_G"],"player_choice":"Change","damage_taken":0,"max_hp_gain":0,"max_hp_loss":0,"event_name":"Living Wall","floor":3,"gold_loss":0,"cards_obtained":["Catalyst"]}],"is_beta":false,"boss_relics":[],"items_purged_floors":[],"is_endless":false,"potions_floor_spawned":[1,4],"killed_by":"3 Sentries","ascension_level":15}