{"gold_per_floor":[109,35,35,48,100,134,134,167,167,187,112,112,112,125,125,125],"floor_reached":16,"playtime":546,"items_purged":["Pain"],"score":189,"play_id":"d5bc2fd9-a4d8-417e-9d84-35e89db4ac64","local_time":"20210126140022","is_ascension_mode":true,"campfire_choices":[{"floor":7,"key":"REST"},{"floor":15,"key":"REST"}],"neow_cost":"NONE","seed_source_timestamp":940594565535400,"circlet_count":0,"master_deck":["AscendersBane","Strike_G","Strike_G","Strike_G","Strike_G","Strike_G","Defend_G","Defend_G","Defend_G","Defend_G","Defend_G","Survivor","Neutralize","Sucker Punch","Terror","Footwork","Concentrate","Caltrops","Blade Dance"],"relics":["Black Star","WarpedTongs","Art of War","Sundial","Oddly Smooth Stone","Anchor","Darkstone Periapt","Ancient Tea Set"],"potions_floor_usage":[8,8,13,16,16],"damage_taken":[{"damage":1,"enemies":"Jaw Worm","floor":1,"turns":4},{"damage":3,"enemies":"Cultist","floor":4,"turns":4},{"damage":46,"enemies":"3 Sentries","floor":6,"turns":11},{"damage":11,"enemies":"Lagavulin","floor":8,"turns":8},{"damage":0,"enemies":"2 Louse","floor":10,"turns":2},{"damage":0,"enemies":"Red Slaver","floor":14,"turns":3},{"damage":41,"enemies":"Slime Boss","floor":16,"turns":7}],"seed_played":"-5452267703057143955","potions_obtained":[{"floor":4,"key":"SpeedPotion"},{"floor":6,"key":"DistilledChaos"},{"floor":10,"key":"Block Potion"},{"floor":13,"key":"Fruit Juice"},{"floor":13,"key":"DistilledChaos"}],"is_trial":false,"path_per_floor":["M","$","?","M","T","E","R","E","T","M","$","?","?","M","R","B"],"character_chosen":"THE_SILENT","items_purchased":["Terror"],"campfire_rested":2,"item_purchase_floors":[2],"current_hp_per_floor":[58,58,58,55,55,9,28,17,17,17,17,6,11,11,32,0],"gold":125,"neow_bonus":"BOSS_RELIC","is_prod":false,"is_daily":false,"chose_seed":false,"campfire_upgraded":0,"win_rate":0,"timestamp":1611687622,"path_taken":["M","$","?","?","?","E","R","E","T","M","$","?","?","?","R","BOSS"],"build_version":"2020-12-22","purchased_purges":1,"victory":false,"max_hp_per_floor":[66,66,66,66,66,66,66,66,66,66,66,66,71,71,71,71],"card_choices":[{"not_picked":["Deflect","Deadly Poison"],"picked":"Sucker Punch","floor":1},{"not_picked":["Underhanded Strike","Deadly Poison"],"picked":"Footwork","floor":4},{"not_picked":["Distraction","Accuracy"],"picked":"Concentrate","floor":6},{"not_picked":["Endless Agony","Catalyst","Dodge and Roll"],"picked":"SKIP","floor":8},{"not_picked":["Catalyst","Deadly Poison"],"picked":"Caltrops","floor":10},{"not_picked":["Concentrate","Cloak And Dagger"],"picked":"Blade Dance","floor":14}],"player_experience":1254128,"relics_obtained":[{"floor":5,"key":"Art of War"},{"floor":6,"key":"Sundial"},{"floor":6,"key":"Oddly Smooth Stone"},{"floor":8,"key":"Anchor"},{"floor":8,"key":"Darkstone Periapt"},{"floor":9,"key":"Ancient Tea Set"}],"event_choices":[{"damage_healed":0,"gold_gain":0,"player_choice":"Rummage","damage_taken":0,"relics_obtained":["WarpedTongs"],"max_hp_gain":0,"max_hp_loss":0,"event_name":"Accursed Blacksmith","floor":3,"gold_loss":0,"cards_obtained":["Pain"]},{"damage_healed":0,"gold_gain":0,"player_choice":"Fled","damage_taken":11,"max_hp_gain":0,"max_hp_loss":0,"event_name":"Scrap Ooze","floor":12,"gold_loss":0},{"damage_healed":0,"gold_gain":0,"player_choice":"Got Potions","damage_taken":0,"max_hp_gain":0,"max_hp_loss":0,"event_name":"Lab","floor":13,"gold_loss":0}],"is_beta":false,"boss_relics":[],"items_purged_floors":[11],"is_endless":false,"potions_floor_spawned":[4,6,10],"killed_by":"Slime Boss","ascension_level":15}