{"gold_per_floor":[116,116,129,279,295,322,103,103,129,47,57,92,105,27,27,27],"floor_reached":16,"playtime":669,"items_purged":["Doubt"],"score":193,"play_id":"e93b018c-d139-4d23-8bbb-9847fc6feddd","local_time":"20210126135104","is_ascension_mode":true,"campfire_choices":[{"floor":8,"key":"REST"},{"floor":15,"key":"REST"}],"neow_cost":"TEN_PERCENT_HP_LOSS","seed_source_timestamp":939912784146800,"circlet_count":0,"master_deck":["AscendersBane","Strike_G","Strike_G","Strike_G","Strike_G","Strike_G","Defend_G","Defend_G","Defend_G","Defend_G","Defend_G","Survivor","Neutralize","Phantasmal Killer","Finisher","Doppelganger","Neutralize","Footwork","Skewer","Calculated Gamble","Infinite Blades","Streamline","Heel Hook"],"relics":["Ring of the Snake","Centennial Puzzle","PrismaticShard","CaptainsWheel"],"potions_floor_usage":[6,12,13],"damage_taken":[{"damage":3,"enemies":"Jaw Worm","floor":1,"turns":4},{"damage":0,"enemies":"Cultist","floor":3,"turns":3},{"damage":4,"enemies":"2 Louse","floor":5,"turns":4},{"damage":26,"enemies":"Gremlin Nob","floor":6,"turns":4},{"damage":10,"enemies":"Exordium Wildlife","floor":11,"turns":4},{"damage":4,"enemies":"3 Sentries","floor":12,"turns":8},{"damage":16,"enemies":"Exordium Thugs","floor":13,"turns":6},{"damage":35,"enemies":"The Guardian","floor":16,"turns":6}],"seed_played":"-6102502745608775541","potions_obtained":[{"floor":1,"key":"Explosive Potion"},{"floor":5,"key":"ColorlessPotion"},{"floor":12,"key":"Weak Potion"}],"is_trial":false,"path_per_floor":["M","?","M","?","M","E","$","R","T","$","M","E","M","$","R","B"],"character_chosen":"THE_SILENT","items_purchased":["PrismaticShard","Infinite Blades","Heel Hook"],"campfire_rested":2,"item_purchase_floors":[7,10,14],"current_hp_per_floor":[56,56,56,56,52,26,26,44,44,44,34,30,14,14,32,0],"gold":27,"neow_bonus":"THREE_RARE_CARDS","is_prod":false,"is_daily":false,"chose_seed":false,"campfire_upgraded":0,"win_rate":0,"timestamp":1611687064,"path_taken":["M","?","?","?","M","E","$","R","T","?","M","E","?","$","R","BOSS"],"build_version":"2020-12-22","purchased_purges":1,"victory":false,"max_hp_per_floor":[60,60,60,60,60,60,60,60,60,60,60,60,60,60,60,60],"card_choices":[{"not_picked":["Wraith Form v2","Doppelganger"],"picked":"Phantasmal Killer","floor":0},{"not_picked":["Bouncing Flask","Well Laid Plans"],"picked":"Finisher","floor":1},{"not_picked":["Acrobatics","Sucker Punch"],"picked":"Footwork","floor":3},{"not_picked":["Slice","Poisoned Stab"],"picked":"Skewer","floor":5},{"not_picked":["Cloak And Dagger","Poisoned Stab"],"picked":"Calculated Gamble","floor":6},{"not_picked":["Turbo","Compile Driver","Reckless Charge"],"picked":"SKIP","floor":11},{"not_picked":["PanicButton","Quick Slash","Turbo"],"picked":"SKIP","floor":12},{"not_picked":["Turbo","Well Laid Plans"],"picked":"Streamline","floor":13}],"player_experience":1253459,"relics_obtained":[{"floor":6,"key":"Centennial Puzzle"},{"floor":12,"key":"CaptainsWheel"}],"event_choices":[{"damage_healed":0,"gold_gain":0,"player_choice":"2 cards matched","damage_taken":0,"max_hp_gain":0,"max_hp_loss":0,"event_name":"Match and Keep!","floor":2,"gold_loss":0,"cards_obtained":["Doppelganger","Neutralize"]},{"damage_healed":0,"gold_gain":150,"player_choice":"AGREE","damage_taken":0,"max_hp_gain":0,"max_hp_loss":0,"event_name":"Liars Game","floor":4,"gold_loss":0,"cards_obtained":["Doubt"]}],"is_beta":false,"boss_relics":[],"items_purged_floors":[7],"is_endless":false,"potions_floor_spawned":[1,5,12],"killed_by":"The Guardian","ascension_level":15}