{"gold_per_floor":[118,130,55,55,79,123,123,156,156,169,169,169,169,182,182,281,281,305,5,18,31,31,62,87,130,130,130,154,154,172,193,193,289,289,307,327,327,24,101,101,136,86,138,138,471,485,515,525,525,525],"floor_reached":50,"playtime":2136,"items_purged":["Defend_G"],"score":1060,"play_id":"722e4cb1-db44-4a90-8454-3dacb8b0434a","local_time":"20210125232837","is_ascension_mode":true,"campfire_choices":[{"floor":7,"key":"REST"},{"data":"Flechettes","floor":12,"key":"SMITH"},{"data":"Bouncing Flask","floor":15,"key":"SMITH"},{"floor":32,"key":"DIG"},{"floor":40,"key":"DIG"},{"floor":44,"key":"DIG"},{"floor":49,"key":"DIG"}],"neow_cost":"NONE","seed_source_timestamp":886689052948100,"circlet_count":0,"master_deck":["AscendersBane","Defend_G","Defend_G","Defend_G","Defend_G","Survivor","Neutralize","Dagger Spray","PiercingWail","Deadly Poison","Bane","Backflip","Leg Sweep","Flechettes+1","Bouncing Flask+1","Bullet Time","Finisher","Bullet Time","Footwork","Bite","Bite","Bite","Bite","Bite","Envenom"],"relics":["Ring of the Snake","NeowsBlessing","HornCleat","Smiling Mask","Ninja Scroll","CultistMask","Runic Pyramid","Vajra","DollysMirror","Gremlin Horn","Shovel","Tiny Chest","InkBottle","Busted Crown","Pen Nib","Bag of Preparation","Mercury Hourglass","Matryoshka","Kunai","Omamori","Dream Catcher","Toy Ornithopter","Gambling Chip","Nunchaku"],"potions_floor_usage":[6,8,16,25,30,31,50,50],"damage_taken":[{"damage":0,"enemies":"Cultist","floor":1,"turns":1},{"damage":0,"enemies":"2 Louse","floor":2,"turns":1},{"damage":0,"enemies":"Jaw Worm","floor":5,"turns":1},{"damage":37,"enemies":"Lagavulin","floor":6,"turns":9},{"damage":20,"enemies":"3 Sentries","floor":8,"turns":8},{"damage":0,"enemies":"Gremlin Gang","floor":10,"turns":3},{"damage":0,"enemies":"Blue Slaver","floor":14,"turns":3},{"damage":6,"enemies":"Hexaghost","floor":16,"turns":9},{"damage":1,"enemies":"Shell Parasite","floor":18,"turns":6},{"damage":0,"enemies":"Chosen","floor":20,"turns":3},{"damage":10,"enemies":"Snecko","floor":21,"turns":4},{"damage":20,"enemies":"Slavers","floor":23,"turns":6},{"damage":5,"enemies":"Centurion and Healer","floor":24,"turns":5},{"damage":0,"enemies":"Gremlin Leader","floor":25,"turns":4},{"damage":0,"enemies":"3 Cultists","floor":28,"turns":4},{"damage":29,"enemies":"Sentry and Sphere","floor":30,"turns":6},{"damage":0,"enemies":"Snecko","floor":31,"turns":4},{"damage":13,"enemies":"Automaton","floor":33,"turns":10},{"damage":9,"enemies":"Orb Walker","floor":35,"turns":2},{"damage":8,"enemies":"3 Darklings","floor":36,"turns":4},{"damage":12,"enemies":"Reptomancer","floor":41,"turns":6},{"damage":16,"enemies":"Writhing Mass","floor":46,"turns":6},{"damage":9,"enemies":"Giant Head","floor":47,"turns":7},{"damage":4,"enemies":"Spire Growth","floor":48,"turns":5},{"damage":88,"enemies":"Donu and Deca","floor":50,"turns":6}],"seed_played":"3878179588097027990","potions_obtained":[{"floor":1,"key":"AttackPotion"},{"floor":6,"key":"BlessingOfTheForge"},{"floor":10,"key":"CultistPotion"},{"floor":21,"key":"SteroidPotion"},{"floor":24,"key":"ColorlessPotion"},{"floor":30,"key":"AttackPotion"},{"floor":31,"key":"Explosive Potion"},{"floor":47,"key":"GamblersBrew"}],"is_trial":false,"path_per_floor":["M","M","$","?","M","E","R","E","T","M","?","R","?","M","R","B",null,"M","$","M","M","$","E","M","E","T","?","M","?","M","M","R","B",null,"M","M","?","$","T","R","E","$","T","R","?","M","E","M","R","B"],"character_chosen":"THE_SILENT","items_purchased":["Deadly Poison","Bane","Vajra","DollysMirror","Pen Nib","Bag of Preparation"],"campfire_rested":1,"item_purchase_floors":[3,3,19,19,38,38],"current_hp_per_floor":[59,59,59,59,59,22,41,21,21,21,21,21,21,21,21,15,53,52,52,52,42,42,22,17,17,17,17,27,27,12,22,22,35,43,40,42,42,42,42,42,40,40,40,40,40,35,43,46,46,0],"gold":525,"neow_bonus":"THREE_ENEMY_KILL","is_prod":false,"is_daily":false,"chose_seed":false,"campfire_upgraded":2,"win_rate":0,"timestamp":1611635317,"path_taken":["M","?","$","?","M","E","R","E","T","M","?","R","?","M","R","BOSS","M","$","M","?","?","E","?","E","T","?","M","?","M","M","R","BOSS","M","M","?","$","?","R","E","$","T","R","?","M","E","M","R","BOSS"],"build_version":"2020-12-22","purchased_purges":1,"victory":false,"max_hp_per_floor":[66,66,66,66,66,66,66,66,66,66,66,66,66,66,66,66,66,66,66,66,66,66,66,66,66,66,46,46,46,46,46,46,46,46,46,46,46,46,46,46,46,46,46,46,46,46,46,46,46,46],"card_choices":[{"not_picked":["Catalyst","Predator"],"picked":"Dagger Spray","floor":1},{"not_picked":["Quick Slash","Reflex"],"picked":"PiercingWail","floor":2},{"not_picked":["PiercingWail","Sucker Punch"],"picked":"Backflip","floor":5},{"not_picked":["Quick Slash","Caltrops"],"picked":"Leg Sweep","floor":6},{"not_picked":["Endless Agony","Slice"],"picked":"Flechettes","floor":8},{"not_picked":["After Image","Deadly Poison"],"picked":"Bouncing Flask","floor":10},{"not_picked":["Sucker Punch","Acrobatics","Cloak And Dagger"],"picked":"SKIP","floor":14},{"not_picked":["Glass Knife","Phantasmal Killer"],"picked":"Bullet Time","floor":16},{"not_picked":["Deadly Poison","Leg Sweep"],"picked":"Finisher","floor":18},{"not_picked":["Acrobatics","Endless Agony","Deflect"],"picked":"SKIP","floor":20},{"not_picked":["Deflect","Infinite Blades","Riddle With Holes"],"picked":"SKIP","floor":21},{"not_picked":["Noxious Fumes","Caltrops"],"picked":"Footwork","floor":23},{"not_picked":["Terror","PiercingWail","Deadly Poison"],"picked":"SKIP","floor":24},{"not_picked":["Blade Dance","Acrobatics","Night Terror"],"picked":"SKIP","floor":25},{"not_picked":["Terror","Prepared","Flying Knee"],"picked":"SKIP","floor":28},{"not_picked":["Crippling Poison","Prepared","Quick Slash+1"],"picked":"SKIP","floor":30},{"not_picked":["Concentrate","Dagger Throw","Heel Hook"],"picked":"SKIP","floor":31},{"not_picked":["A Thousand Cuts","Storm of Steel"],"picked":"Envenom","floor":33},{"not_picked":["Outmaneuver"],"picked":"SKIP","floor":35},{"not_picked":["Dagger Spray"],"picked":"SKIP","floor":36},{"not_picked":["Deflect"],"picked":"SKIP","floor":41},{"not_picked":["Infinite Blades"],"picked":"SKIP","floor":46},{"not_picked":["Infinite Blades"],"picked":"SKIP","floor":47},{"not_picked":["Underhanded Strike+1"],"picked":"SKIP","floor":48}],"player_experience":1251323,"relics_obtained":[{"floor":6,"key":"HornCleat"},{"floor":8,"key":"Smiling Mask"},{"floor":9,"key":"Ninja Scroll"},{"floor":23,"key":"Gremlin Horn"},{"floor":25,"key":"Shovel"},{"floor":26,"key":"Tiny Chest"},{"floor":32,"key":"InkBottle"},{"floor":39,"key":"Mercury Hourglass"},{"floor":40,"key":"Matryoshka"},{"floor":41,"key":"Kunai"},{"floor":43,"key":"Omamori"},{"floor":43,"key":"Dream Catcher"},{"floor":44,"key":"Toy Ornithopter"},{"floor":47,"key":"Gambling Chip"},{"floor":49,"key":"Nunchaku"}],"event_choices":[{"damage_healed":0,"gold_gain":0,"player_choice":"Take Wound","damage_taken":0,"relics_obtained":["Golden Idol"],"max_hp_gain":0,"max_hp_loss":0,"event_name":"Golden Idol","floor":4,"gold_loss":0,"cards_obtained":["Injury"]},{"cards_removed":["Injury"],"damage_healed":0,"gold_gain":0,"player_choice":"Forget","damage_taken":0,"max_hp_gain":0,"max_hp_loss":0,"event_name":"Living Wall","floor":11,"gold_loss":0},{"damage_healed":0,"gold_gain":0,"player_choice":"Trade","damage_taken":0,"relics_obtained":["CultistMask"],"max_hp_gain":0,"max_hp_loss":0,"event_name":"FaceTrader","floor":13,"gold_loss":0},{"damage_healed":0,"gold_gain":0,"player_choice":"Became a vampire","damage_taken":0,"max_hp_gain":0,"max_hp_loss":20,"event_name":"Vampires","floor":27,"gold_loss":0,"cards_obtained":["Bite","Bite","Bite","Bite","Bite"]},{"damage_healed":0,"gold_gain":0,"player_choice":"Ignored","damage_taken":0,"max_hp_gain":0,"max_hp_loss":0,"event_name":"Ghosts","floor":29,"gold_loss":0},{"damage_healed":0,"gold_gain":0,"player_choice":"Ignored","damage_taken":0,"max_hp_gain":0,"max_hp_loss":0,"event_name":"SecretPortal","floor":37,"gold_loss":0},{"damage_healed":0,"gold_gain":333,"player_choice":"Gave Idol","damage_taken":0,"max_hp_gain":0,"max_hp_loss":0,"event_name":"The Moai Head","floor":45,"relics_lost":["Golden Idol"],"gold_loss":0}],"is_beta":false,"boss_relics":[{"not_picked":["Ring of the Serpent","Fusion Hammer"],"picked":"Runic Pyramid"},{"not_picked":["Astrolabe","Black Star"],"picked":"Busted Crown"}],"items_purged_floors":[42],"is_endless":false,"potions_floor_spawned":[1,6,10,21,24,30,31,47,48],"killed_by":"Donu and Deca","ascension_level":15}