{"gold_per_floor":[117,82,82,100,100,135,149,169,169,197,197,77,94,129,129,208,208,228,244,244,260,15,15],"floor_reached":23,"playtime":963,"items_purged":["Normality","Decay"],"score":369,"play_id":"846c9901-18a4-44e5-be41-0a1391143f68","local_time":"20210209230125","is_ascension_mode":true,"campfire_choices":[{"floor":15,"key":"REST"}],"neow_cost":"CURSE","seed_source_timestamp":2182325438366700,"circlet_count":0,"master_deck":["AscendersBane","Strike_G","Strike_G","Strike_G","Strike_G","Defend_G","Defend_G","Defend_G","Defend_G","Defend_G","Survivor","Neutralize","Burst","Sucker Punch","Crippling Poison","Bouncing Flask","PiercingWail","Outmaneuver+1","Noxious Fumes","Deflect+1","Malaise+1","Deadly Poison+1","Crippling Poison+1","Adrenaline+1"],"relics":["Ring of the Snake","Bottled Lightning","Eternal Feather","StoneCalendar","Calipers","SacredBark","Nloth\u0027s Gift"],"potions_floor_usage":[10,13,14,16,21,22,23,23],"damage_taken":[{"damage":1,"enemies":"Cultist","floor":1,"turns":4},{"damage":0,"enemies":"2 Louse","floor":4,"turns":4},{"damage":9,"enemies":"Gremlin Nob","floor":6,"turns":4},{"damage":9,"enemies":"Small Slimes","floor":7,"turns":4},{"damage":13,"enemies":"Looter","floor":8,"turns":4},{"damage":11,"enemies":"Lagavulin","floor":10,"turns":7},{"damage":2,"enemies":"Exordium Wildlife","floor":13,"turns":4},{"damage":6,"enemies":"3 Sentries","floor":14,"turns":7},{"damage":13,"enemies":"Slime Boss","floor":16,"turns":9},{"damage":27,"enemies":"2 Thieves","floor":18,"turns":5},{"damage":6,"enemies":"Shell Parasite","floor":19,"turns":6},{"damage":18,"enemies":"Cultist and Chosen","floor":21,"turns":6},{"damage":18,"enemies":"Gremlin Leader","floor":23,"turns":4}],"seed_played":"3316867959709086134","potions_obtained":[{"floor":1,"key":"Weak Potion"},{"floor":6,"key":"EssenceOfSteel"},{"floor":10,"key":"Explosive Potion"},{"floor":13,"key":"Poison Potion"},{"floor":14,"key":"SpeedPotion"},{"floor":19,"key":"GamblersBrew"},{"floor":21,"key":"SteroidPotion"}],"is_trial":false,"path_per_floor":["M","$","?","M","?","E","M","M","T","E","?","$","M","E","R","B",null,"M","M","?","M","$","E"],"character_chosen":"THE_SILENT","items_purchased":["Crippling Poison","Deadly Poison+1","Fruit Juice","Poison Potion"],"campfire_rested":1,"item_purchase_floors":[2,12,22,22],"current_hp_per_floor":[58,58,58,58,58,49,40,27,27,16,16,16,14,8,39,26,56,29,23,23,5,15,0],"gold":15,"neow_bonus":"THREE_RARE_CARDS","is_prod":false,"is_daily":false,"chose_seed":false,"campfire_upgraded":0,"win_rate":0,"timestamp":1612929685,"path_taken":["M","$","?","?","?","E","?","M","T","E","?","$","M","E","R","BOSS","M","?","?","?","$","E"],"build_version":"2020-12-22","purchased_purges":2,"victory":false,"max_hp_per_floor":[66,66,66,66,66,66,66,66,66,66,66,66,66,66,66,66,66,66,66,66,66,76,76],"card_choices":[{"not_picked":["Malaise","Bullet Time"],"picked":"Burst","floor":0},{"not_picked":["Riddle With Holes","Acrobatics"],"picked":"Sucker Punch","floor":1},{"not_picked":["Dagger Spray","Finisher"],"picked":"PiercingWail","floor":4},{"not_picked":["Poisoned Stab","Caltrops"],"picked":"Outmaneuver+1","floor":6},{"not_picked":["Distraction+1","Quick Slash"],"picked":"Noxious Fumes","floor":7},{"not_picked":["Accuracy","Calculated Gamble+1"],"picked":"Deflect+1","floor":8},{"not_picked":["Bane","Heel Hook"],"picked":"Malaise+1","floor":10},{"not_picked":["Quick Slash","Underhanded Strike"],"picked":"Crippling Poison+1","floor":13},{"not_picked":["Dagger Spray","Skewer","Bane"],"picked":"SKIP","floor":14},{"not_picked":["Grand Finale","Night Terror+1"],"picked":"Adrenaline+1","floor":16},{"not_picked":["Cloak And Dagger+1","Deadly Poison+1","Calculated Gamble+1"],"picked":"SKIP","floor":18},{"not_picked":["Poisoned Stab","Bane","Blade Dance+1"],"picked":"SKIP","floor":19},{"not_picked":["Setup","Masterful Stab","Terror"],"picked":"SKIP","floor":21}],"player_experience":1279731,"relics_obtained":[{"floor":6,"key":"Toxic Egg 2"},{"floor":9,"key":"Bottled Lightning"},{"floor":10,"key":"Eternal Feather"},{"floor":14,"key":"Calipers"}],"event_choices":[{"damage_healed":0,"gold_gain":0,"cards_transformed":["Strike_G"],"player_choice":"Transformed","damage_taken":0,"max_hp_gain":0,"max_hp_loss":0,"event_name":"Transmorgrifier","floor":3,"gold_loss":0,"cards_obtained":["Bouncing Flask"]},{"damage_healed":0,"gold_gain":0,"player_choice":"Cursed","damage_taken":0,"max_hp_gain":0,"max_hp_loss":0,"event_name":"Wheel of Change","floor":5,"gold_loss":0,"cards_obtained":["Decay"]},{"damage_healed":0,"gold_gain":0,"player_choice":"Gave Potion","damage_taken":0,"relics_obtained":["StoneCalendar"],"max_hp_gain":0,"max_hp_loss":0,"event_name":"WeMeetAgain","floor":11,"gold_loss":0},{"damage_healed":0,"gold_gain":0,"player_choice":"Traded Relic","damage_taken":0,"relics_obtained":["Nloth\u0027s Gift"],"max_hp_gain":0,"max_hp_loss":0,"event_name":"N\u0027loth","floor":20,"relics_lost":["Toxic Egg 2"],"gold_loss":0}],"is_beta":false,"boss_relics":[{"not_picked":["Velvet Choker","Snecko Eye"],"picked":"SacredBark"}],"items_purged_floors":[12,22],"is_endless":false,"potions_floor_spawned":[1,6,10,13,14,19,21],"killed_by":"Gremlin Leader","ascension_level":15}