{"gold_per_floor":[13,13,13,13,13,13,28,44,44,88,104,140,140,180,180,276,576,600,600,613,69,85,85],"floor_reached":23,"playtime":776,"items_purged":["Injury"],"score":435,"play_id":"68635527-fbfc-4196-b921-f60aa90b99f3","local_time":"20210207230532","is_ascension_mode":true,"campfire_choices":[{"data":"Predator","floor":6,"key":"SMITH"},{"data":"Bane","floor":13,"key":"SMITH"},{"data":"Deadly Poison","floor":15,"key":"SMITH"}],"neow_cost":"NO_GOLD","seed_source_timestamp":2009949681762300,"circlet_count":0,"master_deck":["AscendersBane","Strike_G","Strike_G","Strike_G","Strike_G","Strike_G","Defend_G","Defend_G","Defend_G","Defend_G","Defend_G","Survivor","Neutralize","Corpse Explosion","Predator+1","PiercingWail","Deadly Poison+1","Bane+1","Tactician","Prepared","Tools of the Trade","CurseOfTheBell","Poisoned Stab","Tactician","Backflip+1","Eviscerate"],"relics":["Ring of the Snake","Golden Idol","Art of War","Meat on the Bone","FaceOfCleric","White Beast Statue","Mercury Hourglass","Pantograph","Boot","Calling Bell","Dream Catcher","Ornamental Fan","Old Coin","Pear","Oddly Smooth Stone"],"potions_floor_usage":[10,10,12,12,14,16,20,23,23],"damage_taken":[{"damage":1,"enemies":"Cultist","floor":1,"turns":4},{"damage":1,"enemies":"Jaw Worm","floor":7,"turns":3},{"damage":0,"enemies":"Small Slimes","floor":8,"turns":3},{"damage":0,"enemies":"3 Sentries","floor":10,"turns":2},{"damage":0,"enemies":"Exordium Thugs","floor":11,"turns":3},{"damage":21,"enemies":"Gremlin Nob","floor":12,"turns":4},{"damage":5,"enemies":"3 Sentries","floor":14,"turns":2},{"damage":36,"enemies":"Slime Boss","floor":16,"turns":7},{"damage":2,"enemies":"Chosen","floor":18,"turns":4},{"damage":2,"enemies":"3 Byrds","floor":20,"turns":2},{"damage":28,"enemies":"Centurion and Healer","floor":22,"turns":5},{"damage":56,"enemies":"Gremlin Leader","floor":23,"turns":5}],"seed_played":"-4044863947841135155","potions_obtained":[{"floor":1,"key":"AttackPotion"},{"floor":8,"key":"Energy Potion"},{"floor":10,"key":"ColorlessPotion"},{"floor":11,"key":"FearPotion"},{"floor":12,"key":"Poison Potion"},{"floor":14,"key":"Fire Potion"},{"floor":16,"key":"SteroidPotion"},{"floor":18,"key":"Poison Potion"},{"floor":20,"key":"Fire Potion"}],"is_trial":false,"path_per_floor":["M","?","T","?","?","R","M","M","T","E","M","E","R","E","R","B",null,"M","?","M","$","M","E"],"character_chosen":"THE_SILENT","items_purchased":["Pear","Oddly Smooth Stone","Eviscerate"],"campfire_rested":0,"item_purchase_floors":[21,21,21],"current_hp_per_floor":[58,58,58,32,32,32,44,45,45,46,47,39,39,47,47,49,67,66,66,65,75,48,0],"gold":85,"neow_bonus":"THREE_RARE_CARDS","is_prod":false,"is_daily":false,"chose_seed":false,"campfire_upgraded":3,"win_rate":0,"timestamp":1612757132,"path_taken":["M","?","?","?","?","R","M","M","T","E","?","E","R","E","R","BOSS","M","?","M","$","M","E"],"build_version":"2020-12-22","purchased_purges":1,"victory":false,"max_hp_per_floor":[66,66,66,66,66,66,67,68,68,69,70,71,71,72,72,73,73,74,74,75,85,86,86],"card_choices":[{"not_picked":["Unload","Phantasmal Killer"],"picked":"Corpse Explosion","floor":0},{"not_picked":["Deflect","Prepared"],"picked":"Predator","floor":1},{"not_picked":["Skewer","Cloak And Dagger"],"picked":"PiercingWail","floor":7},{"not_picked":["Quick Slash","Doppelganger"],"picked":"Deadly Poison","floor":8},{"not_picked":["Slice","Riddle With Holes","Cloak And Dagger"],"picked":"SKIP","floor":10},{"not_picked":["PiercingWail","Slice"],"picked":"Bane","floor":11},{"not_picked":["Concentrate","Bane"],"picked":"Tactician","floor":12},{"not_picked":["Flechettes","Masterful Stab"],"picked":"Prepared","floor":14},{"not_picked":["Grand Finale","Wraith Form v2"],"picked":"Tools of the Trade","floor":16},{"not_picked":["Underhanded Strike","Slice"],"picked":"Poisoned Stab","floor":18},{"not_picked":["Dagger Spray","Blur+1"],"picked":"Backflip+1","floor":20},{"not_picked":["Blade Dance","Dagger Spray","Blur"],"picked":"SKIP","floor":22}],"player_experience":1275352,"relics_obtained":[{"floor":3,"key":"Art of War"},{"floor":9,"key":"White Beast Statue"},{"floor":10,"key":"Mercury Hourglass"},{"floor":12,"key":"Pantograph"},{"floor":14,"key":"Boot"},{"floor":17,"key":"Dream Catcher"},{"floor":17,"key":"Ornamental Fan"},{"floor":17,"key":"Old Coin"}],"event_choices":[{"damage_healed":0,"gold_gain":0,"player_choice":"Take Wound","damage_taken":0,"relics_obtained":["Golden Idol"],"max_hp_gain":0,"max_hp_loss":0,"event_name":"Golden Idol","floor":2,"gold_loss":0,"cards_obtained":["Injury"]},{"damage_healed":0,"gold_gain":0,"player_choice":"Success","damage_taken":26,"relics_obtained":["Meat on the Bone"],"max_hp_gain":0,"max_hp_loss":0,"event_name":"Scrap Ooze","floor":4,"gold_loss":0},{"damage_healed":0,"gold_gain":0,"player_choice":"Trade","damage_taken":0,"relics_obtained":["FaceOfCleric"],"max_hp_gain":0,"max_hp_loss":0,"event_name":"FaceTrader","floor":5,"gold_loss":0},{"damage_healed":0,"gold_gain":0,"player_choice":"Read","damage_taken":0,"max_hp_gain":0,"max_hp_loss":0,"event_name":"The Library","floor":19,"gold_loss":0,"cards_obtained":["Tactician"]}],"is_beta":false,"boss_relics":[{"not_picked":["Cursed Key","Philosopher\u0027s Stone"],"picked":"Calling Bell"}],"items_purged_floors":[21],"is_endless":false,"potions_floor_spawned":[1,8,10,11,12,14,16,18,20,22],"killed_by":"Gremlin Leader","ascension_level":15}