{"gold_per_floor":[20,20,20,35,54,54,98,98,98,132,132,132,57,98,98,192,192,212,137,137,152,196,227,502,502,502,516,27,105,125,125],"floor_reached":31,"playtime":1857,"items_purged":["Injury","Regret"],"score":471,"play_id":"4038fdd9-f70f-4f1f-acec-9381e253137c","local_time":"20210205212100","is_ascension_mode":true,"campfire_choices":[{"data":"Glass Knife","floor":6,"key":"SMITH"},{"data":"Dagger Spray","floor":8,"key":"SMITH"},{"data":"PiercingWail","floor":11,"key":"SMITH"},{"data":"Caltrops","floor":15,"key":"SMITH"},{"floor":25,"key":"REST"}],"neow_cost":"NO_GOLD","seed_source_timestamp":1829783896197500,"circlet_count":0,"master_deck":["AscendersBane","Strike_G","Strike_G","Strike_G","Defend_G","Defend_G","Defend_G","Defend_G","Defend_G","Survivor","Neutralize","Flechettes","Glass Knife+1","PiercingWail+1","Terror","Dagger Spray+1","Caltrops+1","Good Instincts","Dagger Spray+1"],"relics":["Ring of the Snake","Golden Idol","Ornamental Fan","Mummified Hand","Nunchaku","StrikeDummy","Busted Crown","Red Mask","Paper Crane","Orichalcum","Ancient Tea Set","Molten Egg 2"],"potions_floor_usage":[10,16,22,30,30],"damage_taken":[{"damage":1,"enemies":"Cultist","floor":1,"turns":6},{"damage":0,"enemies":"Small Slimes","floor":4,"turns":3},{"damage":0,"enemies":"2 Louse","floor":5,"turns":3},{"damage":19,"enemies":"Lagavulin","floor":7,"turns":6},{"damage":4,"enemies":"3 Sentries","floor":10,"turns":4},{"damage":12,"enemies":"Gremlin Nob","floor":14,"turns":3},{"damage":7,"enemies":"Hexaghost","floor":16,"turns":8},{"damage":11,"enemies":"Shell Parasite","floor":18,"turns":3},{"damage":17,"enemies":"2 Thieves","floor":21,"turns":4},{"damage":15,"enemies":"Masked Bandits","floor":22,"turns":4},{"damage":21,"enemies":"Slavers","floor":23,"turns":6},{"damage":8,"enemies":"Snecko","floor":27,"turns":5},{"damage":5,"enemies":"Centurion and Healer","floor":30,"turns":4},{"damage":18,"enemies":"Snake Plant","floor":31,"turns":2}],"seed_played":"858739750395007641","potions_obtained":[{"floor":7,"key":"Explosive Potion"},{"floor":14,"key":"GamblersBrew"},{"floor":21,"key":"Dexterity Potion"},{"floor":23,"key":"SpeedPotion"},{"floor":27,"key":"ColorlessPotion"}],"is_trial":false,"path_per_floor":["M","?","?","M","M","R","E","R","T","E","R","?","$","E","R","B",null,"M","?","?","M","?","E","?","R","T","M","$","T","M","M"],"character_chosen":"THE_SILENT","items_purchased":["Good Instincts","Orichalcum","Ancient Tea Set"],"campfire_rested":1,"item_purchase_floors":[28,28,28],"current_hp_per_floor":[70,70,70,70,70,70,51,51,51,47,47,47,47,35,35,28,66,55,55,55,38,23,2,2,25,25,17,17,17,12,0],"gold":125,"neow_bonus":"TWENTY_PERCENT_HP_BONUS","is_prod":false,"is_daily":false,"chose_seed":false,"campfire_upgraded":4,"win_rate":0,"timestamp":1612578060,"path_taken":["M","?","?","M","M","R","E","R","T","E","R","?","$","E","R","BOSS","M","?","?","?","?","E","?","R","T","?","$","?","M","M"],"build_version":"2020-12-22","purchased_purges":2,"victory":false,"max_hp_per_floor":[78,78,78,78,78,78,78,78,78,78,78,78,78,78,78,78,78,78,78,78,78,78,78,78,78,78,78,78,78,78,78],"card_choices":[{"not_picked":["Dagger Throw","Deflect"],"picked":"Flechettes","floor":1},{"not_picked":["Infinite Blades","Dagger Throw"],"picked":"PiercingWail","floor":4},{"not_picked":["Poisoned Stab","Heel Hook"],"picked":"Terror","floor":5},{"not_picked":["Glass Knife","Blade Dance"],"picked":"Dagger Spray","floor":7},{"not_picked":["Heel Hook","Flechettes","Bouncing Flask"],"picked":"SKIP","floor":10},{"not_picked":["Deflect","Noxious Fumes"],"picked":"Caltrops","floor":14},{"not_picked":["Cloak And Dagger"],"picked":"SKIP","floor":18},{"not_picked":["Dagger Throw"],"picked":"SKIP","floor":21},{"not_picked":["Quick Slash"],"picked":"SKIP","floor":23},{"not_picked":["Outmaneuver"],"picked":"SKIP","floor":27},{"not_picked":[],"picked":"Dagger Spray+1","floor":30}],"player_experience":1269414,"relics_obtained":[{"floor":7,"key":"Ornamental Fan"},{"floor":9,"key":"Mummified Hand"},{"floor":10,"key":"Nunchaku"},{"floor":14,"key":"StrikeDummy"},{"floor":22,"key":"Red Mask"},{"floor":23,"key":"Paper Crane"},{"floor":29,"key":"Molten Egg 2"}],"event_choices":[{"damage_healed":0,"gold_gain":0,"cards_transformed":["Strike_G"],"player_choice":"Change","damage_taken":0,"max_hp_gain":0,"max_hp_loss":0,"event_name":"Living Wall","floor":2,"gold_loss":0,"cards_obtained":["Glass Knife"]},{"damage_healed":0,"gold_gain":0,"player_choice":"Take Wound","damage_taken":0,"relics_obtained":["Golden Idol"],"max_hp_gain":0,"max_hp_loss":0,"event_name":"Golden Idol","floor":3,"gold_loss":0,"cards_obtained":["Injury"]},{"damage_healed":0,"gold_gain":0,"player_choice":"Ignored","damage_taken":0,"max_hp_gain":0,"max_hp_loss":0,"event_name":"Shining Light","floor":12,"gold_loss":0},{"cards_removed":["Strike_G"],"damage_healed":0,"gold_gain":0,"player_choice":"Gave Gold","damage_taken":0,"max_hp_gain":0,"max_hp_loss":0,"event_name":"Beggar","floor":19,"gold_loss":75},{"damage_healed":0,"gold_gain":0,"player_choice":"0 cards matched","damage_taken":0,"max_hp_gain":0,"max_hp_loss":0,"event_name":"Match and Keep!","floor":20,"gold_loss":0,"cards_obtained":[]},{"damage_healed":0,"gold_gain":0,"player_choice":"Fought Bandits","damage_taken":0,"max_hp_gain":0,"max_hp_loss":0,"event_name":"Masked Bandits","floor":22,"gold_loss":0},{"damage_healed":0,"gold_gain":275,"player_choice":"Desecrate","damage_taken":0,"max_hp_gain":0,"max_hp_loss":0,"event_name":"Golden Shrine","floor":24,"gold_loss":0,"cards_obtained":["Regret"]}],"is_beta":false,"boss_relics":[{"not_picked":["Runic Pyramid","Calling Bell"],"picked":"Busted Crown"}],"items_purged_floors":[13,28],"is_endless":false,"potions_floor_spawned":[7,14,21,23,27],"killed_by":"Snake Plant","ascension_level":15}