{"gold_per_floor":[14,14,29,29,59,71,109,121,159,203,215,227,269,296,308,391,403,395,175,189,43,54,54],"floor_reached":23,"playtime":768,"items_purged":[],"score":410,"play_id":"7895203f-1613-4da2-996a-204d0b4c56c6","local_time":"20210207231832","is_ascension_mode":true,"campfire_choices":[{"floor":6,"key":"REST"},{"floor":8,"key":"REST"},{"data":"The Bomb","floor":15,"key":"SMITH"}],"neow_cost":"NO_GOLD","seed_source_timestamp":2010736369179700,"circlet_count":0,"master_deck":["AscendersBane","Strike_G","Strike_G","Strike_G","Strike_G","Strike_G","Defend_G","Defend_G","Defend_G","Defend_G","Defend_G","Survivor","Neutralize","The Bomb+1","Skewer+1","Concentrate","Backflip","Wraith Form v2","Venomology","Bullet Time","Tactician","Escape Plan","Reflex"],"relics":["Ring of the Snake","MawBank","Matryoshka","Juzu Bracelet","Tiny Chest","Vajra","Pen Nib","SacredBark","Chemical X","Oddly Smooth Stone"],"potions_floor_usage":[7,13,16,16,18,20,22,22,23],"damage_taken":[{"damage":3,"enemies":"2 Louse","floor":1,"turns":3},{"damage":13,"enemies":"Small Slimes","floor":3,"turns":3},{"damage":0,"enemies":"Cultist","floor":5,"turns":3},{"damage":27,"enemies":"3 Sentries","floor":7,"turns":5},{"damage":2,"enemies":"Gremlin Nob","floor":10,"turns":3},{"damage":0,"enemies":"Lagavulin","floor":13,"turns":3},{"damage":1,"enemies":"Looter","floor":14,"turns":5},{"damage":11,"enemies":"Hexaghost","floor":16,"turns":9},{"damage":11,"enemies":"2 Thieves","floor":18,"turns":4},{"damage":36,"enemies":"3 Byrds","floor":20,"turns":6},{"damage":1,"enemies":"Snecko","floor":22,"turns":4},{"damage":9,"enemies":"Gremlin Leader","floor":23,"turns":2}],"seed_played":"-9089206286251213538","potions_obtained":[{"floor":1,"key":"GamblersBrew"},{"floor":7,"key":"FearPotion"},{"floor":14,"key":"PowerPotion"},{"floor":16,"key":"Poison Potion"},{"floor":20,"key":"CunningPotion"}],"is_trial":false,"path_per_floor":["M","?","M","?","M","R","E","R","T","E","?","?","E","M","R","B",null,"M","$","M","$","M","E"],"character_chosen":"THE_SILENT","items_purchased":["Chemical X","Tactician","Oddly Smooth Stone"],"campfire_rested":2,"item_purchase_floors":[19,19,21],"current_hp_per_floor":[56,56,43,25,25,44,17,36,36,34,50,43,43,42,42,31,55,44,44,8,8,7,0],"gold":54,"neow_bonus":"RANDOM_COLORLESS_2","is_prod":false,"is_daily":false,"chose_seed":false,"campfire_upgraded":1,"win_rate":0,"timestamp":1612757912,"path_taken":["M","?","M","?","M","R","E","R","T","E","?","?","E","M","R","BOSS","M","$","M","$","M","E"],"build_version":"2020-12-22","purchased_purges":0,"victory":false,"max_hp_per_floor":[66,66,66,66,66,66,66,66,66,66,66,63,63,63,63,63,63,63,63,63,63,63,63],"card_choices":[{"not_picked":["Transmutation","Magnetism"],"picked":"The Bomb","floor":0},{"not_picked":["Expertise","Underhanded Strike"],"picked":"Skewer","floor":1},{"not_picked":["Quick Slash","Reflex"],"picked":"Concentrate","floor":3},{"not_picked":["Prepared","Bane","Slice"],"picked":"SKIP","floor":5},{"not_picked":["Underhanded Strike","Quick Slash"],"picked":"Backflip","floor":7},{"not_picked":["Poisoned Stab","A Thousand Cuts"],"picked":"Wraith Form v2","floor":10},{"not_picked":["Dagger Spray","Calculated Gamble"],"picked":"Venomology","floor":13},{"not_picked":["Dagger Spray","Underhanded Strike","Well Laid Plans"],"picked":"SKIP","floor":14},{"not_picked":["Die Die Die","A Thousand Cuts"],"picked":"Bullet Time","floor":16},{"not_picked":["Skewer","Prepared","Dagger Throw"],"picked":"SKIP","floor":18},{"not_picked":["Blur","Dagger Throw"],"picked":"Escape Plan","floor":20},{"not_picked":["Dagger Spray","Calculated Gamble"],"picked":"Reflex","floor":22}],"player_experience":1276128,"relics_obtained":[{"floor":7,"key":"Matryoshka"},{"floor":9,"key":"Juzu Bracelet"},{"floor":9,"key":"Tiny Chest"},{"floor":10,"key":"Vajra"},{"floor":13,"key":"Pen Nib"}],"event_choices":[{"damage_healed":0,"gold_gain":0,"player_choice":"Grow","damage_taken":0,"max_hp_gain":0,"max_hp_loss":0,"event_name":"Living Wall","floor":2,"gold_loss":0,"cards_upgraded":["Skewer"]},{"damage_healed":0,"gold_gain":0,"player_choice":"Success","damage_taken":18,"relics_obtained":["MawBank"],"max_hp_gain":0,"max_hp_loss":0,"event_name":"Scrap Ooze","floor":4,"gold_loss":0},{"damage_healed":16,"gold_gain":0,"player_choice":"Healed and dodged fight","damage_taken":0,"max_hp_gain":0,"max_hp_loss":0,"event_name":"Mushrooms","floor":11,"gold_loss":0,"cards_obtained":["Parasite"]},{"cards_removed":["Parasite"],"damage_healed":0,"gold_gain":0,"player_choice":"Card Removal","damage_taken":7,"max_hp_gain":0,"max_hp_loss":0,"event_name":"Golden Wing","floor":12,"gold_loss":0}],"is_beta":false,"boss_relics":[{"not_picked":["Runic Dome","Velvet Choker"],"picked":"SacredBark"}],"items_purged_floors":[],"is_endless":false,"potions_floor_spawned":[1,7,14,16,20],"killed_by":"Gremlin Leader","ascension_level":15}