{"gold_per_floor":[110,35,35,51,51,82,110,138,174,221,244,256,268,320,332,344],"floor_reached":16,"playtime":471,"items_purged":[],"score":254,"play_id":"92c677c3-d276-4780-b2b4-4dfacd566a6b","local_time":"20210208152446","is_ascension_mode":true,"campfire_choices":[{"floor":13,"key":"REST"},{"data":"Dodge and Roll","floor":15,"key":"SMITH"}],"neow_cost":"NONE","seed_source_timestamp":2069013250229700,"circlet_count":0,"master_deck":["AscendersBane","Strike_G","Strike_G","Strike_G","Strike_G","Defend_G","Defend_G","Defend_G","Defend_G","Defend_G","Survivor","Neutralize+1","Heel Hook","All Out Attack","Terror","Caltrops","Underhanded Strike","PiercingWail","Sucker Punch","Dodge and Roll+1"],"relics":["Ring of the Snake","NeowsBlessing","MawBank","Nunchaku","Oddly Smooth Stone","CeramicFish","White Beast Statue"],"potions_floor_usage":[10,14,14],"damage_taken":[{"damage":0,"enemies":"2 Louse","floor":1,"turns":1},{"damage":0,"enemies":"Cultist","floor":4,"turns":1},{"damage":0,"enemies":"Lagavulin","floor":6,"turns":1},{"damage":0,"enemies":"Jaw Worm","floor":7,"turns":2},{"damage":12,"enemies":"Lots of Slimes","floor":8,"turns":3},{"damage":18,"enemies":"Gremlin Nob","floor":10,"turns":3},{"damage":0,"enemies":"Looter","floor":11,"turns":4},{"damage":12,"enemies":"Lagavulin","floor":14,"turns":6},{"damage":28,"enemies":"Hexaghost","floor":16,"turns":10}],"seed_played":"6494019388296320541","potions_obtained":[{"floor":6,"key":"Fire Potion"},{"floor":7,"key":"EssenceOfSteel"},{"floor":11,"key":"Regen Potion"},{"floor":14,"key":"Energy Potion"}],"is_trial":false,"path_per_floor":["M","$","?","M","?","E","M","M","T","E","M","?","R","E","R","B"],"character_chosen":"THE_SILENT","items_purchased":["All Out Attack"],"campfire_rested":1,"item_purchase_floors":[2],"current_hp_per_floor":[59,59,59,59,59,59,59,47,47,29,29,3,22,25,25,0],"gold":344,"neow_bonus":"THREE_ENEMY_KILL","is_prod":false,"is_daily":false,"chose_seed":false,"campfire_upgraded":1,"win_rate":0,"timestamp":1612815886,"path_taken":["M","$","?","?","?","E","?","M","T","E","M","?","R","E","R","BOSS"],"build_version":"2020-12-22","purchased_purges":0,"victory":false,"max_hp_per_floor":[66,66,66,66,66,66,66,66,66,66,66,66,66,66,66,66],"card_choices":[{"not_picked":["Poisoned Stab","Setup"],"picked":"Heel Hook","floor":1},{"not_picked":["Deadly Poison","Quick Slash","Dagger Throw"],"picked":"SKIP","floor":4},{"not_picked":["Infinite Blades","Flying Knee"],"picked":"Terror","floor":6},{"not_picked":["Cloak And Dagger","Expertise"],"picked":"Caltrops","floor":7},{"not_picked":["Dagger Throw","Concentrate"],"picked":"Underhanded Strike","floor":8},{"not_picked":["Setup","All Out Attack"],"picked":"PiercingWail","floor":10},{"not_picked":["Deadly Poison","Dodge and Roll"],"picked":"Sucker Punch","floor":11},{"not_picked":["Deflect","Bouncing Flask"],"picked":"Dodge and Roll","floor":14}],"player_experience":1277410,"relics_obtained":[{"floor":6,"key":"MawBank"},{"floor":9,"key":"Nunchaku"},{"floor":10,"key":"Oddly Smooth Stone"},{"floor":14,"key":"White Beast Statue"}],"event_choices":[{"damage_healed":0,"gold_gain":0,"player_choice":"Forge","damage_taken":0,"max_hp_gain":0,"max_hp_loss":0,"event_name":"Accursed Blacksmith","floor":3,"gold_loss":0,"cards_upgraded":["Neutralize"]},{"cards_removed":["Strike_G"],"damage_healed":0,"gold_gain":0,"player_choice":"Offered Basic","damage_taken":0,"max_hp_gain":0,"max_hp_loss":0,"event_name":"Bonfire Elementals","floor":5,"gold_loss":0},{"damage_healed":0,"gold_gain":0,"player_choice":"Success","damage_taken":26,"relics_obtained":["CeramicFish"],"max_hp_gain":0,"max_hp_loss":0,"event_name":"Scrap Ooze","floor":12,"gold_loss":0}],"is_beta":false,"boss_relics":[],"items_purged_floors":[],"is_endless":false,"potions_floor_spawned":[6,7,11,14],"killed_by":"Hexaghost","ascension_level":15}