{"gold_per_floor":[109,109,124,174,123,155,155,188,188,188,208,208,235,41,41,143,143,156,173,173,184,109,138,167,167,167,184,28,41,41,59,59,164,164,184,184,35,89,89,116,131,161,161,177,177,41,41,58,58,58],"floor_reached":51,"playtime":2035,"items_purged":["Writhe","Strike_G"],"score":781,"play_id":"2ad96322-385a-42f8-81f6-7d0bb1a2f6de","local_time":"20210131203025","is_ascension_mode":false,"campfire_choices":[{"data":"Cloak And Dagger","floor":7,"key":"SMITH"},{"data":"Infinite Blades","floor":12,"key":"SMITH"},{"data":"Blade Dance","floor":15,"key":"SMITH"},{"data":"A Thousand Cuts","floor":30,"key":"SMITH"},{"floor":32,"key":"REST"},{"floor":45,"key":"REST"},{"data":"Storm of Steel","floor":47,"key":"SMITH"},{"floor":49,"key":"REST"}],"neow_cost":"","seed_source_timestamp":0,"circlet_count":0,"master_deck":["Defend_G","Defend_G","Defend_G","Defend_G","Defend_G","Survivor","Neutralize","Masterful Stab","Accuracy+1","Dagger Spray","Cloak And Dagger+1","Venomology","Infinite Blades+1","Blade Dance+1","A Thousand Cuts+1","Blade Dance","Caltrops+1","Accuracy+1","Storm of Steel+1","Cloak And Dagger+1","Infinite Blades"],"relics":["Ring of the Snake","Letter Opener","Anchor","Lantern","Odd Mushroom","Pen Nib","Empty Cage","Pantograph","Dream Catcher","Red Mask","Omamori","Gremlin Horn","DollysMirror","Runic Pyramid","Lee\u0027s Waffle","Ginger","Pear","Juzu Bracelet","HornCleat"],"potions_floor_usage":[8,16,19,21,23,23,29,29,29,33,38,42,42,50,50],"damage_taken":[{"damage":0,"enemies":"Jaw Worm","floor":1,"turns":4},{"damage":0,"enemies":"Cultist","floor":3,"turns":4},{"damage":4,"enemies":"3 Sentries","floor":6,"turns":8},{"damage":5,"enemies":"Lagavulin","floor":8,"turns":6},{"damage":0,"enemies":"2 Louse","floor":11,"turns":1},{"damage":0,"enemies":"The Mushroom Lair","floor":13,"turns":3},{"damage":37,"enemies":"The Guardian","floor":16,"turns":8},{"damage":0,"enemies":"2 Thieves","floor":18,"turns":2},{"damage":0,"enemies":"3 Byrds","floor":19,"turns":5},{"damage":3,"enemies":"Centurion and Healer","floor":21,"turns":4},{"damage":1,"enemies":"Slavers","floor":23,"turns":3},{"damage":3,"enemies":"Masked Bandits","floor":24,"turns":3},{"damage":3,"enemies":"Shelled Parasite and Fungi","floor":27,"turns":4},{"damage":13,"enemies":"Snecko","floor":29,"turns":3},{"damage":10,"enemies":"Snake Plant","floor":31,"turns":4},{"damage":30,"enemies":"Champ","floor":33,"turns":8},{"damage":10,"enemies":"3 Shapes","floor":35,"turns":2},{"damage":24,"enemies":"2 Orb Walkers","floor":38,"turns":4},{"damage":33,"enemies":"Nemesis","floor":40,"turns":5},{"damage":3,"enemies":"3 Darklings","floor":41,"turns":3},{"damage":0,"enemies":"Reptomancer","floor":42,"turns":3},{"damage":0,"enemies":"Jaw Worm Horde","floor":44,"turns":2},{"damage":1,"enemies":"Maw","floor":48,"turns":5},{"damage":37,"enemies":"Time Eater","floor":50,"turns":6}],"seed_played":"527180","potions_obtained":[{"floor":3,"key":"LiquidBronze"},{"floor":8,"key":"Poison Potion"},{"floor":13,"key":"PowerPotion"},{"floor":21,"key":"Fire Potion"},{"floor":23,"key":"CunningPotion"},{"floor":27,"key":"Ancient Potion"},{"floor":29,"key":"LiquidMemories"},{"floor":40,"key":"LiquidBronze"},{"floor":48,"key":"BlessingOfTheForge"}],"is_trial":true,"path_per_floor":["M","?","M","?","$","E","R","E","T","?","M","R","?","$","R","B",null,"M","M","?","M","$","E","?","T","T","M","$","M","R","M","R","B",null,"M","?","$","?","$","E","M","E","T","M","R","$","R","M","R","B",null],"character_chosen":"THE_SILENT","items_purchased":["Cloak And Dagger","Pen Nib","Blade Dance","DollysMirror","Lee\u0027s Waffle","Infinite Blades"],"campfire_rested":3,"item_purchase_floors":[5,14,14,28,37,46],"current_hp_per_floor":[70,70,70,70,70,66,66,61,61,61,61,61,61,61,61,24,70,70,70,70,67,67,66,63,63,63,60,60,47,47,37,58,40,70,60,60,77,53,53,30,27,27,27,27,53,53,53,52,78,50],"gold":58,"neow_bonus":"","is_prod":false,"is_daily":false,"chose_seed":true,"campfire_upgraded":5,"win_rate":0,"timestamp":1612143025,"path_taken":["M","?","?","?","$","E","R","E","T","?","M","R","?","$","R","BOSS","M","M","?","M","$","E","?","?","T","?","$","?","R","M","R","BOSS","M","?","$","?","$","E","M","E","T","M","R","?","R","M","R","BOSS"],"build_version":"2020-12-22","purchased_purges":2,"victory":true,"max_hp_per_floor":[70,70,70,70,70,70,70,70,70,70,70,70,70,70,70,70,70,70,70,70,70,70,70,70,70,70,70,70,70,70,70,70,70,70,70,70,77,77,77,87,87,87,87,87,87,87,87,87,87,87],"card_choices":[{"not_picked":["Poisoned Stab","Dagger Throw"],"picked":"Masterful Stab","floor":1},{"not_picked":["Eviscerate","Heel Hook"],"picked":"Dagger Spray","floor":3},{"not_picked":["Acrobatics","Blur"],"picked":"Venomology","floor":6},{"not_picked":["Skewer","Caltrops","Unload"],"picked":"SKIP","floor":8},{"not_picked":["Tactician","Backflip"],"picked":"Infinite Blades","floor":11},{"not_picked":["Bullet Time","Tools of the Trade"],"picked":"A Thousand Cuts","floor":16},{"not_picked":["Dagger Throw+1","Deadly Poison+1","PiercingWail"],"picked":"SKIP","floor":18},{"not_picked":["Finisher","Poisoned Stab"],"picked":"Blade Dance","floor":19},{"not_picked":["Dagger Throw","Dagger Spray+1"],"picked":"Caltrops+1","floor":21},{"not_picked":["Dagger Throw","Blur","Quick Slash"],"picked":"SKIP","floor":23},{"not_picked":["Heel Hook","Infinite Blades","Quick Slash"],"picked":"SKIP","floor":27},{"not_picked":["Dagger Throw+1","Flechettes","Quick Slash"],"picked":"SKIP","floor":29},{"not_picked":["Crippling Poison","Dagger Throw","Slice+1"],"picked":"SKIP","floor":31},{"not_picked":["Venomology","A Thousand Cuts"],"picked":"Storm of Steel","floor":33},{"not_picked":["Dash+1","Blade Dance+1","Catalyst+1"],"picked":"SKIP","floor":35},{"not_picked":["Phantasmal Killer","Catalyst","Heel Hook"],"picked":"SKIP","floor":40},{"not_picked":["Sucker Punch","Slice","Acrobatics"],"picked":"SKIP","floor":41},{"not_picked":["Setup+1","Bane"],"picked":"Cloak And Dagger+1","floor":42},{"not_picked":["Distraction","All Out Attack+1","Crippling Poison+1"],"picked":"SKIP","floor":44},{"not_picked":["Blade Dance+1","Blur","PiercingWail+1"],"picked":"SKIP","floor":48}],"player_experience":1257559,"relics_obtained":[{"floor":6,"key":"Letter Opener"},{"floor":8,"key":"Anchor"},{"floor":9,"key":"Lantern"},{"floor":13,"key":"Odd Mushroom"},{"floor":23,"key":"Dream Catcher"},{"floor":24,"key":"Red Mask"},{"floor":25,"key":"Omamori"},{"floor":26,"key":"Gremlin Horn"},{"floor":38,"key":"Ginger"},{"floor":40,"key":"Pear"},{"floor":42,"key":"Juzu Bracelet"},{"floor":43,"key":"HornCleat"}],"event_choices":[{"damage_healed":0,"gold_gain":0,"cards_transformed":["Strike_G"],"player_choice":"Transformed","damage_taken":0,"max_hp_gain":0,"max_hp_loss":0,"event_name":"Transmorgrifier","floor":2,"gold_loss":0,"cards_obtained":["Accuracy"]},{"damage_healed":0,"gold_gain":50,"player_choice":"Gained Gold","damage_taken":0,"max_hp_gain":0,"max_hp_loss":0,"event_name":"Golden Wing","floor":4,"gold_loss":0},{"damage_healed":0,"gold_gain":0,"player_choice":"Grow","damage_taken":0,"max_hp_gain":0,"max_hp_loss":0,"event_name":"Living Wall","floor":10,"gold_loss":0,"cards_upgraded":["Accuracy"]},{"damage_healed":0,"gold_gain":0,"player_choice":"Fought Mushrooms","damage_taken":0,"max_hp_gain":0,"max_hp_loss":0,"event_name":"Mushrooms","floor":13,"gold_loss":0},{"damage_healed":0,"gold_gain":0,"player_choice":"Opened","damage_taken":0,"relics_obtained":["Pantograph"],"max_hp_gain":0,"max_hp_loss":0,"event_name":"The Mausoleum","floor":20,"gold_loss":0,"cards_obtained":["Writhe"]},{"damage_healed":0,"gold_gain":0,"player_choice":"Fought Bandits","damage_taken":0,"max_hp_gain":0,"max_hp_loss":0,"event_name":"Masked Bandits","floor":24,"gold_loss":0},{"cards_removed":["Strike_G"],"damage_healed":0,"gold_gain":0,"player_choice":"Removed Attack","damage_taken":0,"max_hp_gain":0,"max_hp_loss":0,"event_name":"Falling","floor":36,"gold_loss":0},{"damage_healed":0,"gold_gain":0,"player_choice":"Fight","damage_taken":0,"max_hp_gain":0,"max_hp_loss":0,"event_name":"Mysterious Sphere","floor":38,"gold_loss":0}],"is_beta":false,"boss_relics":[{"not_picked":["Cursed Key","HoveringKite"],"picked":"Empty Cage"},{"not_picked":["Fusion Hammer","Runic Dome"],"picked":"Runic Pyramid"}],"items_purged_floors":[22,46],"is_endless":false,"potions_floor_spawned":[3,8,13,16,19,21,23,27,29,35,40,48],"ascension_level":0}