{"gold_per_floor":[110,110,122,142,142,142,168,168,195,230,245,245,261,286,286,286],"floor_reached":16,"playtime":510,"items_purged":[],"score":210,"play_id":"d428158d-fbf2-423a-b83c-bbea477beea3","local_time":"20210212233045","is_ascension_mode":true,"campfire_choices":[{"data":"Flechettes","floor":6,"key":"SMITH"},{"data":"Survivor","floor":8,"key":"SMITH"},{"floor":12,"key":"REST"},{"data":"Footwork","floor":15,"key":"SMITH"}],"neow_cost":"NONE","seed_source_timestamp":2443768516049500,"circlet_count":0,"master_deck":["AscendersBane","Strike_G","Strike_G","Strike_G","Strike_G","Defend_G","Defend_G","Defend_G","Defend_G","Defend_G","Survivor+1","Neutralize","Flechettes+1","Escape Plan","Escape Plan","Predator","Footwork+1"],"relics":["Ring of the Snake","NeowsBlessing","Akabeko","Bottled Lightning","Regal Pillow","Bird Faced Urn","Sundial"],"potions_floor_usage":[10,14],"damage_taken":[{"damage":0,"enemies":"Small Slimes","floor":1,"turns":1},{"damage":0,"enemies":"Cultist","floor":3,"turns":1},{"damage":0,"enemies":"2 Louse","floor":4,"turns":1},{"damage":29,"enemies":"3 Sentries","floor":7,"turns":14},{"damage":8,"enemies":"Gremlin Nob","floor":10,"turns":4},{"damage":1,"enemies":"Looter","floor":11,"turns":3},{"damage":0,"enemies":"3 Louse","floor":13,"turns":2},{"damage":10,"enemies":"Lagavulin","floor":14,"turns":6},{"damage":47,"enemies":"Slime Boss","floor":16,"turns":11}],"seed_played":"2636801020409149810","potions_obtained":[{"floor":1,"key":"Weak Potion"},{"floor":7,"key":"SkillPotion"}],"is_trial":false,"path_per_floor":["M","?","M","M","?","R","E","R","T","E","M","R","M","E","R","B"],"character_chosen":"THE_SILENT","items_purchased":[],"campfire_rested":1,"item_purchase_floors":[],"current_hp_per_floor":[59,59,59,59,54,54,25,25,25,17,16,50,50,40,40,0],"gold":286,"neow_bonus":"THREE_ENEMY_KILL","is_prod":false,"is_daily":false,"chose_seed":false,"campfire_upgraded":3,"win_rate":0,"timestamp":1613190645,"path_taken":["M","?","?","M","?","R","E","R","T","E","M","R","M","E","R","BOSS"],"build_version":"2020-12-22","purchased_purges":0,"victory":false,"max_hp_per_floor":[66,66,66,66,66,66,66,66,66,66,66,66,66,66,66,66],"card_choices":[{"not_picked":["Catalyst","Blade Dance"],"picked":"Flechettes","floor":1},{"not_picked":["Poisoned Stab","Deflect"],"picked":"Escape Plan","floor":3},{"not_picked":["Bane","Blade Dance","Deadly Poison"],"picked":"SKIP","floor":4},{"not_picked":["Tactician","Choke"],"picked":"Escape Plan","floor":7},{"not_picked":["Dagger Throw","Deadly Poison","Sucker Punch"],"picked":"SKIP","floor":10},{"not_picked":["Quick Slash","Slice"],"picked":"Predator","floor":11},{"not_picked":["Riddle With Holes","Finisher","Unload"],"picked":"SKIP","floor":13},{"not_picked":["Heel Hook","Dodge and Roll"],"picked":"Footwork","floor":14}],"player_experience":1291305,"relics_obtained":[{"floor":7,"key":"Bottled Lightning"},{"floor":9,"key":"Regal Pillow"},{"floor":10,"key":"Bird Faced Urn"},{"floor":14,"key":"Sundial"}],"event_choices":[{"cards_removed":["Strike_G"],"damage_healed":0,"gold_gain":0,"player_choice":"Purged","damage_taken":0,"max_hp_gain":0,"max_hp_loss":0,"event_name":"Purifier","floor":2,"gold_loss":0},{"damage_healed":0,"gold_gain":0,"player_choice":"Success","damage_taken":5,"relics_obtained":["Akabeko"],"max_hp_gain":0,"max_hp_loss":0,"event_name":"Scrap Ooze","floor":5,"gold_loss":0}],"is_beta":false,"boss_relics":[],"items_purged_floors":[],"is_endless":false,"potions_floor_spawned":[1,7],"killed_by":"Slime Boss","ascension_level":15}