{"gold_per_floor":[119,44,119,131,131,131,165,165,214,243,243,254,311,322,322,322],"floor_reached":16,"playtime":629,"items_purged":["Normality"],"score":233,"play_id":"dfef7d03-7f66-4ab4-9067-4055b6fbc1db","local_time":"20210212234126","is_ascension_mode":true,"campfire_choices":[{"data":"Choke","floor":6,"key":"SMITH"},{"data":"Dagger Spray","floor":8,"key":"SMITH"},{"data":"Footwork","floor":15,"key":"SMITH"}],"neow_cost":"CURSE","seed_source_timestamp":2444290959417300,"circlet_count":0,"master_deck":["AscendersBane","Strike_G","Strike_G","Strike_G","Strike_G","Defend_G","Defend_G","Defend_G","Defend_G","Defend_G","Survivor","Neutralize","Mayhem","Choke+1","Blur","Dagger Spray+1","Blade Dance","Footwork+1","Cloak And Dagger"],"relics":["Ring of the Snake","Lantern","Akabeko","Question Card","Art of War"],"potions_floor_usage":[10,16,16],"damage_taken":[{"damage":1,"enemies":"2 Louse","floor":1,"turns":3},{"damage":3,"enemies":"Small Slimes","floor":4,"turns":5},{"damage":8,"enemies":"Lagavulin","floor":7,"turns":9},{"damage":0,"enemies":"3 Sentries","floor":10,"turns":2},{"damage":2,"enemies":"Jaw Worm","floor":12,"turns":2},{"damage":12,"enemies":"3 Sentries","floor":13,"turns":8},{"damage":0,"enemies":"Red Slaver","floor":14,"turns":4},{"damage":22,"enemies":"Hexaghost","floor":16,"turns":11}],"seed_played":"9000591002405507676","potions_obtained":[{"floor":7,"key":"SteroidPotion"},{"floor":13,"key":"SteroidPotion"},{"floor":14,"key":"SpeedPotion"}],"is_trial":false,"path_per_floor":["M","$","?","M","$","R","E","R","T","E","?","M","?","M","R","B"],"character_chosen":"THE_SILENT","items_purchased":[],"campfire_rested":0,"item_purchase_floors":[],"current_hp_per_floor":[58,58,47,44,44,44,36,36,36,36,29,27,15,15,15,0],"gold":322,"neow_bonus":"RANDOM_COLORLESS_2","is_prod":false,"is_daily":false,"chose_seed":false,"campfire_upgraded":3,"win_rate":0,"timestamp":1613191286,"path_taken":["M","$","?","M","$","R","E","R","T","E","?","M","?","M","R","BOSS"],"build_version":"2020-12-22","purchased_purges":1,"victory":false,"max_hp_per_floor":[66,66,66,66,66,66,66,66,66,66,66,66,66,66,66,66],"card_choices":[{"not_picked":["Magnetism","Transmutation"],"picked":"Mayhem","floor":0},{"not_picked":["Bane","Outmaneuver"],"picked":"Choke","floor":1},{"not_picked":["Backflip","Deadly Poison"],"picked":"Blur","floor":4},{"not_picked":["Concentrate","Leg Sweep"],"picked":"Dagger Spray","floor":7},{"not_picked":["Night Terror","Deflect","Prepared"],"picked":"SKIP","floor":10},{"not_picked":["Acrobatics","Flying Knee","Well Laid Plans"],"picked":"Blade Dance","floor":12},{"not_picked":["Dagger Throw","Phantasmal Killer","PiercingWail"],"picked":"Footwork","floor":13},{"not_picked":["Dash","Dagger Spray","Outmaneuver"],"picked":"Cloak And Dagger","floor":14}],"player_experience":1291815,"relics_obtained":[{"floor":7,"key":"Lantern"},{"floor":9,"key":"Akabeko"},{"floor":10,"key":"Question Card"}],"event_choices":[{"damage_healed":0,"gold_gain":75,"player_choice":"Gather Gold","damage_taken":11,"max_hp_gain":0,"max_hp_loss":0,"event_name":"World of Goop","floor":3,"gold_loss":0},{"cards_removed":["Strike_G"],"damage_healed":0,"gold_gain":0,"player_choice":"Card Removal","damage_taken":7,"max_hp_gain":0,"max_hp_loss":0,"event_name":"Golden Wing","floor":11,"gold_loss":0},{"damage_healed":0,"gold_gain":30,"player_choice":"Searched \u00273\u0027 times","damage_taken":0,"relics_obtained":["Art of War"],"max_hp_gain":0,"max_hp_loss":0,"event_name":"Dead Adventurer","floor":13,"gold_loss":0}],"is_beta":false,"boss_relics":[],"items_purged_floors":[2],"is_endless":false,"potions_floor_spawned":[7,13,14],"killed_by":"Hexaghost","ascension_level":15}