{"gold_per_floor":[117,42,52,52,52,82,95,121,176,210,230,230,68,83,83,83],"floor_reached":16,"playtime":564,"items_purged":[],"score":254,"play_id":"d8845dd0-feb5-483a-9e6f-fcd49830dffc","local_time":"20210211145219","is_ascension_mode":true,"campfire_choices":[{"floor":12,"key":"REST"},{"data":"Apotheosis","floor":15,"key":"SMITH"}],"neow_cost":"NONE","seed_source_timestamp":2326195725912400,"circlet_count":0,"master_deck":["AscendersBane","Strike_G","Strike_G","Strike_G","Strike_G","Defend_G","Defend_G+1","Defend_G","Defend_G","Defend_G+1","Survivor","Neutralize","Flying Knee","PiercingWail","Regret","Burst","Masterful Stab","Dagger Throw","Footwork","Backflip","Apotheosis+1","Eviscerate"],"relics":["Ring of the Snake","NeowsBlessing","Pear","MealTicket","InkBottle","Akabeko","Ginger"],"potions_floor_usage":[8,8,8,8,10,16],"damage_taken":[{"damage":0,"enemies":"Jaw Worm","floor":1,"turns":1},{"damage":0,"enemies":"2 Louse","floor":3,"turns":1},{"damage":0,"enemies":"3 Sentries","floor":6,"turns":2},{"damage":3,"enemies":"Small Slimes","floor":7,"turns":5},{"damage":15,"enemies":"Lagavulin","floor":8,"turns":9},{"damage":23,"enemies":"Gremlin Nob","floor":10,"turns":4},{"damage":8,"enemies":"Looter","floor":11,"turns":3},{"damage":3,"enemies":"Gremlin Gang","floor":14,"turns":5},{"damage":45,"enemies":"Slime Boss","floor":16,"turns":5}],"seed_played":"-874866662200005356","potions_obtained":[{"floor":1,"key":"SteroidPotion"},{"floor":3,"key":"EntropicBrew"},{"floor":10,"key":"Fruit Juice"},{"floor":11,"key":"CultistPotion"}],"is_trial":false,"path_per_floor":["M","?","M","?","?","E","M","E","T","E","M","R","$","M","R","B"],"character_chosen":"THE_SILENT","items_purchased":["Apotheosis"],"campfire_rested":1,"item_purchase_floors":[13],"current_hp_per_floor":[59,59,59,69,46,46,43,28,28,10,2,26,41,38,38,0],"gold":83,"neow_bonus":"THREE_ENEMY_KILL","is_prod":false,"is_daily":false,"chose_seed":false,"campfire_upgraded":1,"win_rate":0,"timestamp":1613073139,"path_taken":["M","?","M","?","?","E","M","E","T","E","M","R","$","M","R","BOSS"],"build_version":"2020-12-22","purchased_purges":0,"victory":false,"max_hp_per_floor":[66,66,66,76,76,76,76,76,76,81,81,81,81,81,81,81],"card_choices":[{"not_picked":["Quick Slash","Concentrate"],"picked":"Flying Knee","floor":1},{"not_picked":["Bane","Acrobatics"],"picked":"PiercingWail","floor":3},{"not_picked":["Bouncing Flask","Slice"],"picked":"Burst","floor":6},{"not_picked":["Deadly Poison","Dagger Spray"],"picked":"Masterful Stab","floor":7},{"not_picked":["Grand Finale","Quick Slash"],"picked":"Dagger Throw","floor":8},{"not_picked":["Quick Slash","PiercingWail"],"picked":"Footwork","floor":10},{"not_picked":["Flying Knee","Outmaneuver"],"picked":"Backflip","floor":11},{"not_picked":["Blade Dance","Setup"],"picked":"Eviscerate","floor":14}],"player_experience":1287378,"relics_obtained":[{"floor":6,"key":"MealTicket"},{"floor":8,"key":"InkBottle"},{"floor":9,"key":"Akabeko"},{"floor":10,"key":"Ginger"}],"event_choices":[{"cards_removed":["Strike_G"],"damage_healed":0,"gold_gain":0,"player_choice":"Card Removal","damage_taken":0,"max_hp_gain":0,"max_hp_loss":0,"event_name":"The Cleric","floor":2,"gold_loss":75},{"damage_healed":0,"gold_gain":0,"player_choice":"Box","damage_taken":0,"relics_obtained":["Pear"],"max_hp_gain":0,"max_hp_loss":0,"event_name":"Big Fish","floor":4,"gold_loss":0,"cards_obtained":["Regret"]},{"damage_healed":0,"gold_gain":0,"player_choice":"Entered Light","damage_taken":23,"max_hp_gain":0,"max_hp_loss":0,"event_name":"Shining Light","floor":5,"gold_loss":0,"cards_upgraded":["Defend_G","Defend_G"]}],"is_beta":false,"boss_relics":[],"items_purged_floors":[],"is_endless":false,"potions_floor_spawned":[1,3,10,11],"killed_by":"Slime Boss","ascension_level":15}