{"gold_per_floor":[17,17,38,63,63,63,104,158,181,181,225,225,225],"floor_reached":13,"playtime":308,"items_purged":[],"score":159,"play_id":"9dab9927-bc89-4da5-8609-80da56382483","local_time":"20210221222755","is_ascension_mode":true,"campfire_choices":[{"data":"Noxious Fumes","floor":6.0,"key":"SMITH"},{"floor":10.0,"key":"REST"}],"neow_cost":"NO_GOLD","seed_source_timestamp":439872119014300,"circlet_count":0,"master_deck":["AscendersBane","Strike_G","Strike_G+1","Strike_G","Strike_G","Strike_G","Defend_G","Defend_G","Defend_G","Defend_G","Defend_G","Survivor","Neutralize","Corpse Explosion","Noxious Fumes+1","Injury","Catalyst+1","Tactician","Dash","Catalyst","Parasite"],"special_seed":0,"relics":["Ring of the Snake","Golden Idol","Tiny Chest","Lantern","Regal Pillow"],"potions_floor_usage":[],"damage_taken":[{"damage":0.0,"enemies":"Small Slimes","floor":1.0,"turns":5.0},{"damage":7.0,"enemies":"Jaw Worm","floor":3.0,"turns":5.0},{"damage":0.0,"enemies":"2 Louse","floor":4.0,"turns":2.0},{"damage":19.0,"enemies":"3 Sentries","floor":7.0,"turns":4.0},{"damage":26.0,"enemies":"Lagavulin","floor":11.0,"turns":6.0},{"damage":25,"enemies":"3 Sentries","floor":13,"turns":3}],"seed_played":"2276483345178232530","potions_obtained":[{"floor":1.0,"key":"Swift Potion"},{"floor":3.0,"key":"Weak Potion"},{"floor":4.0,"key":"PowerPotion"}],"is_trial":false,"path_per_floor":["M","?","M","M","?","R","E","?","T","R","E","?","E"],"character_chosen":"THE_SILENT","items_purchased":[],"campfire_rested":1,"item_purchase_floors":[],"current_hp_per_floor":[59,59,52,52,32,32,13,13,13,32,6,22,0],"gold":225,"neow_bonus":"THREE_RARE_CARDS","is_prod":false,"is_daily":false,"chose_seed":false,"campfire_upgraded":1,"win_rate":0,"timestamp":1613964475,"path_taken":["M","?","M","M","?","R","E","?","T","R","E","?","E"],"build_version":"2020-12-22","purchased_purges":0,"victory":false,"max_hp_per_floor":[66,66,66,66,66,66,66,66,66,66,66,66,66],"card_choices":[{"not_picked":["Adrenaline","A Thousand Cuts"],"picked":"Corpse Explosion","floor":0.0},{"not_picked":["Distraction","Masterful Stab"],"picked":"Noxious Fumes","floor":1.0},{"not_picked":["Footwork","Deflect"],"picked":"Catalyst","floor":3.0},{"not_picked":["Blur","Underhanded Strike"],"picked":"Tactician","floor":4.0},{"not_picked":["A Thousand Cuts","Masterful Stab"],"picked":"Dash","floor":7.0},{"not_picked":["Acrobatics","Tactician"],"picked":"Catalyst","floor":11.0}],"player_experience":1299018,"relics_obtained":[{"floor":7.0,"key":"Tiny Chest"},{"floor":9.0,"key":"Lantern"},{"floor":11.0,"key":"Regal Pillow"}],"event_choices":[{"damage_healed":0.0,"max_hp_gain":0.0,"max_hp_loss":0.0,"gold_gain":0.0,"event_name":"Golden Idol","player_choice":"Take Wound","floor":2.0,"gold_loss":0.0,"damage_taken":0.0,"relics_obtained":["Golden Idol"],"cards_obtained":["Injury"]},{"damage_healed":0.0,"max_hp_gain":0.0,"max_hp_loss":0.0,"gold_gain":0.0,"event_name":"Shining Light","player_choice":"Entered Light","floor":5.0,"gold_loss":0.0,"damage_taken":20.0,"cards_upgraded":["Strike_G","Catalyst"]},{"damage_healed":0.0,"max_hp_gain":0.0,"max_hp_loss":0.0,"gold_gain":54.0,"event_name":"Golden Wing","player_choice":"Gained Gold","floor":8.0,"gold_loss":0.0,"damage_taken":0.0},{"damage_healed":16.0,"max_hp_gain":0.0,"max_hp_loss":0.0,"gold_gain":0.0,"event_name":"Mushrooms","player_choice":"Healed and dodged fight","floor":12.0,"gold_loss":0.0,"damage_taken":0.0,"cards_obtained":["Parasite"]}],"is_beta":false,"boss_relics":[],"items_purged_floors":[],"is_endless":false,"potions_floor_spawned":[1,3,4],"killed_by":"3 Sentries","ascension_level":15}