{"gold_per_floor":[214,232,248,259,277,303,303,320,390,407,407,418,446,459,459,459],"floor_reached":16,"playtime":547,"items_purged":[],"score":118,"play_id":"9d2c0f79-7bcf-4d40-87ce-db7c0b193efd","local_time":"20210301132948","is_ascension_mode":false,"campfire_choices":[{"data":"Sucker Punch","floor":7,"key":"SMITH"},{"data":"Glass Knife","floor":15,"key":"SMITH"}],"neow_cost":"NONE","seed_source_timestamp":1098750486316900,"circlet_count":0,"master_deck":["Strike_G","Strike_G","Strike_G","Strike_G","Strike_G","Defend_G","Defend_G","Defend_G","Defend_G","Defend_G","Survivor","Neutralize","PiercingWail","Dodge and Roll","Dagger Throw","Sucker Punch+1","Tactician","Glass Knife+1"],"relics":["Ring of the Snake","Paper Crane","Singing Bowl","Toy Ornithopter","Peace Pipe"],"potions_floor_usage":[5,6,13],"damage_taken":[{"damage":14,"enemies":"Jaw Worm","floor":1,"turns":5},{"damage":2,"enemies":"Cultist","floor":2,"turns":5},{"damage":4,"enemies":"2 Louse","floor":3,"turns":3},{"damage":10,"enemies":"Looter","floor":4,"turns":3},{"damage":3,"enemies":"Red Slaver","floor":5,"turns":4},{"damage":11,"enemies":"3 Sentries","floor":6,"turns":9},{"damage":5,"enemies":"Exordium Wildlife","floor":8,"turns":4},{"damage":2,"enemies":"2 Fungi Beasts","floor":10,"turns":4},{"damage":3,"enemies":"3 Louse","floor":12,"turns":2},{"damage":8,"enemies":"Gremlin Nob","floor":13,"turns":4},{"damage":7,"enemies":"Large Slime","floor":14,"turns":4},{"damage":20,"enemies":"Hexaghost","floor":16,"turns":7}],"seed_played":"742304457836339161","potions_obtained":[{"floor":1,"key":"Explosive Potion"},{"floor":5,"key":"Fruit Juice"},{"floor":10,"key":"Strength Potion"},{"floor":12,"key":"LiquidMemories"}],"is_trial":false,"path_per_floor":["M","M","M","M","M","E","R","M","T","M","?","M","E","M","R","B"],"character_chosen":"THE_SILENT","items_purchased":[],"campfire_rested":0,"item_purchase_floors":[],"current_hp_per_floor":[56,54,50,40,42,31,31,26,26,26,26,25,24,19,19,0],"gold":459,"neow_bonus":"HUNDRED_GOLD","is_prod":false,"is_daily":false,"chose_seed":false,"campfire_upgraded":2,"win_rate":0,"timestamp":1614623388,"path_taken":["M","M","M","M","M","E","R","M","T","M","?","M","E","M","R","BOSS"],"build_version":"2020-12-22","purchased_purges":0,"victory":false,"max_hp_per_floor":[70,70,70,70,75,75,75,75,75,77,77,79,81,83,83,83],"card_choices":[{"not_picked":["Distraction","Leg Sweep"],"picked":"PiercingWail","floor":1},{"not_picked":["Concentrate","Setup"],"picked":"Dodge and Roll","floor":2},{"not_picked":["Prepared","Backflip"],"picked":"Dagger Throw","floor":3},{"not_picked":["Outmaneuver","Dodge and Roll"],"picked":"Sucker Punch","floor":4},{"not_picked":["Dagger Throw","Concentrate","Sucker Punch"],"picked":"SKIP","floor":5},{"not_picked":["Deflect","Well Laid Plans"],"picked":"Tactician","floor":6},{"not_picked":["Masterful Stab","Blade Dance"],"picked":"Glass Knife","floor":8},{"not_picked":["Sucker Punch","Backflip","Acrobatics"],"picked":"Singing Bowl","floor":10},{"not_picked":["Sucker Punch","Backflip","Predator"],"picked":"Singing Bowl","floor":12},{"not_picked":["Blur","Bane","Deadly Poison"],"picked":"Singing Bowl","floor":13},{"not_picked":["Bouncing Flask","Riddle With Holes","Outmaneuver"],"picked":"Singing Bowl","floor":14}],"player_experience":1307152,"relics_obtained":[{"floor":6,"key":"Paper Crane"},{"floor":9,"key":"Singing Bowl"},{"floor":11,"key":"Toy Ornithopter"},{"floor":13,"key":"Peace Pipe"}],"event_choices":[{"damage_healed":0,"gold_gain":0,"player_choice":"Relic","damage_taken":0,"max_hp_gain":0,"max_hp_loss":0,"event_name":"Wheel of Change","floor":11,"gold_loss":0}],"is_beta":false,"boss_relics":[],"items_purged_floors":[],"is_endless":false,"potions_floor_spawned":[1,5,10,12],"killed_by":"Hexaghost","ascension_level":0}