{"gold_per_floor":[12,12,25,25,44,74,91,91,172,190,225,225,280,290,290,290],"floor_reached":16,"playtime":587,"items_purged":[],"score":202,"play_id":"f2c8dd35-2ab3-43d7-8478-01e20b1d53ec","local_time":"20210228005622","is_ascension_mode":true,"campfire_choices":[{"floor":8,"key":"REST"},{"data":"1","floor":15,"key":"LIFT"}],"neow_cost":"NO_GOLD","seed_source_timestamp":967089615171200,"circlet_count":0,"master_deck":["AscendersBane","Strike_G","Strike_G","Strike_G","Strike_G","Defend_G","Defend_G","Defend_G","Defend_G","Defend_G","Survivor","Neutralize","Choke","Eviscerate","Tactician","Flying Knee","Escape Plan","Die Die Die","Blade Dance","Parasite"],"relics":["Ring of the Snake","Peace Pipe","Singing Bowl","InkBottle","The Courier","HornCleat","Girya"],"potions_floor_usage":[6,7,11,13,16],"damage_taken":[{"damage":4,"enemies":"2 Louse","floor":1,"turns":3},{"damage":1,"enemies":"Jaw Worm","floor":3,"turns":3},{"damage":4,"enemies":"Small Slimes","floor":5,"turns":4},{"damage":45,"enemies":"Gremlin Nob","floor":6,"turns":6},{"damage":2,"enemies":"Exordium Wildlife","floor":7,"turns":4},{"damage":1,"enemies":"Looter","floor":10,"turns":4},{"damage":12,"enemies":"3 Sentries","floor":11,"turns":6},{"damage":25,"enemies":"Gremlin Nob","floor":13,"turns":6},{"damage":1,"enemies":"Red Slaver","floor":14,"turns":3},{"damage":7,"enemies":"Hexaghost","floor":16,"turns":4}],"seed_played":"7391423635507725049","potions_obtained":[{"floor":5,"key":"Ancient Potion"},{"floor":7,"key":"EntropicBrew"},{"floor":13,"key":"SkillPotion"}],"is_trial":false,"path_per_floor":["M","?","M","T","M","E","M","R","T","M","E","?","?","M","R","B"],"character_chosen":"THE_SILENT","items_purchased":[],"campfire_rested":1,"item_purchase_floors":[],"current_hp_per_floor":[55,55,54,54,50,5,5,25,25,24,12,29,6,7,7,0],"gold":290,"neow_bonus":"ONE_RARE_RELIC","is_prod":false,"is_daily":false,"chose_seed":false,"campfire_upgraded":0,"win_rate":0,"timestamp":1614491782,"path_taken":["M","?","M","?","M","E","M","R","T","M","E","?","?","M","R","BOSS"],"build_version":"2020-12-22","purchased_purges":0,"victory":false,"max_hp_per_floor":[66,66,66,66,66,66,68,68,68,68,68,68,70,72,72,72],"card_choices":[{"not_picked":["Dagger Throw","Blur"],"picked":"Choke","floor":1},{"not_picked":["Eviscerate","Flying Knee"],"picked":"Tactician","floor":3},{"not_picked":["Noxious Fumes","Dagger Spray"],"picked":"Flying Knee","floor":5},{"not_picked":["Deadly Poison","Slice"],"picked":"Escape Plan","floor":6},{"not_picked":["Dagger Spray","Riddle With Holes","Outmaneuver"],"picked":"Singing Bowl","floor":7},{"not_picked":["Bane","Poisoned Stab"],"picked":"Die Die Die","floor":10},{"not_picked":["Dash","Eviscerate"],"picked":"Blade Dance","floor":11},{"not_picked":["Choke","Backflip","PiercingWail"],"picked":"Singing Bowl","floor":13},{"not_picked":["Blade Dance","Leg Sweep","Blur"],"picked":"Singing Bowl","floor":14}],"player_experience":1305903,"relics_obtained":[{"floor":4,"key":"Singing Bowl"},{"floor":6,"key":"InkBottle"},{"floor":9,"key":"The Courier"},{"floor":11,"key":"HornCleat"},{"floor":13,"key":"Girya"}],"event_choices":[{"damage_healed":0,"gold_gain":0,"cards_transformed":["Strike_G"],"player_choice":"Change","damage_taken":0,"max_hp_gain":0,"max_hp_loss":0,"event_name":"Living Wall","floor":2,"gold_loss":0,"cards_obtained":["Eviscerate"]},{"damage_healed":17,"gold_gain":0,"player_choice":"Healed and dodged fight","damage_taken":0,"max_hp_gain":0,"max_hp_loss":0,"event_name":"Mushrooms","floor":12,"gold_loss":0,"cards_obtained":["Parasite"]},{"damage_healed":0,"gold_gain":0,"player_choice":"Searched \u00271\u0027 times","damage_taken":0,"max_hp_gain":0,"max_hp_loss":0,"event_name":"Dead Adventurer","floor":13,"gold_loss":0}],"is_beta":false,"boss_relics":[],"items_purged_floors":[],"is_endless":false,"potions_floor_spawned":[5,7,10,13],"killed_by":"Hexaghost","ascension_level":16}