{"gold_per_floor":[110,80,100,100,120,148,73,73,73,73,73,103,103,171,171,171],"floor_reached":16,"playtime":478,"items_purged":["Strike_G"],"score":191,"play_id":"1aadcd27-0ac9-45fa-b909-66325b46e934","local_time":"20210228010431","is_ascension_mode":true,"campfire_choices":[{"data":"Cloak And Dagger","floor":11,"key":"SMITH"},{"floor":13,"key":"REST"},{"data":"Accuracy","floor":15,"key":"SMITH"}],"neow_cost":"PERCENT_DAMAGE","seed_source_timestamp":967687386005900,"circlet_count":0,"master_deck":["AscendersBane","Strike_G","Strike_G","Defend_G","Defend_G","Defend_G","Defend_G","Defend_G","Survivor","Neutralize","Dagger Throw","Sucker Punch","Accuracy","Cloak And Dagger+1","Accuracy+1"],"relics":["Ring of the Snake","Kunai","Juzu Bracelet","Darkstone Periapt"],"potions_floor_usage":[6,6,6,6,16],"damage_taken":[{"damage":3,"enemies":"Small Slimes","floor":1,"turns":4},{"damage":0,"enemies":"Cultist","floor":3,"turns":3},{"damage":0,"enemies":"2 Louse","floor":5,"turns":3},{"damage":12,"enemies":"Gremlin Nob","floor":6,"turns":3},{"damage":33,"enemies":"3 Sentries","floor":12,"turns":16},{"damage":31,"enemies":"Hexaghost","floor":16,"turns":12}],"seed_played":"3197923075355226907","potions_obtained":[{"floor":2,"key":"Weak Potion"},{"floor":2,"key":"EntropicBrew"},{"floor":12,"key":"AttackPotion"}],"is_trial":false,"path_per_floor":["M","?","M","?","M","E","$","?","T","$","R","E","R","T","R","B"],"character_chosen":"THE_SILENT","items_purchased":[],"campfire_rested":1,"item_purchase_floors":[],"current_hp_per_floor":[53,53,53,46,46,34,34,34,34,34,34,1,24,24,24,0],"gold":171,"neow_bonus":"TWENTY_PERCENT_HP_BONUS","is_prod":false,"is_daily":false,"chose_seed":false,"campfire_upgraded":2,"win_rate":0,"timestamp":1614492271,"path_taken":["M","?","?","?","M","E","$","?","T","$","R","E","R","?","R","BOSS"],"build_version":"2020-12-22","purchased_purges":1,"victory":false,"max_hp_per_floor":[78,78,78,78,78,78,78,78,78,78,78,78,78,78,78,78],"card_choices":[{"not_picked":["Cloak And Dagger","Slice"],"picked":"Dagger Throw","floor":1},{"not_picked":["Blade Dance","Deflect"],"picked":"Sucker Punch","floor":3},{"not_picked":["Calculated Gamble","Cloak And Dagger"],"picked":"Accuracy","floor":5},{"not_picked":["Concentrate","Deadly Poison","Distraction"],"picked":"SKIP","floor":6},{"not_picked":["Sucker Punch","Acrobatics"],"picked":"Accuracy","floor":12}],"player_experience":1306490,"relics_obtained":[{"floor":6,"key":"Kunai"},{"floor":12,"key":"Juzu Bracelet"},{"floor":14,"key":"Darkstone Periapt"}],"event_choices":[{"damage_healed":0,"gold_gain":0,"player_choice":"Bought 2 Potions","damage_taken":0,"max_hp_gain":0,"max_hp_loss":0,"event_name":"The Woman in Blue","floor":2,"gold_loss":0},{"cards_removed":["Strike_G"],"damage_healed":0,"gold_gain":0,"player_choice":"Card Removal","damage_taken":7,"max_hp_gain":0,"max_hp_loss":0,"event_name":"Golden Wing","floor":4,"gold_loss":0},{"damage_healed":0,"gold_gain":0,"cards_transformed":["Strike_G"],"player_choice":"Change","damage_taken":0,"max_hp_gain":0,"max_hp_loss":0,"event_name":"Living Wall","floor":8,"gold_loss":0,"cards_obtained":["Cloak And Dagger"]}],"is_beta":false,"boss_relics":[],"items_purged_floors":[7],"is_endless":false,"potions_floor_spawned":[12],"killed_by":"Hexaghost","ascension_level":16}