{"gold_per_floor":[115,95,111,124,124,124,156,156,156,191,201,216,231,64,64,138,138,149,161,161,31,42,68,68,68],"floor_reached":25,"playtime":922,"items_purged":["Pain"],"score":419,"play_id":"b1cde1ce-7b54-475b-82c1-f47ed2f4b7a4","local_time":"20210313204644","is_ascension_mode":true,"campfire_choices":[{"data":"Dash","floor":6,"key":"SMITH"},{"data":"Blade Dance","floor":8,"key":"SMITH"},{"data":"After Image","floor":15,"key":"SMITH"},{"data":"Blade Dance","floor":24,"key":"SMITH"}],"neow_cost":"NONE","seed_source_timestamp":241445462571900,"circlet_count":0,"master_deck":["AscendersBane","Strike_G","Strike_G","Strike_G","Strike_G","Strike_G","Defend_G","Defend_G","Defend_G","Defend_G","Defend_G","Survivor","Neutralize","Eviscerate","Calculated Gamble","Dash+1","Blade Dance+1","Heel Hook","All Out Attack","After Image+1","Adrenaline","Dodge and Roll","Blade Dance+1"],"relics":["Ring of the Snake","NeowsBlessing","Eternal Feather","Kunai","Snake Skull","Tiny Chest","SacredBark","WarpedTongs","Meat on the Bone"],"potions_floor_usage":[7,16,16,19,25,25],"damage_taken":[{"damage":0,"enemies":"Jaw Worm","floor":1,"turns":1},{"damage":0,"enemies":"Cultist","floor":3,"turns":1},{"damage":0,"enemies":"2 Louse","floor":4,"turns":1},{"damage":8,"enemies":"Lagavulin","floor":7,"turns":6},{"damage":24,"enemies":"Gremlin Nob","floor":10,"turns":4},{"damage":1,"enemies":"Exordium Thugs","floor":11,"turns":3},{"damage":0,"enemies":"2 Fungi Beasts","floor":12,"turns":1},{"damage":0,"enemies":"Blue Slaver","floor":13,"turns":2},{"damage":9,"enemies":"Hexaghost","floor":16,"turns":11},{"damage":0,"enemies":"3 Byrds","floor":18,"turns":6},{"damage":7,"enemies":"2 Thieves","floor":19,"turns":3},{"damage":0,"enemies":"Chosen and Byrds","floor":22,"turns":7},{"damage":11,"enemies":"Book of Stabbing","floor":23,"turns":8},{"damage":81,"enemies":"Gremlin Leader","floor":25,"turns":11}],"seed_played":"-6637715554519717365","potions_obtained":[{"floor":1,"key":"LiquidBronze"},{"floor":2,"key":"BlessingOfTheForge"},{"floor":10,"key":"SkillPotion"},{"floor":16,"key":"Regen Potion"},{"floor":18,"key":"Explosive Potion"},{"floor":23,"key":"Explosive Potion"}],"is_trial":false,"path_per_floor":["M","?","M","M","T","R","E","R","T","E","M","M","M","$","R","B",null,"M","M","?","$","M","E","R","E"],"character_chosen":"THE_SILENT","items_purchased":["After Image","Blade Dance"],"campfire_rested":0,"item_purchase_floors":[14,21],"current_hp_per_floor":[59,59,59,59,59,66,58,66,66,42,41,41,41,41,53,44,61,61,54,54,54,54,43,55,0],"gold":68,"neow_bonus":"THREE_ENEMY_KILL","is_prod":false,"is_daily":false,"chose_seed":false,"campfire_upgraded":4,"win_rate":0,"timestamp":1615686404,"path_taken":["M","?","M","?","?","R","E","R","T","E","M","M","?","$","R","BOSS","M","M","?","?","M","E","R","E"],"build_version":"2020-12-22","purchased_purges":1,"victory":false,"max_hp_per_floor":[66,66,66,66,66,66,66,66,66,66,66,66,66,66,66,66,66,66,66,66,66,66,66,66,66],"card_choices":[{"not_picked":["Heel Hook","Dodge and Roll"],"picked":"Eviscerate","floor":1},{"not_picked":["Outmaneuver","Leg Sweep"],"picked":"Calculated Gamble","floor":3},{"not_picked":["Bane","Backflip"],"picked":"Dash","floor":4},{"not_picked":["Eviscerate","Blur"],"picked":"Blade Dance","floor":7},{"not_picked":["Predator","Deflect"],"picked":"Heel Hook","floor":10},{"not_picked":["PiercingWail","Deadly Poison","Grand Finale"],"picked":"SKIP","floor":11},{"not_picked":["Quick Slash","Flying Knee","Dash"],"picked":"SKIP","floor":12},{"not_picked":["Catalyst","Quick Slash"],"picked":"All Out Attack","floor":13},{"not_picked":["Grand Finale","Wraith Form v2"],"picked":"Adrenaline","floor":16},{"not_picked":["Heel Hook","Poisoned Stab"],"picked":"Dodge and Roll","floor":18},{"not_picked":["PiercingWail","Dodge and Roll","Prepared"],"picked":"SKIP","floor":19},{"not_picked":["Dodge and Roll","Masterful Stab","Outmaneuver"],"picked":"SKIP","floor":22},{"not_picked":["Dodge and Roll","Caltrops","Deflect"],"picked":"SKIP","floor":23}],"player_experience":1319836,"relics_obtained":[{"floor":5,"key":"Eternal Feather"},{"floor":7,"key":"Kunai"},{"floor":9,"key":"Snake Skull"},{"floor":10,"key":"Tiny Chest"},{"floor":23,"key":"Meat on the Bone"}],"event_choices":[{"damage_healed":0,"gold_gain":0,"player_choice":"Bought 1 Potion","damage_taken":0,"max_hp_gain":0,"max_hp_loss":0,"event_name":"The Woman in Blue","floor":2,"gold_loss":0},{"damage_healed":0,"gold_gain":0,"player_choice":"Rummage","damage_taken":0,"relics_obtained":["WarpedTongs"],"max_hp_gain":0,"max_hp_loss":0,"event_name":"Accursed Blacksmith","floor":20,"gold_loss":0,"cards_obtained":["Pain"]}],"is_beta":false,"boss_relics":[{"not_picked":["Tiny House","Velvet Choker"],"picked":"SacredBark"}],"items_purged_floors":[21],"is_endless":false,"potions_floor_spawned":[1,4,10,16,18,23],"killed_by":"Gremlin Leader","ascension_level":16}