{"gold_per_floor":[15,15,26,26,26,26,60,60,111,111,132,132,168,181,181,274,274,290,290,313,337,337,337,381,381,407,407,407],"floor_reached":28,"playtime":1072,"items_purged":[],"score":443,"play_id":"6c45725d-9528-4e07-a368-7272a02b748f","local_time":"20210308145505","is_ascension_mode":true,"campfire_choices":[{"floor":6,"key":"REST"},{"data":"Skewer","floor":8,"key":"SMITH"},{"floor":15,"key":"REST"},{"floor":23,"key":"REST"}],"neow_cost":"NO_GOLD","seed_source_timestamp":1708157844777600,"circlet_count":0,"master_deck":["AscendersBane","Strike_G","Strike_G","Strike_G","Defend_G","Defend_G","Defend_G","Defend_G","Survivor+1","Neutralize","Storm of Steel+1","Terror+1","Infinite Blades","Skewer+1","Escape Plan+1","Backstab","Adrenaline","Acrobatics+1","Backstab","Envenom","Backstab","Necronomicurse"],"relics":["Ring of the Serpent","Golden Idol","Gambling Chip","War Paint","Du-Vu Doll","Sundial","TungstenRod","Necronomicon","Omamori","Shovel"],"potions_floor_usage":[7,16,19,24],"damage_taken":[{"damage":0,"enemies":"2 Louse","floor":1,"turns":2},{"damage":0,"enemies":"Cultist","floor":3,"turns":3},{"damage":9,"enemies":"Lagavulin","floor":7,"turns":5},{"damage":1,"enemies":"Small Slimes","floor":11,"turns":2},{"damage":18,"enemies":"Gremlin Nob","floor":13,"turns":3},{"damage":0,"enemies":"Looter","floor":14,"turns":1},{"damage":20,"enemies":"The Guardian","floor":16,"turns":7},{"damage":11,"enemies":"Spheric Guardian","floor":18,"turns":3},{"damage":0,"enemies":"2 Thieves","floor":19,"turns":1},{"damage":30,"enemies":"Centurion and Healer","floor":20,"turns":5},{"damage":8,"enemies":"Cultist and Chosen","floor":21,"turns":3},{"damage":9,"enemies":"Book of Stabbing","floor":24,"turns":4},{"damage":13,"enemies":"Slavers","floor":28,"turns":1}],"seed_played":"7713820011353608074","potions_obtained":[{"floor":3,"key":"SteroidPotion"},{"floor":7,"key":"SmokeBomb"},{"floor":13,"key":"FearPotion"},{"floor":21,"key":"GhostInAJar"}],"is_trial":false,"path_per_floor":["M","?","M","?","?","R","E","R","T","?","M","T","E","M","R","B",null,"M","M","M","M","?","R","E","?","T","?","E"],"character_chosen":"THE_SILENT","items_purchased":[],"campfire_rested":3,"item_purchase_floors":[],"current_hp_per_floor":[59,59,59,39,39,58,49,49,49,42,41,41,23,23,42,22,55,44,44,14,6,19,38,29,12,12,12,0],"gold":407,"neow_bonus":"TRANSFORM_TWO_CARDS","is_prod":false,"is_daily":false,"chose_seed":false,"campfire_upgraded":1,"win_rate":0,"timestamp":1615233305,"path_taken":["M","?","?","?","?","R","E","R","T","?","M","?","E","?","R","BOSS","M","M","?","M","?","R","E","?","T","?","E"],"build_version":"2020-12-22","purchased_purges":0,"victory":false,"max_hp_per_floor":[66,66,66,66,66,66,66,66,66,66,66,66,66,66,66,66,66,66,66,66,66,66,66,66,66,66,66,66],"card_choices":[{"not_picked":["Outmaneuver","Calculated Gamble"],"picked":"Terror","floor":1},{"not_picked":["Quick Slash","Underhanded Strike"],"picked":"Skewer","floor":3},{"not_picked":["Burst","Quick Slash"],"picked":"Escape Plan","floor":7},{"not_picked":["Sucker Punch","Bane","Poisoned Stab"],"picked":"SKIP","floor":11},{"not_picked":["Heel Hook","Prepared"],"picked":"Backstab","floor":13},{"not_picked":["Eviscerate","Prepared","Slice"],"picked":"SKIP","floor":14},{"not_picked":["Phantasmal Killer","Wraith Form v2"],"picked":"Adrenaline","floor":16},{"not_picked":["Deflect","Prepared"],"picked":"Acrobatics+1","floor":18},{"not_picked":["Outmaneuver","Distraction"],"picked":"Backstab","floor":20},{"not_picked":["PiercingWail","Slice"],"picked":"Envenom","floor":21},{"not_picked":["Slice","Predator"],"picked":"Backstab","floor":24}],"player_experience":1308269,"relics_obtained":[{"floor":7,"key":"Gambling Chip"},{"floor":9,"key":"War Paint"},{"floor":12,"key":"Du-Vu Doll"},{"floor":13,"key":"Sundial"},{"floor":24,"key":"TungstenRod"},{"floor":25,"key":"Necronomicon"},{"floor":26,"key":"Omamori"}],"event_choices":[{"damage_healed":0,"gold_gain":0,"cards_transformed":["Strike_G"],"player_choice":"Transformed","damage_taken":0,"max_hp_gain":0,"max_hp_loss":0,"event_name":"Transmorgrifier","floor":2,"gold_loss":0,"cards_obtained":["Infinite Blades"]},{"damage_healed":0,"gold_gain":0,"player_choice":"Entered Light","damage_taken":20,"max_hp_gain":0,"max_hp_loss":0,"event_name":"Shining Light","floor":4,"gold_loss":0,"cards_upgraded":["Storm of Steel","Survivor"]},{"damage_healed":0,"gold_gain":0,"player_choice":"Take Wound","damage_taken":0,"relics_obtained":["Golden Idol"],"max_hp_gain":0,"max_hp_loss":0,"event_name":"Golden Idol","floor":5,"gold_loss":0,"cards_obtained":["Injury"]},{"cards_removed":["Injury"],"damage_healed":0,"gold_gain":0,"player_choice":"Card Removal","damage_taken":7,"max_hp_gain":0,"max_hp_loss":0,"event_name":"Golden Wing","floor":10,"gold_loss":0},{"damage_healed":13,"gold_gain":0,"player_choice":"Heal","damage_taken":0,"max_hp_gain":0,"max_hp_loss":0,"event_name":"The Library","floor":22,"gold_loss":0},{"damage_healed":0,"gold_gain":0,"player_choice":"Obtained Book","damage_taken":21,"max_hp_gain":0,"max_hp_loss":0,"event_name":"Cursed Tome","floor":25,"gold_loss":0},{"cards_removed":["Dagger Throw"],"damage_healed":0,"gold_gain":0,"player_choice":"Gave Card","damage_taken":0,"relics_obtained":["Shovel"],"max_hp_gain":0,"max_hp_loss":0,"event_name":"WeMeetAgain","floor":27,"gold_loss":0}],"is_beta":false,"boss_relics":[{"not_picked":["SacredBark","Pandora\u0027s Box"],"picked":"Ring of the Serpent"}],"items_purged_floors":[],"is_endless":false,"potions_floor_spawned":[3,7,13,19,21],"killed_by":"Slavers","ascension_level":16}