{"gold_per_floor":[115,35,51,51,51,81,101,101,127,143,143,195,195,208,208,208],"floor_reached":16,"playtime":570,"items_purged":[],"score":198,"play_id":"fd9ef0fd-76e0-4814-bbed-a0ecb8b697e9","local_time":"20210307210923","is_ascension_mode":true,"campfire_choices":[{"data":"Unload","floor":11,"key":"SMITH"},{"floor":15,"key":"REST"}],"neow_cost":"CURSE","seed_source_timestamp":1644715182462500,"circlet_count":0,"master_deck":["AscendersBane","Strike_G","Strike_G","Strike_G","Strike_G","Defend_G","Defend_G","Defend_G","Defend_G","Defend_G","Survivor","Neutralize","Dagger Spray","Unload+1","Acrobatics","Tactician","Leg Sweep","PiercingWail","Setup","Masterful Stab","Underhanded Strike"],"relics":["Ring of the Snake","Dream Catcher","Bag of Marbles","Lantern","Matryoshka"],"potions_floor_usage":[12,12],"damage_taken":[{"damage":1,"enemies":"2 Louse","floor":1,"turns":3},{"damage":2,"enemies":"Jaw Worm","floor":3,"turns":4},{"damage":27,"enemies":"3 Sentries","floor":6,"turns":9},{"damage":2,"enemies":"Small Slimes","floor":7,"turns":3},{"damage":7,"enemies":"Exordium Wildlife","floor":10,"turns":6},{"damage":24,"enemies":"Lagavulin","floor":12,"turns":9},{"damage":3,"enemies":"Blue Slaver","floor":14,"turns":4},{"damage":30,"enemies":"Slime Boss","floor":16,"turns":5}],"seed_played":"6443888255023826117","potions_obtained":[{"floor":6,"key":"Poison Potion"},{"floor":10,"key":"ColorlessPotion"}],"is_trial":false,"path_per_floor":["M","$","M","?","?","E","M","?","T","M","R","E","?","M","R","B"],"character_chosen":"THE_SILENT","items_purchased":["Unload"],"campfire_rested":1,"item_purchase_floors":[2],"current_hp_per_floor":[70,70,68,61,61,34,32,58,58,51,51,27,9,6,29,0],"gold":208,"neow_bonus":"TWENTY_PERCENT_HP_BONUS","is_prod":false,"is_daily":false,"chose_seed":false,"campfire_upgraded":1,"win_rate":0,"timestamp":1615169363,"path_taken":["M","$","M","?","?","E","M","?","T","?","R","E","?","M","R","BOSS"],"build_version":"2020-12-22","purchased_purges":0,"victory":false,"max_hp_per_floor":[78,78,78,78,78,78,78,78,78,78,78,78,78,78,78,78],"card_choices":[{"not_picked":["Endless Agony","Acrobatics"],"picked":"Dagger Spray","floor":1},{"not_picked":["Sucker Punch","Dodge and Roll"],"picked":"Acrobatics","floor":3},{"not_picked":["Calculated Gamble","Dodge and Roll"],"picked":"Leg Sweep","floor":6},{"not_picked":["Crippling Poison","Catalyst"],"picked":"PiercingWail","floor":7},{"not_picked":["Bane","Well Laid Plans"],"picked":"Setup","floor":10},{"not_picked":["Doppelganger","Caltrops"],"picked":"Masterful Stab","floor":12},{"not_picked":["Dagger Spray","Blade Dance"],"picked":"Underhanded Strike","floor":14}],"player_experience":1307699,"relics_obtained":[{"floor":6,"key":"Dream Catcher"},{"floor":9,"key":"Bag of Marbles"},{"floor":12,"key":"Lantern"}],"event_choices":[{"cards_removed":["Doubt"],"damage_healed":0,"gold_gain":0,"player_choice":"Card Removal","damage_taken":7,"max_hp_gain":0,"max_hp_loss":0,"event_name":"Golden Wing","floor":4,"gold_loss":0},{"damage_healed":0,"gold_gain":0,"cards_transformed":["Strike_G"],"player_choice":"Change","damage_taken":0,"max_hp_gain":0,"max_hp_loss":0,"event_name":"Living Wall","floor":5,"gold_loss":0,"cards_obtained":["Tactician"]},{"damage_healed":26,"gold_gain":0,"player_choice":"Banana","damage_taken":0,"max_hp_gain":0,"max_hp_loss":0,"event_name":"Big Fish","floor":8,"gold_loss":0},{"damage_healed":0,"gold_gain":0,"player_choice":"Success","damage_taken":18,"relics_obtained":["Matryoshka"],"max_hp_gain":0,"max_hp_loss":0,"event_name":"Scrap Ooze","floor":13,"gold_loss":0}],"is_beta":false,"boss_relics":[],"items_purged_floors":[],"is_endless":false,"potions_floor_spawned":[6,10],"killed_by":"Slime Boss","ascension_level":16}