{"gold_per_floor":[115,190,18,88,107,107,138,138,138,138,169,169,27,42,42,42],"floor_reached":16,"playtime":330,"items_purged":[],"score":236,"play_id":"f913610f-c32e-42a8-b38e-5d4fd6f6433e","local_time":"20210312232952","is_ascension_mode":true,"campfire_choices":[{"data":"Neutralize","floor":6.0,"key":"SMITH"},{"data":"Underhanded Strike","floor":8.0,"key":"SMITH"},{"data":"Survivor","floor":12.0,"key":"SMITH"},{"data":"Bandage Up","floor":15,"key":"SMITH"}],"neow_cost":"NONE","seed_source_timestamp":0,"circlet_count":0,"master_deck":["AscendersBane","Strike_G+1","Strike_G","Strike_G","Strike_G","Strike_G","Defend_G+1","Defend_G","Defend_G","Defend_G","Defend_G","Survivor+1","Neutralize+1","Underhanded Strike+1","Masterful Stab","Masterful Stab","Acrobatics","Tactician","Bandage Up+1","Concentrate"],"special_seed":0,"relics":["Ring of the Snake","NeowsBlessing","ClockworkSouvenir","The Specimen","Ginger","Tingsha"],"potions_floor_usage":[16,16],"damage_taken":[{"damage":0.0,"enemies":"Jaw Worm","floor":1.0,"turns":1.0},{"damage":0.0,"enemies":"Small Slimes","floor":5.0,"turns":1.0},{"damage":0.0,"enemies":"3 Sentries","floor":7.0,"turns":2.0},{"damage":16.0,"enemies":"Lagavulin","floor":11.0,"turns":7.0},{"damage":0.0,"enemies":"2 Louse","floor":14.0,"turns":2.0},{"damage":19,"enemies":"Hexaghost","floor":16,"turns":9}],"seed_played":"-281152256171931133","potions_obtained":[{"floor":1.0,"key":"Weak Potion"},{"floor":7.0,"key":"Swift Potion"},{"floor":11.0,"key":"DuplicationPotion"},{"floor":14.0,"key":"SteroidPotion"}],"is_trial":false,"path_per_floor":["M","?","$","?","M","R","E","R","T","?","E","R","$","M","R","B"],"character_chosen":"THE_SILENT","items_purchased":["ClockworkSouvenir","Tactician","Bandage Up"],"campfire_rested":0,"item_purchase_floors":[3,13,13],"current_hp_per_floor":[59,48,48,48,48,48,48,48,48,28,12,12,12,12,12,0],"gold":42,"neow_bonus":"THREE_ENEMY_KILL","is_prod":false,"is_daily":false,"chose_seed":false,"campfire_upgraded":4,"win_rate":0,"timestamp":1615609792,"path_taken":["M","?","$","?","M","R","E","R","T","?","E","R","?","M","R","BOSS"],"build_version":"2020-12-22","purchased_purges":0,"victory":false,"max_hp_per_floor":[66,66,66,66,66,66,66,66,66,66,66,66,66,66,66,66],"card_choices":[{"not_picked":["Reflex","Prepared"],"picked":"Underhanded Strike","floor":1.0},{"not_picked":["Riddle With Holes","Deadly Poison"],"picked":"Masterful Stab","floor":5.0},{"not_picked":["Choke","Finisher"],"picked":"Masterful Stab","floor":7.0},{"not_picked":["Deflect","Phantasmal Killer"],"picked":"Acrobatics","floor":11.0},{"not_picked":["Dodge and Roll","Deflect"],"picked":"Concentrate","floor":14.0}],"player_experience":1309949,"relics_obtained":[{"floor":7.0,"key":"The Specimen"},{"floor":9.0,"key":"Ginger"},{"floor":11.0,"key":"Tingsha"}],"event_choices":[{"damage_healed":0.0,"max_hp_gain":0.0,"max_hp_loss":0.0,"gold_gain":75.0,"event_name":"World of Goop","player_choice":"Gather Gold","floor":2.0,"gold_loss":0.0,"damage_taken":11.0},{"damage_healed":0.0,"max_hp_gain":0.0,"max_hp_loss":0.0,"gold_gain":70.0,"event_name":"Golden Wing","player_choice":"Gained Gold","floor":4.0,"gold_loss":0.0,"damage_taken":0.0},{"damage_healed":0.0,"max_hp_gain":0.0,"max_hp_loss":0.0,"gold_gain":0.0,"event_name":"Shining Light","player_choice":"Entered Light","floor":10.0,"gold_loss":0.0,"damage_taken":20.0,"cards_upgraded":["Strike_G","Defend_G"]}],"is_beta":false,"boss_relics":[],"items_purged_floors":[],"is_endless":false,"potions_floor_spawned":[1,7,11,14],"killed_by":"Hexaghost","ascension_level":16}