{"gold_per_floor":[118,118,130,55,55,85,50,50,74,107,117,175,203,217,217,291,291,305,305,324,374,374,374],"floor_reached":23,"playtime":809,"items_purged":["Pain"],"score":463,"play_id":"be5c18ae-5fa7-437c-8767-e17425945f57","local_time":"20210317001010","is_ascension_mode":true,"campfire_choices":[{"data":"Bane","floor":8,"key":"SMITH"},{"data":"Noxious Fumes","floor":15,"key":"SMITH"}],"neow_cost":"NONE","seed_source_timestamp":509364528892000,"circlet_count":0,"master_deck":["AscendersBane","Strike_G","Strike_G","Strike_G","Defend_G","Defend_G","Defend_G","Defend_G","Defend_G","Survivor","Neutralize","Noxious Fumes","Bane+1","Unload","Sucker Punch","Noxious Fumes+1","Dodge and Roll","Heel Hook","Escape Plan","CurseOfTheBell","Underhanded Strike+1","Noxious Fumes+1","Deadly Poison","Flechettes","Well Laid Plans"],"relics":["Ring of the Snake","NeowsBlessing","WarpedTongs","Prayer Wheel","Potion Belt","Akabeko","Ancient Tea Set","Bronze Scales","Darkstone Periapt","Calling Bell","Regal Pillow","Kunai","Ginger"],"potions_floor_usage":[10,12,16,18],"damage_taken":[{"damage":0,"enemies":"2 Louse","floor":1,"turns":1},{"damage":0,"enemies":"Cultist","floor":3,"turns":1},{"damage":0,"enemies":"Lagavulin","floor":6,"turns":2},{"damage":0,"enemies":"Gremlin Nob","floor":10,"turns":3},{"damage":0,"enemies":"Jaw Worm","floor":11,"turns":3},{"damage":7,"enemies":"3 Sentries","floor":12,"turns":6},{"damage":7,"enemies":"Lagavulin","floor":13,"turns":6},{"damage":8,"enemies":"Large Slime","floor":14,"turns":5},{"damage":18,"enemies":"Hexaghost","floor":16,"turns":10},{"damage":22,"enemies":"2 Thieves","floor":18,"turns":4},{"damage":21,"enemies":"Spheric Guardian","floor":20,"turns":5},{"damage":19,"enemies":"Book of Stabbing","floor":23,"turns":3}],"seed_played":"-2126591765536629606","potions_obtained":[{"floor":3,"key":"SkillPotion"},{"floor":10,"key":"SpeedPotion"},{"floor":11,"key":"AttackPotion"},{"floor":14,"key":"Fire Potion"},{"floor":16,"key":"Weak Potion"}],"is_trial":false,"path_per_floor":["M","?","M","$","?","E","?","R","T","E","M","?","E","M","R","B",null,"M","?","M","?","?","E"],"character_chosen":"THE_SILENT","items_purchased":[],"campfire_rested":0,"item_purchase_floors":[],"current_hp_per_floor":[59,59,59,59,33,33,49,49,49,49,49,42,35,27,27,9,58,36,36,15,15,15,0],"gold":374,"neow_bonus":"THREE_ENEMY_KILL","is_prod":false,"is_daily":false,"chose_seed":false,"campfire_upgraded":2,"win_rate":0,"timestamp":1615954210,"path_taken":["M","?","?","$","?","E","?","R","T","E","M","?","E","M","R","BOSS","M","?","?","?","?","E"],"build_version":"2020-12-22","purchased_purges":1,"victory":false,"max_hp_per_floor":[66,66,66,66,66,66,66,66,66,66,66,66,66,66,66,66,72,72,72,72,72,72,72],"card_choices":[{"not_picked":["Sucker Punch","Blade Dance"],"picked":"Noxious Fumes","floor":1},{"not_picked":["Slice","Poisoned Stab"],"picked":"Bane","floor":3},{"not_picked":["Terror","Expertise"],"picked":"Unload","floor":6},{"not_picked":["Acrobatics","Cloak And Dagger"],"picked":"Sucker Punch","floor":10},{"not_picked":["Blade Dance","Flying Knee"],"picked":"Noxious Fumes","floor":11},{"not_picked":["Sucker Punch","Acrobatics","Unload"],"picked":"SKIP","floor":11},{"not_picked":["Flying Knee","Flechettes"],"picked":"Dodge and Roll","floor":12},{"not_picked":["Flying Knee","Dagger Spray"],"picked":"Heel Hook","floor":13},{"not_picked":["Flying Knee","Flechettes"],"picked":"Escape Plan","floor":14},{"not_picked":["Poisoned Stab","Underhanded Strike","Dagger Spray"],"picked":"SKIP","floor":14},{"not_picked":["Dagger Throw","Riddle With Holes"],"picked":"Underhanded Strike+1","floor":18},{"not_picked":["Dagger Spray","PiercingWail+1","Accuracy"],"picked":"SKIP","floor":18},{"not_picked":["Heel Hook","Dagger Spray"],"picked":"Deadly Poison","floor":20},{"not_picked":["Acrobatics","Storm of Steel","Bane"],"picked":"SKIP","floor":20}],"player_experience":1321167,"relics_obtained":[{"floor":6,"key":"Potion Belt"},{"floor":9,"key":"Akabeko"},{"floor":10,"key":"Ancient Tea Set"},{"floor":12,"key":"Bronze Scales"},{"floor":13,"key":"Darkstone Periapt"},{"floor":17,"key":"Regal Pillow"},{"floor":17,"key":"Kunai"},{"floor":17,"key":"Ginger"}],"event_choices":[{"damage_healed":0,"gold_gain":0,"player_choice":"Rummage","damage_taken":0,"relics_obtained":["WarpedTongs"],"max_hp_gain":0,"max_hp_loss":0,"event_name":"Accursed Blacksmith","floor":2,"gold_loss":0,"cards_obtained":["Pain"]},{"damage_healed":0,"gold_gain":0,"player_choice":"Success","damage_taken":26,"relics_obtained":["Prayer Wheel"],"max_hp_gain":0,"max_hp_loss":0,"event_name":"Scrap Ooze","floor":5,"gold_loss":0},{"damage_healed":16,"gold_gain":0,"player_choice":"Healed","damage_taken":0,"max_hp_gain":0,"max_hp_loss":0,"event_name":"The Cleric","floor":7,"gold_loss":35},{"damage_healed":0,"gold_gain":30,"player_choice":"Searched \u00272\u0027 times","damage_taken":0,"max_hp_gain":0,"max_hp_loss":0,"event_name":"Dead Adventurer","floor":12,"gold_loss":0},{"damage_healed":0,"gold_gain":0,"player_choice":"Copied","damage_taken":0,"max_hp_gain":0,"max_hp_loss":0,"event_name":"Duplicator","floor":19,"gold_loss":0,"cards_obtained":["Noxious Fumes"]},{"damage_healed":0,"gold_gain":50,"player_choice":"Stole From Cult","damage_taken":0,"max_hp_gain":0,"max_hp_loss":0,"event_name":"Nest","floor":21,"gold_loss":0},{"damage_healed":0,"gold_gain":0,"cards_transformed":["Strike_G","Strike_G"],"player_choice":"Became Test Subject","damage_taken":0,"max_hp_gain":0,"max_hp_loss":0,"event_name":"Drug Dealer","floor":22,"gold_loss":0,"cards_obtained":["Flechettes","Well Laid Plans"]}],"is_beta":false,"boss_relics":[{"not_picked":["Astrolabe","Runic Pyramid"],"picked":"Calling Bell"}],"items_purged_floors":[4],"is_endless":false,"potions_floor_spawned":[3,10,11,14,16],"killed_by":"Book of Stabbing","ascension_level":16}