{"gold_per_floor":[119,119,119,129,148,176,176,203,203,203,238,256,270,6,6,6],"floor_reached":16,"playtime":643,"items_purged":[],"score":216,"play_id":"431fb557-a23d-4953-9e0b-09b035e9658e","local_time":"20210313003318","is_ascension_mode":true,"campfire_choices":[{"floor":7,"key":"REST"},{"floor":10,"key":"REST"},{"floor":15,"key":"REST"}],"neow_cost":"NONE","seed_source_timestamp":168920919544500,"circlet_count":0,"master_deck":["AscendersBane","Strike_G","Strike_G","Strike_G","Strike_G","Defend_G","Defend_G","Defend_G","Defend_G","Defend_G+1","Survivor","Neutralize+1","Dash","Crippling Poison","Heel Hook","Acrobatics","Adrenaline","Flechettes","All Out Attack","Reflex","Escape Plan"],"relics":["Ring of the Snake","NeowsBlessing","Letter Opener","The Courier","Bottled Lightning","CaptainsWheel","Pantograph"],"potions_floor_usage":[6,8],"damage_taken":[{"damage":0,"enemies":"Cultist","floor":1,"turns":1},{"damage":0,"enemies":"2 Louse","floor":4,"turns":1},{"damage":0,"enemies":"Small Slimes","floor":5,"turns":1},{"damage":30,"enemies":"3 Sentries","floor":6,"turns":14},{"damage":21,"enemies":"Gremlin Nob","floor":8,"turns":6},{"damage":20,"enemies":"Lagavulin","floor":11,"turns":10},{"damage":0,"enemies":"2 Fungi Beasts","floor":12,"turns":3},{"damage":0,"enemies":"Looter","floor":13,"turns":3},{"damage":56,"enemies":"Slime Boss","floor":16,"turns":15}],"seed_played":"3661680005443948694","potions_obtained":[{"floor":1,"key":"ColorlessPotion"},{"floor":6,"key":"SteroidPotion"}],"is_trial":false,"path_per_floor":["M","?","?","M","M","E","R","E","T","R","E","M","M","$","R","B"],"character_chosen":"THE_SILENT","items_purchased":["Escape Plan","Pantograph"],"campfire_rested":3,"item_purchase_floors":[14,14],"current_hp_per_floor":[59,39,39,39,39,9,28,7,7,26,6,6,6,6,25,0],"gold":6,"neow_bonus":"THREE_ENEMY_KILL","is_prod":false,"is_daily":false,"chose_seed":false,"campfire_upgraded":0,"win_rate":0,"timestamp":1615613598,"path_taken":["M","?","?","M","M","E","R","E","T","R","E","?","M","$","R","BOSS"],"build_version":"2020-12-22","purchased_purges":0,"victory":false,"max_hp_per_floor":[66,66,66,66,66,66,66,66,66,66,66,66,66,66,66,66],"card_choices":[{"not_picked":["Concentrate","Deadly Poison"],"picked":"Dash","floor":1},{"not_picked":["Blur","Poisoned Stab"],"picked":"Crippling Poison","floor":4},{"not_picked":["Dagger Throw","Sucker Punch"],"picked":"Heel Hook","floor":5},{"not_picked":["Flying Knee","Expertise"],"picked":"Acrobatics","floor":6},{"not_picked":["Backflip","Catalyst"],"picked":"Adrenaline","floor":8},{"not_picked":["Terror","Predator"],"picked":"Flechettes","floor":11},{"not_picked":["Dodge and Roll","Quick Slash"],"picked":"All Out Attack","floor":12},{"not_picked":["Cloak And Dagger","Well Laid Plans"],"picked":"Reflex","floor":13}],"player_experience":1313420,"relics_obtained":[{"floor":6,"key":"Letter Opener"},{"floor":8,"key":"The Courier"},{"floor":9,"key":"Bottled Lightning"},{"floor":11,"key":"CaptainsWheel"}],"event_choices":[{"damage_healed":0,"gold_gain":0,"player_choice":"Entered Light","damage_taken":20,"max_hp_gain":0,"max_hp_loss":0,"event_name":"Shining Light","floor":2,"gold_loss":0,"cards_upgraded":["Defend_G","Neutralize"]},{"cards_removed":["Strike_G"],"damage_healed":0,"gold_gain":0,"player_choice":"Offered Basic","damage_taken":0,"max_hp_gain":0,"max_hp_loss":0,"event_name":"Bonfire Elementals","floor":3,"gold_loss":0}],"is_beta":false,"boss_relics":[],"items_purged_floors":[],"is_endless":false,"potions_floor_spawned":[1,6],"killed_by":"Slime Boss","ascension_level":16}