{"gold_per_floor":[116,116,139,139,150,150,178,191,191,217,217,243,259,184,184,261,261,277,277,277,295,43,68,68,84,84,95,95,95,95,121,121,200,200,211,42,59,75,85,85,131,131,158,18,38,38,69,69,69,69],"floor_reached":50,"playtime":2154,"items_purged":[],"score":1135,"play_id":"7de77b60-5fbb-4600-8e2a-58eb9cba102b","local_time":"20210313110434","is_ascension_mode":true,"campfire_choices":[{"data":"Predator","floor":6,"key":"SMITH"},{"floor":11,"key":"REST"},{"floor":15,"key":"REST"},{"data":"Footwork","floor":24,"key":"SMITH"},{"floor":29,"key":"REST"},{"data":"Underhanded Strike","floor":32,"key":"SMITH"},{"floor":40,"key":"REST"},{"data":"Flechettes","floor":46,"key":"SMITH"},{"floor":49,"key":"RECALL"}],"neow_cost":"CURSE","seed_source_timestamp":205282486728200,"circlet_count":0,"master_deck":["AscendersBane","Strike_G+1","Strike_G+1","Defend_G+1","Defend_G+1","Defend_G+1","Survivor+1","Neutralize+1","Reflex+1","Predator+1","Dagger Throw+1","Underhanded Strike+1","Backstab+1","All Out Attack+1","Tools of the Trade+1","Tactician+1","Leg Sweep+1","Flechettes+1","Footwork+1","Terror+1","Deadly Poison+1","Underhanded Strike+1","Adrenaline+1","Tactician+1","Malaise+1","Reflex+1","Blur+1","Panacea+1","Backflip+1","Heel Hook+1"],"relics":["Ring of the Snake","Spirit Poop","Letter Opener","Akabeko","Anchor","Bronze Scales","SlaversCollar","Toolbox","Toxic Egg 2","Regal Pillow","Lantern","Busted Crown","Torii","Bag of Preparation","TungstenRod","Mark of the Bloom"],"potions_floor_usage":[10,12,18,33,33,41],"damage_taken":[{"damage":4,"enemies":"Jaw Worm","floor":1,"turns":3},{"damage":0,"enemies":"Small Slimes","floor":5,"turns":2},{"damage":21,"enemies":"3 Sentries","floor":7,"turns":9},{"damage":0,"enemies":"Cultist","floor":8,"turns":2},{"damage":0,"enemies":"Gremlin Nob","floor":10,"turns":2},{"damage":0,"enemies":"3 Sentries","floor":12,"turns":6},{"damage":9,"enemies":"Large Slime","floor":13,"turns":2},{"damage":21,"enemies":"The Guardian","floor":16,"turns":11},{"damage":0,"enemies":"2 Thieves","floor":18,"turns":2},{"damage":0,"enemies":"Shell Parasite","floor":21,"turns":3},{"damage":10,"enemies":"Book of Stabbing","floor":23,"turns":6},{"damage":0,"enemies":"Chosen and Byrds","floor":25,"turns":4},{"damage":2,"enemies":"Snake Plant","floor":27,"turns":3},{"damage":0,"enemies":"Gremlin Leader","floor":31,"turns":5},{"damage":21,"enemies":"Automaton","floor":33,"turns":9},{"damage":6,"enemies":"3 Darklings","floor":35,"turns":5},{"damage":0,"enemies":"Orb Walker","floor":37,"turns":1},{"damage":0,"enemies":"3 Darklings","floor":38,"turns":4},{"damage":29,"enemies":"Transient","floor":39,"turns":5},{"damage":1,"enemies":"Reptomancer","floor":41,"turns":5},{"damage":9,"enemies":"Jaw Worm Horde","floor":45,"turns":5},{"damage":24,"enemies":"Nemesis","floor":47,"turns":5},{"damage":40,"enemies":"Time Eater","floor":50,"turns":9}],"seed_played":"-9054410292647982377","potions_obtained":[{"floor":5,"key":"Weak Potion"},{"floor":7,"key":"DistilledChaos"},{"floor":8,"key":"AttackPotion"},{"floor":12,"key":"Fruit Juice"},{"floor":18,"key":"Weak Potion"},{"floor":23,"key":"DistilledChaos"},{"floor":33,"key":"LiquidBronze"},{"floor":39,"key":"Block Potion"},{"floor":45,"key":"Ancient Potion"}],"is_trial":false,"path_per_floor":["M","?","T","?","M","R","E","M","T","E","R","E","M","?","R","B",null,"M","?","?","M","$","E","R","M","T","M","?","R","?","E","R","B",null,"M","$","M","M","M","R","E","?","T","$","M","R","E","?","R","B"],"character_chosen":"THE_SILENT","items_purchased":["Footwork","Toolbox","Blur+1","Panacea+1","Backflip+1","Heel Hook"],"campfire_rested":4,"item_purchase_floors":[22,22,36,36,44,44],"current_hp_per_floor":[55,35,35,35,35,35,14,14,14,14,33,38,29,29,50,29,61,61,61,61,61,61,51,51,51,51,49,29,66,66,66,66,45,68,62,62,62,62,33,70,69,69,69,69,60,60,36,36,36,0],"gold":69,"neow_bonus":"TRANSFORM_TWO_CARDS","is_prod":false,"is_daily":false,"chose_seed":false,"campfire_upgraded":4,"win_rate":0,"timestamp":1615651474,"path_taken":["M","?","?","?","M","R","E","?","T","E","R","E","M","?","R","BOSS","M","?","?","?","$","E","R","M","T","M","?","R","?","E","R","BOSS","M","$","M","M","M","R","E","?","T","$","M","R","E","?","R","BOSS"],"build_version":"2020-12-22","purchased_purges":0,"victory":false,"max_hp_per_floor":[66,66,66,66,66,66,66,66,66,66,66,71,71,71,71,71,71,71,71,71,71,71,71,71,71,71,71,76,76,76,76,76,76,76,76,76,76,76,76,76,76,76,76,76,76,76,76,76,76,76],"card_choices":[{"not_picked":["Finisher","Poisoned Stab"],"picked":"Dagger Throw","floor":1},{"not_picked":["Flying Knee","Distraction"],"picked":"Underhanded Strike","floor":5},{"not_picked":["Accuracy","Dodge and Roll"],"picked":"Backstab","floor":7},{"not_picked":["Bane","Blade Dance","Poisoned Stab"],"picked":"SKIP","floor":8},{"not_picked":["Blade Dance","Deflect"],"picked":"All Out Attack","floor":10},{"not_picked":["Slice","Outmaneuver"],"picked":"Tools of the Trade","floor":12},{"not_picked":["Caltrops","Blade Dance"],"picked":"Tactician","floor":13},{"not_picked":["Prepared","Deadly Poison"],"picked":"Leg Sweep","floor":18},{"not_picked":["Cloak And Dagger","Envenom"],"picked":"Flechettes","floor":21},{"not_picked":["Deflect+1","PiercingWail+1"],"picked":"Terror+1","floor":23},{"not_picked":["Noxious Fumes","Cloak And Dagger+1"],"picked":"Deadly Poison+1","floor":25},{"not_picked":["Choke","Bane"],"picked":"Underhanded Strike+1","floor":27},{"not_picked":["Prepared+1","Outmaneuver+1"],"picked":"Tactician+1","floor":31},{"not_picked":["Unload","Corpse Explosion+1"],"picked":"Malaise+1","floor":33},{"not_picked":[],"picked":"Reflex+1","floor":35},{"not_picked":["Deflect+1"],"picked":"SKIP","floor":37},{"not_picked":["Poisoned Stab"],"picked":"SKIP","floor":38},{"not_picked":["Flying Knee"],"picked":"SKIP","floor":39},{"not_picked":["Deflect+1"],"picked":"SKIP","floor":41},{"not_picked":["Sucker Punch"],"picked":"SKIP","floor":45},{"not_picked":["Sucker Punch"],"picked":"SKIP","floor":47}],"player_experience":1314926,"relics_obtained":[{"floor":7,"key":"Letter Opener"},{"floor":9,"key":"Akabeko"},{"floor":10,"key":"Anchor"},{"floor":12,"key":"Bronze Scales"},{"floor":23,"key":"Toxic Egg 2"},{"floor":26,"key":"Regal Pillow"},{"floor":31,"key":"Lantern"},{"floor":41,"key":"Torii"},{"floor":43,"key":"Bag of Preparation"},{"floor":47,"key":"TungstenRod"}],"event_choices":[{"damage_healed":0,"gold_gain":0,"player_choice":"Entered Light","damage_taken":20,"max_hp_gain":0,"max_hp_loss":0,"event_name":"Shining Light","floor":2,"gold_loss":0,"cards_upgraded":["Dagger Throw","Defend_G"]},{"cards_removed":["Shame"],"damage_healed":0,"gold_gain":0,"player_choice":"Offered Curse","damage_taken":0,"relics_obtained":["Spirit Poop"],"max_hp_gain":0,"max_hp_loss":0,"event_name":"Bonfire Elementals","floor":4,"gold_loss":0},{"cards_removed":["Strike_G"],"damage_healed":0,"gold_gain":0,"player_choice":"Card Removal","damage_taken":0,"max_hp_gain":0,"max_hp_loss":0,"event_name":"The Cleric","floor":14,"gold_loss":75},{"damage_healed":0,"gold_gain":0,"player_choice":"Ignored","damage_taken":0,"max_hp_gain":0,"max_hp_loss":0,"event_name":"Vampires","floor":19,"gold_loss":0},{"damage_healed":0,"gold_gain":0,"player_choice":"Upgraded","damage_taken":0,"max_hp_gain":0,"max_hp_loss":0,"event_name":"Upgrade Shrine","floor":20,"gold_loss":0,"cards_upgraded":["Tactician"]},{"damage_healed":0,"gold_gain":0,"player_choice":"Shed Blood","damage_taken":25,"max_hp_gain":5,"max_hp_loss":0,"event_name":"Forgotten Altar","floor":28,"gold_loss":0},{"damage_healed":0,"gold_gain":0,"cards_transformed":["Strike_G"],"player_choice":"Transformed","damage_taken":0,"max_hp_gain":0,"max_hp_loss":0,"event_name":"Transmorgrifier","floor":30,"gold_loss":0,"cards_obtained":["Adrenaline"]},{"cards_removed":["Defend_G"],"damage_healed":0,"gold_gain":0,"player_choice":"Removed Skill","damage_taken":0,"max_hp_gain":0,"max_hp_loss":0,"event_name":"Falling","floor":42,"gold_loss":0},{"damage_healed":0,"gold_gain":0,"player_choice":"Upgrade","damage_taken":0,"relics_obtained":["Mark of the Bloom"],"max_hp_gain":0,"max_hp_loss":0,"event_name":"MindBloom","floor":48,"gold_loss":0,"cards_upgraded":["Strike_G","Strike_G","Defend_G","Defend_G","Survivor","Neutralize","Reflex","Backstab","All Out Attack","Tools of the Trade","Leg Sweep","Heel Hook"]}],"is_beta":false,"boss_relics":[{"not_picked":["Tiny House","Philosopher\u0027s Stone"],"picked":"SlaversCollar"},{"not_picked":["Runic Dome","Fusion Hammer"],"picked":"Busted Crown"}],"items_purged_floors":[],"is_endless":false,"potions_floor_spawned":[5,7,8,12,18,23,27,33,39,45],"killed_by":"Time Eater","ascension_level":16}