{"gold_per_floor":[111,111,69,219,31,31,67,67,67,67,102,102,127,163,163,256,256,277,290,290,314,41,74,74],"floor_reached":24,"playtime":863,"items_purged":["Doubt"],"score":549,"play_id":"bb32f6a4-8534-4ee5-80c2-08919d55b8b7","local_time":"20210313004751","is_ascension_mode":true,"campfire_choices":[{"data":"Footwork","floor":10,"key":"SMITH"},{"data":"Eviscerate","floor":12,"key":"SMITH"},{"data":"Neutralize","floor":15,"key":"SMITH"}],"neow_cost":"NONE","seed_source_timestamp":169573274909700,"circlet_count":0,"master_deck":["AscendersBane","Strike_G","Strike_G","Strike_G","Strike_G","Strike_G","Defend_G","Defend_G","Defend_G","Defend_G","Defend_G","Survivor","Neutralize+1","Eviscerate+1","Heel Hook","Dodge and Roll","Footwork+1","Flechettes","Dagger Throw","Glass Knife","Underhanded Strike","Slice+1","Blur","Noxious Fumes","Tactician"],"relics":["Ring of the Snake","NeowsBlessing","Orichalcum","Golden Idol","Centennial Puzzle","Thread and Needle","Oddly Smooth Stone","Art of War","Black Star","Membership Card","Tiny Chest","The Specimen","Smiling Mask"],"potions_floor_usage":[14,16,23,23],"damage_taken":[{"damage":0,"enemies":"2 Louse","floor":1,"turns":1},{"damage":0,"enemies":"Lagavulin","floor":7,"turns":1},{"damage":0,"enemies":"Gremlin Nob","floor":11,"turns":1},{"damage":0,"enemies":"Jaw Worm","floor":13,"turns":4},{"damage":0,"enemies":"Lagavulin","floor":14,"turns":7},{"damage":27,"enemies":"The Guardian","floor":16,"turns":20},{"damage":0,"enemies":"Chosen","floor":18,"turns":5},{"damage":1,"enemies":"Spheric Guardian","floor":19,"turns":5},{"damage":15,"enemies":"Shelled Parasite and Fungi","floor":21,"turns":9},{"damage":36,"enemies":"Gremlin Leader","floor":23,"turns":10},{"damage":2,"enemies":"Centurion and Healer","floor":24,"turns":2}],"seed_played":"4433854532731234810","potions_obtained":[{"floor":1,"key":"SteroidPotion"},{"floor":14,"key":"Swift Potion"},{"floor":16,"key":"LiquidMemories"},{"floor":18,"key":"FearPotion"},{"floor":21,"key":"Fire Potion"}],"is_trial":false,"path_per_floor":["M","?","$","?","$","?","E","$","T","R","E","R","M","E","R","B",null,"M","M","?","M","$","E","M"],"character_chosen":"THE_SILENT","items_purchased":["Heel Hook","Dodge and Roll","Footwork","Membership Card","Tiny Chest","Noxious Fumes"],"campfire_rested":0,"item_purchase_floors":[3,5,5,22,22,22],"current_hp_per_floor":[59,41,41,41,41,41,41,41,41,41,41,41,41,41,41,14,53,53,52,52,37,37,1,0],"gold":74,"neow_bonus":"THREE_ENEMY_KILL","is_prod":false,"is_daily":false,"chose_seed":false,"campfire_upgraded":3,"win_rate":0,"timestamp":1615614471,"path_taken":["M","?","$","?","$","?","E","?","T","R","E","R","?","E","R","BOSS","M","?","?","M","$","E","?"],"build_version":"2020-12-22","purchased_purges":1,"victory":false,"max_hp_per_floor":[66,66,66,66,66,66,66,66,66,66,66,66,66,66,66,66,66,66,66,66,66,66,66,66],"card_choices":[{"not_picked":["Well Laid Plans","Backflip"],"picked":"Eviscerate","floor":1},{"not_picked":["After Image","Endless Agony"],"picked":"Flechettes","floor":7},{"not_picked":["Dagger Throw","Outmaneuver","Flechettes"],"picked":"SKIP","floor":11},{"not_picked":["Dagger Throw","Skewer","Dash"],"picked":"SKIP","floor":13},{"not_picked":["Skewer","Dash"],"picked":"Dagger Throw","floor":13},{"not_picked":["Calculated Gamble","Endless Agony","Dagger Throw"],"picked":"SKIP","floor":14},{"not_picked":["Wraith Form v2","Envenom"],"picked":"Glass Knife","floor":16},{"not_picked":["Dodge and Roll","Poisoned Stab"],"picked":"Underhanded Strike","floor":18},{"not_picked":["Sucker Punch","Bane"],"picked":"Slice+1","floor":19},{"not_picked":["Dodge and Roll","Accuracy"],"picked":"Blur","floor":21},{"not_picked":["Flying Knee","Die Die Die"],"picked":"Tactician","floor":23}],"player_experience":1314063,"relics_obtained":[{"floor":7,"key":"Centennial Puzzle"},{"floor":9,"key":"Thread and Needle"},{"floor":11,"key":"Oddly Smooth Stone"},{"floor":14,"key":"Art of War"},{"floor":23,"key":"The Specimen"},{"floor":23,"key":"Smiling Mask"}],"event_choices":[{"damage_healed":0,"gold_gain":0,"player_choice":"Success","damage_taken":18,"relics_obtained":["Orichalcum"],"max_hp_gain":0,"max_hp_loss":0,"event_name":"Scrap Ooze","floor":2,"gold_loss":0},{"damage_healed":0,"gold_gain":150,"player_choice":"AGREE","damage_taken":0,"max_hp_gain":0,"max_hp_loss":0,"event_name":"Liars Game","floor":4,"gold_loss":0,"cards_obtained":["Doubt"]},{"damage_healed":0,"gold_gain":0,"player_choice":"Take Wound","damage_taken":0,"relics_obtained":["Golden Idol"],"max_hp_gain":0,"max_hp_loss":0,"event_name":"Golden Idol","floor":6,"gold_loss":0,"cards_obtained":["Injury"]},{"cards_removed":["Injury"],"damage_healed":0,"gold_gain":0,"player_choice":"Purged","damage_taken":0,"max_hp_gain":0,"max_hp_loss":0,"event_name":"Purifier","floor":20,"gold_loss":0}],"is_beta":false,"boss_relics":[{"not_picked":["Empty Cage","Coffee Dripper"],"picked":"Black Star"}],"items_purged_floors":[5],"is_endless":false,"potions_floor_spawned":[1,14,16,18,21],"killed_by":"Centurion and Healer","ascension_level":16}