{"gold_per_floor":[19,19,169,182,201,236,236,236],"floor_reached":8,"playtime":287,"items_purged":[],"score":101,"play_id":"4640ab4d-f0bc-48e9-8c21-159132d101c6","local_time":"20210316235410","is_ascension_mode":true,"campfire_choices":[],"neow_cost":"NO_GOLD","seed_source_timestamp":508926940450300,"circlet_count":0,"master_deck":["AscendersBane","Strike_G","Strike_G","Strike_G","Strike_G","Strike_G","Defend_G","Defend_G","Defend_G","Defend_G","Defend_G","Survivor","Neutralize","Underhanded Strike","Injury","Doubt","Noxious Fumes","Dagger Throw"],"relics":["Ring of the Snake","Golden Idol","Ancient Tea Set","NlothsMask"],"potions_floor_usage":[6,6],"damage_taken":[{"damage":0,"enemies":"Small Slimes","floor":1,"turns":5},{"damage":0,"enemies":"2 Louse","floor":4,"turns":3},{"damage":8,"enemies":"Cultist","floor":5,"turns":5},{"damage":49,"enemies":"Lagavulin","floor":6,"turns":9},{"damage":14,"enemies":"Large Slime","floor":8,"turns":3}],"seed_played":"1961510172227758918","potions_obtained":[{"floor":1,"key":"DistilledChaos"},{"floor":4,"key":"AttackPotion"}],"is_trial":false,"path_per_floor":["M","?","?","M","M","E","?","M"],"character_chosen":"THE_SILENT","items_purchased":[],"campfire_rested":0,"item_purchase_floors":[],"current_hp_per_floor":[71,71,71,71,63,14,14,0],"gold":236,"neow_bonus":"TWENTY_PERCENT_HP_BONUS","is_prod":false,"is_daily":false,"chose_seed":false,"campfire_upgraded":0,"win_rate":0,"timestamp":1615953250,"path_taken":["M","?","?","M","M","E","?","M"],"build_version":"2020-12-22","purchased_purges":0,"victory":false,"max_hp_per_floor":[78,78,78,78,78,78,78,78],"card_choices":[{"not_picked":["Prepared","Dodge and Roll"],"picked":"Underhanded Strike","floor":1},{"not_picked":["Outmaneuver","Caltrops"],"picked":"Noxious Fumes","floor":4},{"not_picked":["Calculated Gamble","Slice"],"picked":"Dagger Throw","floor":5},{"not_picked":["Envenom","Cloak And Dagger","Slice"],"picked":"SKIP","floor":6}],"player_experience":1320758,"relics_obtained":[{"floor":6,"key":"Ancient Tea Set"}],"event_choices":[{"damage_healed":0,"gold_gain":0,"player_choice":"Take Wound","damage_taken":0,"relics_obtained":["Golden Idol"],"max_hp_gain":0,"max_hp_loss":0,"event_name":"Golden Idol","floor":2,"gold_loss":0,"cards_obtained":["Injury"]},{"damage_healed":0,"gold_gain":150,"player_choice":"AGREE","damage_taken":0,"max_hp_gain":0,"max_hp_loss":0,"event_name":"Liars Game","floor":3,"gold_loss":0,"cards_obtained":["Doubt"]},{"damage_healed":0,"gold_gain":0,"player_choice":"Trade","damage_taken":0,"relics_obtained":["NlothsMask"],"max_hp_gain":0,"max_hp_loss":0,"event_name":"FaceTrader","floor":7,"gold_loss":0}],"is_beta":false,"boss_relics":[],"items_purged_floors":[],"is_endless":false,"potions_floor_spawned":[1,4],"killed_by":"Large Slime","ascension_level":16}