{"gold_per_floor":[367,367,442,11,31,31,60,60,128,128],"floor_reached":10,"playtime":285,"items_purged":[],"score":118,"play_id":"3ea33104-7f20-4596-9dff-39a154f1c9f0","local_time":"20210325141029","is_ascension_mode":true,"campfire_choices":[{"floor":6,"key":"REST"},{"floor":8,"key":"REST"}],"neow_cost":"PERCENT_DAMAGE","seed_source_timestamp":212142230088600,"circlet_count":0,"master_deck":["AscendersBane","Strike_G","Strike_G","Strike_G","Strike_G","Strike_G","Defend_G","Defend_G","Defend_G","Defend_G","Defend_G","Survivor","Neutralize","Eviscerate","Acrobatics","Underhanded Strike","Dodge and Roll"],"relics":["Ring of the Snake","Darkstone Periapt","Shovel","Happy Flower","Kunai"],"potions_floor_usage":[10,10],"damage_taken":[{"damage":7,"enemies":"2 Louse","floor":1,"turns":3},{"damage":1,"enemies":"Jaw Worm","floor":5,"turns":2},{"damage":22,"enemies":"3 Sentries","floor":7,"turns":10},{"damage":39,"enemies":"Gremlin Nob","floor":10,"turns":5}],"seed_played":"7234314497450961349","potions_obtained":[{"floor":1,"key":"LiquidMemories"},{"floor":7,"key":"Swift Potion"}],"is_trial":false,"path_per_floor":["M","?","?","$","M","R","E","R","T","E"],"character_chosen":"THE_SILENT","items_purchased":["Shovel","Acrobatics","Underhanded Strike"],"campfire_rested":2,"item_purchase_floors":[4,4,4],"current_hp_per_floor":[37,32,21,21,20,39,17,36,36,0],"gold":128,"neow_bonus":"TWO_FIFTY_GOLD","is_prod":false,"is_daily":false,"chose_seed":false,"campfire_upgraded":0,"win_rate":0,"timestamp":1616695829,"path_taken":["M","?","?","?","M","R","E","R","T","E"],"build_version":"2020-12-22","purchased_purges":0,"victory":false,"max_hp_per_floor":[66,66,66,66,66,66,66,66,66,66],"card_choices":[{"not_picked":["PiercingWail","Setup"],"picked":"Eviscerate","floor":1},{"not_picked":["Deflect","Cloak And Dagger","Infinite Blades"],"picked":"SKIP","floor":5},{"not_picked":["Backstab","Cloak And Dagger"],"picked":"Dodge and Roll","floor":7}],"player_experience":1328923,"relics_obtained":[{"floor":7,"key":"Happy Flower"},{"floor":9,"key":"Kunai"}],"event_choices":[{"damage_healed":0,"gold_gain":0,"player_choice":"Success","damage_taken":5,"relics_obtained":["Darkstone Periapt"],"max_hp_gain":0,"max_hp_loss":0,"event_name":"Scrap Ooze","floor":2,"gold_loss":0},{"damage_healed":0,"gold_gain":75,"player_choice":"Gather Gold","damage_taken":11,"max_hp_gain":0,"max_hp_loss":0,"event_name":"World of Goop","floor":3,"gold_loss":0}],"is_beta":false,"boss_relics":[],"items_purged_floors":[],"is_endless":false,"potions_floor_spawned":[1,7],"killed_by":"Gremlin Nob","ascension_level":17}