{"gold_per_floor":[112,123,135,135,135,167,167,178,178,205,224,224,16,60,60,142,169,179,195,204,230,155,188,203,203,226,274,286,338,350,362,374,460,472,503,534,546,580,277,1294,1294,900,900,929,929,378,387,417,417,417,417,417,90,131,131],"floor_reached":56,"playtime":3615,"items_purged":["Strike_G","Normality","Normality"],"score":2250,"play_id":"158745c1-7855-46ef-9f36-4088d5ff3cda","local_time":"20210325152043","is_ascension_mode":true,"campfire_choices":[{"floor":7.0,"key":"REST"},{"floor":12.0,"key":"REST"},{"floor":15.0,"key":"REST"},{"floor":25.0,"key":"REST"},{"floor":28.0,"key":"REST"},{"floor":30.0,"key":"REST"},{"data":"Adrenaline","floor":32.0,"key":"SMITH"},{"floor":41.0,"key":"RECALL"},{"data":"Tactician","floor":45,"key":"SMITH"},{"data":"Burst","floor":49,"key":"SMITH"},{"data":"Leg Sweep","floor":52,"key":"SMITH"}],"neow_cost":"CURSE","seed_source_timestamp":212996276226800,"circlet_count":0,"master_deck":["AscendersBane","Defend_G+1","Defend_G","Defend_G","Defend_G","Survivor","Neutralize","Noxious Fumes","Distraction+1","Tactician+1","Leg Sweep+1","Escape Plan","Burst+1","Dagger Throw","Storm of Steel+1","Venomology","Flechettes+1","Choke+1","Doppelganger+1","Tactician+1","Heel Hook","Acrobatics","Adrenaline+1","Prepared+1","Terror","Mind Blast","Adrenaline+1","Outmaneuver"],"special_seed":0,"relics":["Ring of the Snake","Smiling Mask","Question Card","Dead Branch","Oddly Smooth Stone","CeramicFish","Astrolabe","Boot","MawBank","Potion Belt","Darkstone Periapt","SacredBark","Torii","White Beast Statue","Snake Skull","Lee\u0027s Waffle","Lantern","War Paint","Centennial Puzzle","Bronze Scales","DollysMirror","CaptainsWheel"],"potions_floor_usage":[44,44,48,50,50,50,54,54,54,55,55,55,55,55,55,55,55,55,55],"damage_taken":[{"damage":12.0,"enemies":"Cultist","floor":1.0,"turns":6.0},{"damage":3.0,"enemies":"2 Louse","floor":2.0,"turns":3.0},{"damage":9.0,"enemies":"Small Slimes","floor":3.0,"turns":4.0},{"damage":21.0,"enemies":"3 Sentries","floor":6.0,"turns":7.0},{"damage":10.0,"enemies":"Exordium Wildlife","floor":8.0,"turns":9.0},{"damage":23.0,"enemies":"Lagavulin","floor":10.0,"turns":10.0},{"damage":0.0,"enemies":"2 Fungi Beasts","floor":11.0,"turns":2.0},{"damage":15.0,"enemies":"3 Sentries","floor":14.0,"turns":8.0},{"damage":32.0,"enemies":"Slime Boss","floor":16.0,"turns":14.0},{"damage":2.0,"enemies":"Shell Parasite","floor":18.0,"turns":4.0},{"damage":7.0,"enemies":"2 Thieves","floor":19.0,"turns":2.0},{"damage":31.0,"enemies":"Snecko","floor":21.0,"turns":8.0},{"damage":7.0,"enemies":"Gremlin Leader","floor":23.0,"turns":8.0},{"damage":13.0,"enemies":"Centurion and Healer","floor":24.0,"turns":5.0},{"damage":13.0,"enemies":"Book of Stabbing","floor":27.0,"turns":4.0},{"damage":0.0,"enemies":"Gremlin Leader","floor":29.0,"turns":6.0},{"damage":8.0,"enemies":"Collector","floor":33.0,"turns":4.0},{"damage":0.0,"enemies":"Orb Walker","floor":35.0,"turns":2.0},{"damage":5.0,"enemies":"3 Shapes","floor":36.0,"turns":7.0},{"damage":7.0,"enemies":"Spire Growth","floor":38.0,"turns":3.0},{"damage":19,"enemies":"Giant Head","floor":44,"turns":6},{"damage":0,"enemies":"Reptomancer","floor":48,"turns":3},{"damage":50,"enemies":"Awakened One","floor":50,"turns":15},{"damage":45,"enemies":"Shield and Spear","floor":54,"turns":9},{"damage":84,"enemies":"The Heart","floor":55,"turns":9}],"seed_played":"-6154179011792082667","potions_obtained":[{"floor":1.0,"key":"DuplicationPotion"},{"floor":6.0,"key":"FairyPotion"},{"floor":10.0,"key":"Block Potion"},{"floor":16.0,"key":"Explosive Potion"},{"floor":18.0,"key":"Block Potion"},{"floor":21.0,"key":"SteroidPotion"},{"floor":27.0,"key":"Explosive Potion"},{"floor":44,"key":"Fire Potion"},{"floor":54,"key":"SpeedPotion"}],"is_trial":false,"path_per_floor":["M","M","M","?","?","E","R","M","T","E","M","R","$","E","R","B",null,"M","M","?","M","?","E","M","R","T","E","R","E","R","?","R","B",null,"M","M","?","M","$","?","R","$","T","E","R","$","?","E","R","B",null,"R","$","E","B",null],"character_chosen":"THE_SILENT","items_purchased":["Oddly Smooth Stone","Torii","Terror","White Beast Statue","Lee\u0027s Waffle","Lantern","War Paint","Bronze Scales","DollysMirror"],"campfire_rested":6,"item_purchase_floors":[13,39,42,42,46,46,46,53,53],"current_hp_per_floor":[59,56,47,24,24,3,26,16,16,17,17,40,40,25,48,16,63,61,54,54,23,23,16,3,26,26,13,36,36,59,59,59,51,71,71,66,66,59,59,71,71,71,71,52,52,97,97,97,97,47,85,85,85,40,5],"gold":131,"neow_bonus":"TWENTY_PERCENT_HP_BONUS","is_prod":false,"is_daily":false,"chose_seed":false,"campfire_upgraded":4,"win_rate":0,"timestamp":1616700043,"path_taken":["M","?","M","?","?","E","R","?","T","E","M","R","$","E","R","BOSS","M","M","?","M","?","E","?","R","T","E","R","E","R","?","R","BOSS","M","M","?","?","$","?","R","$","T","E","R","$","?","E","R","BOSS","R","$","E","BOSS"],"build_version":"2020-12-22","purchased_purges":3,"victory":true,"max_hp_per_floor":[78,78,78,78,78,78,78,78,78,78,78,78,78,78,78,78,78,78,78,78,78,78,78,78,78,78,78,78,78,78,78,78,78,78,78,78,78,78,78,90,90,90,90,90,90,97,97,97,97,97,97,97,97,97,97],"card_choices":[{"not_picked":["Blade Dance","Deflect"],"picked":"Noxious Fumes","floor":1.0},{"not_picked":["Underhanded Strike","Flying Knee"],"picked":"Distraction","floor":2.0},{"not_picked":["PiercingWail","Acrobatics"],"picked":"Tactician","floor":3.0},{"not_picked":["Dagger Spray","Cloak And Dagger"],"picked":"Leg Sweep","floor":6.0},{"not_picked":["Prepared","Acrobatics"],"picked":"Escape Plan","floor":8.0},{"not_picked":["Flying Knee","Underhanded Strike","Acrobatics"],"picked":"Burst","floor":10.0},{"not_picked":["Backflip","Underhanded Strike","Prepared"],"picked":"Dagger Throw","floor":11.0},{"not_picked":["Outmaneuver","Cloak And Dagger","Acrobatics"],"picked":"Storm of Steel","floor":14.0},{"not_picked":["Burst","Corpse Explosion","Malaise"],"picked":"Venomology","floor":16.0},{"not_picked":["Setup","Prepared","Bane","Distraction"],"picked":"SKIP","floor":18.0},{"not_picked":["Leg Sweep","Bane","Dodge and Roll","Flying Knee"],"picked":"SKIP","floor":19.0},{"not_picked":["Blade Dance","Endless Agony","Flying Knee"],"picked":"Heel Hook","floor":21.0},{"not_picked":["Caltrops","Dash","Blade Dance","Concentrate"],"picked":"SKIP","floor":23.0},{"not_picked":["Caltrops","Dash","Blade Dance","Concentrate"],"picked":"SKIP","floor":23.0},{"not_picked":["Finisher","Deadly Poison","Quick Slash+1","Bane"],"picked":"SKIP","floor":24.0},{"not_picked":["Prepared","Riddle With Holes","Deflect+1"],"picked":"Acrobatics","floor":27.0},{"not_picked":["Terror","Dagger Spray","Infinite Blades"],"picked":"Adrenaline","floor":29.0},{"not_picked":["Prepared","Setup+1","Bouncing Flask+1","Bane"],"picked":"SKIP","floor":35.0},{"not_picked":["Blade Dance+1","Dagger Spray","Poisoned Stab","Prepared"],"picked":"SKIP","floor":36.0},{"not_picked":["Quick Slash","Caltrops","Noxious Fumes"],"picked":"Prepared+1","floor":38.0},{"not_picked":["Backstab","Blade Dance","Expertise+1","Escape Plan"],"picked":"SKIP","floor":44},{"not_picked":["Forethought","Finesse","Dramatic Entrance"],"picked":"Mind Blast","floor":47},{"not_picked":["Well Laid Plans","Venomology","Prepared","Tools of the Trade"],"picked":"SKIP","floor":48},{"not_picked":["Underhanded Strike","Prepared","Caltrops"],"picked":"Outmaneuver","floor":54}],"player_experience":1329743,"relics_obtained":[{"floor":6.0,"key":"Smiling Mask"},{"floor":9.0,"key":"Question Card"},{"floor":10.0,"key":"Dead Branch"},{"floor":14.0,"key":"CeramicFish"},{"floor":23.0,"key":"Boot"},{"floor":26.0,"key":"MawBank"},{"floor":27.0,"key":"Potion Belt"},{"floor":29.0,"key":"Darkstone Periapt"},{"floor":44,"key":"Snake Skull"},{"floor":48,"key":"Centennial Puzzle"},{"floor":54,"key":"CaptainsWheel"}],"event_choices":[{"damage_healed":0.0,"max_hp_gain":0.0,"max_hp_loss":0.0,"gold_gain":0.0,"event_name":"Shining Light","player_choice":"Entered Light","floor":4.0,"gold_loss":0.0,"damage_taken":23.0,"cards_upgraded":["Distraction","Defend_G"]},{"cards_removed":["Regret"],"damage_healed":0.0,"max_hp_gain":0.0,"max_hp_loss":0.0,"gold_gain":0.0,"event_name":"Fountain of Cleansing","player_choice":"Removed Curses","floor":5.0,"gold_loss":0.0,"damage_taken":0.0},{"damage_healed":0.0,"max_hp_gain":0.0,"max_hp_loss":0.0,"gold_gain":0.0,"event_name":"The Library","player_choice":"Read","floor":20.0,"gold_loss":0.0,"damage_taken":0.0,"cards_obtained":["Tactician"]},{"cards_removed":["Strike_G"],"damage_healed":0.0,"max_hp_gain":0.0,"max_hp_loss":0.0,"gold_gain":0.0,"event_name":"Beggar","player_choice":"Gave Gold","floor":22.0,"gold_loss":75.0,"damage_taken":0.0},{"damage_healed":0.0,"max_hp_gain":0.0,"max_hp_loss":0.0,"gold_gain":0.0,"event_name":"Vampires","player_choice":"Ignored","floor":31.0,"gold_loss":0.0,"damage_taken":0.0},{"cards_removed":["Strike_G"],"damage_healed":0.0,"max_hp_gain":0.0,"max_hp_loss":0.0,"gold_gain":0.0,"event_name":"Bonfire Elementals","player_choice":"Offered Basic","floor":37.0,"gold_loss":0.0,"damage_taken":0.0},{"damage_healed":0.0,"max_hp_gain":0.0,"max_hp_loss":0.0,"gold_gain":999.0,"event_name":"MindBloom","player_choice":"Gold","floor":40.0,"gold_loss":0.0,"damage_taken":0.0,"cards_obtained":["Normality","Normality"]},{"damage_healed":0,"gold_gain":0,"player_choice":"Memory 1","damage_taken":0,"max_hp_gain":0,"max_hp_loss":0,"event_name":"SensoryStone","floor":47,"gold_loss":0}],"is_beta":false,"boss_relics":[{"not_picked":["Runic Pyramid","Sozu"],"picked":"Astrolabe"},{"not_picked":["Snecko Eye","Pandora\u0027s Box"],"picked":"SacredBark"}],"items_purged_floors":[13,42,46],"is_endless":false,"potions_floor_spawned":[1,6,10,16,18,21,27,36,44,48,54],"ascension_level":17}