{"gold_per_floor":[110,127,127,141,141,169,169,196,196,196,213,275,325,375,375,449,449,459,476,5,105,80,107,157,182,209,276,118,118,178,203,203,203],"floor_reached":33,"playtime":1069,"items_purged":[],"score":785,"play_id":"2c0052e7-dfd1-45fc-ba72-74bf49bcca33","local_time":"20210325213442","is_ascension_mode":true,"campfire_choices":[{"data":"Deadly Poison","floor":7,"key":"SMITH"},{"floor":10,"key":"REST"},{"floor":15,"key":"REST"},{"floor":29,"key":"REST"},{"floor":32,"key":"REST"}],"neow_cost":"NONE","seed_source_timestamp":238009725739800,"circlet_count":0,"master_deck":["AscendersBane","Strike_G","Strike_G","Strike_G+1","Defend_G","Defend_G","Defend_G","Defend_G","Survivor","Neutralize","Infinite Blades+1","Catalyst+1","Adrenaline+1","Poisoned Stab+1","Unload","Deadly Poison+1","Flechettes","Crippling Poison","Burst","Leg Sweep","Dagger Spray+1","Noxious Fumes","Adrenaline","Deadly Poison+1"],"relics":["Astrolabe","Pen Nib","SsserpentHead","TungstenRod","Lantern","StrikeDummy","Sozu","Whetstone","Bottled Lightning","Pantograph","Torii","MealTicket","TwistedFunnel","Orichalcum"],"potions_floor_usage":[6,6,16,33],"damage_taken":[{"damage":3,"enemies":"Small Slimes","floor":1,"turns":5},{"damage":2,"enemies":"2 Louse","floor":2,"turns":3},{"damage":0,"enemies":"Cultist","floor":4,"turns":3},{"damage":5,"enemies":"Lagavulin","floor":6,"turns":4},{"damage":22,"enemies":"3 Sentries","floor":8,"turns":7},{"damage":7,"enemies":"Blue Slaver","floor":11,"turns":3},{"damage":2,"enemies":"Large Slime","floor":12,"turns":3},{"damage":0,"enemies":"Slime Boss","floor":16,"turns":8},{"damage":11,"enemies":"Spheric Guardian","floor":18,"turns":4},{"damage":2,"enemies":"3 Byrds","floor":19,"turns":5},{"damage":3,"enemies":"Gremlin Leader","floor":23,"turns":4},{"damage":44,"enemies":"Slavers","floor":25,"turns":5},{"damage":0,"enemies":"Centurion and Healer","floor":27,"turns":4},{"damage":0,"enemies":"Snecko","floor":30,"turns":3},{"damage":0,"enemies":"Book of Stabbing","floor":31,"turns":2},{"damage":69,"enemies":"Collector","floor":33,"turns":7}],"seed_played":"-3029163835373045018","potions_obtained":[{"floor":2,"key":"PowerPotion"},{"floor":4,"key":"AttackPotion"},{"floor":6,"key":"FearPotion"},{"floor":16,"key":"PowerPotion"}],"is_trial":false,"path_per_floor":["M","M","?","M","?","E","R","E","T","R","M","M","?","?","R","B",null,"M","M","$","?","?","E","?","E","T","M","$","R","M","E","R","B"],"character_chosen":"THE_SILENT","items_purchased":["Noxious Fumes","Whetstone","Bottled Lightning","TwistedFunnel"],"campfire_rested":4,"item_purchase_floors":[20,20,20,28],"current_hp_per_floor":[56,54,28,28,28,23,23,1,1,20,13,11,27,27,46,46,61,50,48,48,48,48,45,45,1,1,1,16,34,34,34,52,0],"gold":203,"neow_bonus":"BOSS_RELIC","is_prod":false,"is_daily":false,"chose_seed":false,"campfire_upgraded":1,"win_rate":0,"timestamp":1616722482,"path_taken":["M","M","?","M","?","E","R","E","T","R","M","?","?","?","R","BOSS","M","M","$","?","?","E","?","E","T","?","$","R","?","E","R","BOSS"],"build_version":"2020-12-22","purchased_purges":0,"victory":false,"max_hp_per_floor":[66,66,66,66,66,66,66,66,66,66,66,66,66,66,66,66,66,66,66,66,66,63,63,63,63,63,63,63,63,63,63,63,63],"card_choices":[{"not_picked":["Blade Dance","Finisher"],"picked":"Poisoned Stab","floor":1},{"not_picked":["Blade Dance","Acrobatics"],"picked":"Unload","floor":2},{"not_picked":["Dagger Spray","Riddle With Holes"],"picked":"Deadly Poison","floor":4},{"not_picked":["Concentrate","Night Terror","Outmaneuver"],"picked":"SKIP","floor":6},{"not_picked":["Die Die Die","Deadly Poison"],"picked":"Flechettes","floor":8},{"not_picked":["Predator","Outmaneuver","Poisoned Stab"],"picked":"SKIP","floor":11},{"not_picked":["Underhanded Strike","Cloak And Dagger"],"picked":"Crippling Poison","floor":12},{"not_picked":["Bullet Time","A Thousand Cuts"],"picked":"Burst","floor":16},{"not_picked":["Well Laid Plans","Deflect"],"picked":"Leg Sweep","floor":18},{"not_picked":["Finisher","Dagger Throw"],"picked":"Dagger Spray+1","floor":19},{"not_picked":["Caltrops","Eviscerate","Sucker Punch"],"picked":"SKIP","floor":23},{"not_picked":["Quick Slash","Eviscerate"],"picked":"Adrenaline","floor":25},{"not_picked":["Blade Dance","Outmaneuver"],"picked":"Deadly Poison+1","floor":27},{"not_picked":["Deflect","Terror+1","Underhanded Strike"],"picked":"SKIP","floor":30},{"not_picked":["Acrobatics","Backflip","Deadly Poison"],"picked":"SKIP","floor":31}],"player_experience":1333358,"relics_obtained":[{"floor":6,"key":"TungstenRod"},{"floor":8,"key":"Lantern"},{"floor":9,"key":"StrikeDummy"},{"floor":23,"key":"Pantograph"},{"floor":25,"key":"Torii"},{"floor":26,"key":"MealTicket"},{"floor":31,"key":"Orichalcum"}],"event_choices":[{"damage_healed":0,"gold_gain":0,"player_choice":"Success","damage_taken":26,"relics_obtained":["Pen Nib"],"max_hp_gain":0,"max_hp_loss":0,"event_name":"Scrap Ooze","floor":3,"gold_loss":0},{"damage_healed":0,"gold_gain":0,"player_choice":"Trade","damage_taken":0,"relics_obtained":["SsserpentHead"],"max_hp_gain":0,"max_hp_loss":0,"event_name":"FaceTrader","floor":5,"gold_loss":0},{"damage_healed":16,"gold_gain":0,"player_choice":"Healed and dodged fight","damage_taken":0,"max_hp_gain":0,"max_hp_loss":0,"event_name":"Mushrooms","floor":13,"gold_loss":0,"cards_obtained":["Parasite"]},{"damage_healed":0,"gold_gain":0,"player_choice":"Ignored","damage_taken":0,"max_hp_gain":0,"max_hp_loss":0,"event_name":"Liars Game","floor":14,"gold_loss":0},{"damage_healed":0,"gold_gain":50,"player_choice":"Stole From Cult","damage_taken":0,"max_hp_gain":0,"max_hp_loss":0,"event_name":"Nest","floor":21,"gold_loss":0},{"cards_removed":["Parasite"],"damage_healed":0,"gold_gain":0,"player_choice":"Gave Gold","damage_taken":0,"max_hp_gain":0,"max_hp_loss":0,"event_name":"Beggar","floor":22,"gold_loss":75},{"damage_healed":0,"gold_gain":0,"player_choice":"Ignored","damage_taken":0,"max_hp_gain":0,"max_hp_loss":0,"event_name":"Ghosts","floor":24,"gold_loss":0}],"is_beta":false,"boss_relics":[{"not_picked":["HoveringKite","Tiny House"],"picked":"Sozu"}],"items_purged_floors":[],"is_endless":false,"potions_floor_spawned":[2,4,6,16,23,25],"killed_by":"Collector","ascension_level":18}