{"gold_per_floor":[110,110,260,279,8,44,44,84,84,123,123,146,182,203,203,203],"floor_reached":16,"playtime":721,"items_purged":["Doubt"],"score":298,"play_id":"d011765e-60bf-489f-9c56-02c4c6d9cb99","local_time":"20210404230513","is_ascension_mode":true,"campfire_choices":[{"data":"Footwork","floor":7,"key":"SMITH"},{"data":"Eviscerate","floor":15,"key":"SMITH"}],"neow_cost":"NONE","seed_source_timestamp":725969635739700,"circlet_count":0,"master_deck":["AscendersBane","Strike_G","Strike_G","Strike_G","Strike_G","Strike_G","Defend_G","Defend_G","Defend_G","Defend_G","Defend_G","Survivor","Neutralize","Footwork+1","Injury","Flying Knee","Quick Slash","Phantasmal Killer","Dodge and Roll","Eviscerate+1","Bullet Time"],"relics":["Ring of the Snake","NeowsBlessing","Golden Idol","Chemical X","StrikeDummy","CaptainsWheel","Bottled Flame","Question Card","Snake Skull"],"potions_floor_usage":[10,10,14,16],"damage_taken":[{"damage":0,"enemies":"Small Slimes","floor":1,"turns":1},{"damage":0,"enemies":"Jaw Worm","floor":4,"turns":1},{"damage":0,"enemies":"Gremlin Nob","floor":6,"turns":1},{"damage":25,"enemies":"3 Sentries","floor":8,"turns":13},{"damage":12,"enemies":"Lagavulin","floor":10,"turns":7},{"damage":0,"enemies":"2 Louse","floor":12,"turns":3},{"damage":26,"enemies":"3 Sentries","floor":13,"turns":10},{"damage":7,"enemies":"Looter","floor":14,"turns":5},{"damage":12,"enemies":"Hexaghost","floor":16,"turns":4}],"seed_played":"-8430295807769180103","potions_obtained":[{"floor":1,"key":"LiquidMemories"},{"floor":4,"key":"CunningPotion"},{"floor":12,"key":"Poison Potion"},{"floor":14,"key":"CunningPotion"}],"is_trial":false,"path_per_floor":["M","?","?","M","$","E","R","E","T","E","?","M","E","M","R","B"],"character_chosen":"THE_SILENT","items_purchased":["Chemical X","Quick Slash"],"campfire_rested":0,"item_purchase_floors":[5,5],"current_hp_per_floor":[59,59,59,59,59,59,59,34,34,22,44,44,18,11,11,0],"gold":203,"neow_bonus":"THREE_ENEMY_KILL","is_prod":false,"is_daily":false,"chose_seed":false,"campfire_upgraded":2,"win_rate":0,"timestamp":1617591913,"path_taken":["M","?","?","M","?","E","R","E","T","E","?","?","E","M","R","BOSS"],"build_version":"2020-12-22","purchased_purges":1,"victory":false,"max_hp_per_floor":[66,66,66,66,66,66,66,66,66,66,66,66,66,66,66,66],"card_choices":[{"not_picked":["Choke","Sucker Punch"],"picked":"Footwork","floor":1},{"not_picked":["Distraction","Backflip"],"picked":"Flying Knee","floor":4},{"not_picked":["Distraction","Acrobatics","Finisher"],"picked":"SKIP","floor":6},{"not_picked":["Flying Knee","Storm of Steel"],"picked":"Phantasmal Killer","floor":8},{"not_picked":["Concentrate","Dagger Spray"],"picked":"Dodge and Roll","floor":10},{"not_picked":["Dagger Throw","Slice","Sucker Punch"],"picked":"Eviscerate","floor":12},{"not_picked":["Poisoned Stab","Masterful Stab","Caltrops"],"picked":"Bullet Time","floor":13},{"not_picked":["Riddle With Holes","Slice","Blade Dance","Bane"],"picked":"SKIP","floor":14}],"player_experience":1351466,"relics_obtained":[{"floor":6,"key":"StrikeDummy"},{"floor":8,"key":"CaptainsWheel"},{"floor":9,"key":"Bottled Flame"},{"floor":10,"key":"Question Card"},{"floor":13,"key":"Snake Skull"}],"event_choices":[{"damage_healed":0,"gold_gain":0,"player_choice":"Take Wound","damage_taken":0,"relics_obtained":["Golden Idol"],"max_hp_gain":0,"max_hp_loss":0,"event_name":"Golden Idol","floor":2,"gold_loss":0,"cards_obtained":["Injury"]},{"damage_healed":0,"gold_gain":150,"player_choice":"AGREE","damage_taken":0,"max_hp_gain":0,"max_hp_loss":0,"event_name":"Liars Game","floor":3,"gold_loss":0,"cards_obtained":["Doubt"]},{"damage_healed":22,"gold_gain":0,"player_choice":"Banana","damage_taken":0,"max_hp_gain":0,"max_hp_loss":0,"event_name":"Big Fish","floor":11,"gold_loss":0}],"is_beta":false,"boss_relics":[],"items_purged_floors":[5],"is_endless":false,"potions_floor_spawned":[1,4,12,14],"killed_by":"Hexaghost","ascension_level":19}