{"gold_per_floor":[114,12,12,23,173,173,173,173,173,203,203,217,217],"floor_reached":13,"playtime":189,"items_purged":[],"score":207,"play_id":"0e9f6d40-264b-4152-9a0b-3478a3f855a5","local_time":"20210404222046","is_ascension_mode":true,"campfire_choices":[{"data":"1","floor":6,"key":"LIFT"},{"data":"2","floor":11,"key":"LIFT"}],"neow_cost":"NONE","seed_source_timestamp":723835165454700,"circlet_count":0,"master_deck":["AscendersBane","Strike_G","Strike_G","Strike_G","Strike_G","Strike_G","Defend_G","Defend_G","Defend_G","Defend_G","Defend_G","Survivor","Neutralize","PiercingWail","Panacea","Predator","Doubt","Parasite","Heel Hook","Infinite Blades"],"relics":["Ring of the Snake","NeowsBlessing","Girya","White Beast Statue","Singing Bowl"],"potions_floor_usage":[13],"damage_taken":[{"damage":0,"enemies":"Jaw Worm","floor":1,"turns":1},{"damage":0,"enemies":"Small Slimes","floor":4,"turns":1},{"damage":0,"enemies":"3 Sentries","floor":10,"turns":2},{"damage":0,"enemies":"2 Louse","floor":12,"turns":3},{"damage":27,"enemies":"Lagavulin","floor":13,"turns":5}],"seed_played":"-1747743570767976649","potions_obtained":[{"floor":10,"key":"Swift Potion"},{"floor":12,"key":"Explosive Potion"}],"is_trial":false,"path_per_floor":["M","$","?","M","?","R","?","?","T","E","R","M","E"],"character_chosen":"THE_SILENT","items_purchased":["Panacea"],"campfire_rested":0,"item_purchase_floors":[2],"current_hp_per_floor":[59,59,3,3,3,3,3,19,19,19,19,19,0],"gold":217,"neow_bonus":"THREE_ENEMY_KILL","is_prod":false,"is_daily":false,"chose_seed":false,"campfire_upgraded":0,"win_rate":0,"timestamp":1617589246,"path_taken":["M","$","?","M","?","R","?","?","T","E","R","?","E"],"build_version":"2020-12-22","purchased_purges":0,"victory":false,"max_hp_per_floor":[66,66,66,66,66,66,66,66,66,66,66,66,66],"card_choices":[{"not_picked":["Dodge and Roll","Well Laid Plans"],"picked":"PiercingWail","floor":1},{"not_picked":["Dagger Throw","Acrobatics"],"picked":"Predator","floor":4},{"not_picked":["Envenom","Masterful Stab"],"picked":"Heel Hook","floor":10},{"not_picked":["Dagger Throw","Distraction"],"picked":"Infinite Blades","floor":12}],"player_experience":1350837,"relics_obtained":[{"floor":9,"key":"White Beast Statue"},{"floor":10,"key":"Singing Bowl"}],"event_choices":[{"damage_healed":0,"gold_gain":0,"player_choice":"Success","damage_taken":56,"relics_obtained":["Girya"],"max_hp_gain":0,"max_hp_loss":0,"event_name":"Scrap Ooze","floor":3,"gold_loss":0},{"damage_healed":0,"gold_gain":150,"player_choice":"AGREE","damage_taken":0,"max_hp_gain":0,"max_hp_loss":0,"event_name":"Liars Game","floor":5,"gold_loss":0,"cards_obtained":["Doubt"]},{"damage_healed":0,"gold_gain":0,"player_choice":"Ignored","damage_taken":0,"max_hp_gain":0,"max_hp_loss":0,"event_name":"Shining Light","floor":7,"gold_loss":0},{"damage_healed":16,"gold_gain":0,"player_choice":"Healed and dodged fight","damage_taken":0,"max_hp_gain":0,"max_hp_loss":0,"event_name":"Mushrooms","floor":8,"gold_loss":0,"cards_obtained":["Parasite"]}],"is_beta":false,"boss_relics":[],"items_purged_floors":[],"is_endless":false,"potions_floor_spawned":[10,12],"killed_by":"Lagavulin","ascension_level":19}