{"gold_per_floor":[118,118,118,393,407,407,442,442,442,455,455],"floor_reached":11,"playtime":153,"items_purged":[],"score":187,"play_id":"5580af3b-57d4-4439-bf5c-6eb290eef22b","local_time":"20210403220740","is_ascension_mode":true,"campfire_choices":[{"data":"Distraction","floor":6,"key":"SMITH"},{"data":"Accuracy","floor":8,"key":"SMITH"}],"neow_cost":"NONE","seed_source_timestamp":636685423880800,"circlet_count":0,"master_deck":["AscendersBane","Strike_G","Strike_G","Strike_G","Strike_G","Defend_G+1","Defend_G","Defend_G","Defend_G","Defend_G","Survivor","Neutralize+1","Accuracy+1","Regret","Distraction+1","Flying Knee","Corpse Explosion"],"relics":["Ring of the Snake","NeowsBlessing","Bag of Preparation","Meat on the Bone"],"potions_floor_usage":[11],"damage_taken":[{"damage":0,"enemies":"2 Louse","floor":1,"turns":1},{"damage":0,"enemies":"Jaw Worm","floor":5,"turns":1},{"damage":0,"enemies":"Gremlin Nob","floor":7,"turns":1},{"damage":9,"enemies":"Cultist","floor":10,"turns":4},{"damage":40,"enemies":"Lagavulin","floor":11,"turns":6}],"seed_played":"-282135611922244996","potions_obtained":[{"floor":1,"key":"Swift Potion"}],"is_trial":false,"path_per_floor":["M","?","?","?","M","R","E","R","T","M","E"],"character_chosen":"THE_SILENT","items_purchased":[],"campfire_rested":0,"item_purchase_floors":[],"current_hp_per_floor":[59,52,32,32,32,32,32,32,32,35,0],"gold":455,"neow_bonus":"THREE_ENEMY_KILL","is_prod":false,"is_daily":false,"chose_seed":false,"campfire_upgraded":2,"win_rate":0,"timestamp":1617502060,"path_taken":["M","?","?","?","?","R","E","R","T","M","E"],"build_version":"2020-12-22","purchased_purges":0,"victory":false,"max_hp_per_floor":[66,66,66,66,66,66,66,66,66,66,66],"card_choices":[{"not_picked":["Flechettes","Dagger Throw"],"picked":"Accuracy","floor":1},{"not_picked":["Slice","Dodge and Roll"],"picked":"Distraction","floor":5},{"not_picked":["Dagger Throw","Prepared"],"picked":"Flying Knee","floor":7},{"not_picked":["Quick Slash","Backflip"],"picked":"Corpse Explosion","floor":10}],"player_experience":1350473,"relics_obtained":[{"floor":7,"key":"Bag of Preparation"},{"floor":9,"key":"Meat on the Bone"}],"event_choices":[{"cards_removed":["Strike_G"],"damage_healed":0,"gold_gain":0,"player_choice":"Card Removal","damage_taken":7,"max_hp_gain":0,"max_hp_loss":0,"event_name":"Golden Wing","floor":2,"gold_loss":0},{"damage_healed":0,"gold_gain":0,"player_choice":"Entered Light","damage_taken":20,"max_hp_gain":0,"max_hp_loss":0,"event_name":"Shining Light","floor":3,"gold_loss":0,"cards_upgraded":["Neutralize","Defend_G"]},{"damage_healed":0,"gold_gain":275,"player_choice":"Desecrate","damage_taken":0,"max_hp_gain":0,"max_hp_loss":0,"event_name":"Golden Shrine","floor":4,"gold_loss":0,"cards_obtained":["Regret"]}],"is_beta":false,"boss_relics":[],"items_purged_floors":[],"is_endless":false,"potions_floor_spawned":[1],"killed_by":"Lagavulin","ascension_level":19}