{"gold_per_floor":[118,2,2,18,29,62,62,62,62,62,62,62,62],"floor_reached":13,"playtime":392,"items_purged":["Regret"],"score":158,"play_id":"ce1e6ad1-2d8a-4558-97ee-4bf568049d05","local_time":"20210404231156","is_ascension_mode":true,"campfire_choices":[{"data":"Eviscerate","floor":7,"key":"SMITH"},{"floor":11,"key":"REST"}],"neow_cost":"CURSE","seed_source_timestamp":726702150033500,"circlet_count":0,"master_deck":["AscendersBane","Strike_G","Strike_G","Strike_G","Strike_G","Defend_G","Defend_G","Defend_G","Defend_G","Defend_G","Survivor","Neutralize","Tools of the Trade","Eviscerate+1","Reflex","All Out Attack+1","Venomology","Injury"],"relics":["Ring of the Snake","Frozen Egg 2","Golden Idol","Pocketwatch"],"potions_floor_usage":[6,13],"damage_taken":[{"damage":4,"enemies":"Cultist","floor":1,"turns":5},{"damage":1,"enemies":"Jaw Worm","floor":4,"turns":4},{"damage":0,"enemies":"2 Louse","floor":5,"turns":4},{"damage":14,"enemies":"3 Sentries","floor":6,"turns":10},{"damage":55,"enemies":"Gremlin Nob","floor":13,"turns":5}],"seed_played":"-4603689179092474066","potions_obtained":[{"floor":4,"key":"Swift Potion"}],"is_trial":false,"path_per_floor":["M","$","?","M","M","E","R","?","T","?","R","T","E"],"character_chosen":"THE_SILENT","items_purchased":["Reflex"],"campfire_rested":1,"item_purchase_floors":[2],"current_hp_per_floor":[55,55,48,47,47,33,33,33,33,33,52,52,0],"gold":62,"neow_bonus":"THREE_RARE_CARDS","is_prod":false,"is_daily":false,"chose_seed":false,"campfire_upgraded":1,"win_rate":0,"timestamp":1617592316,"path_taken":["M","$","?","M","M","E","R","?","T","?","R","?","E"],"build_version":"2020-12-22","purchased_purges":1,"victory":false,"max_hp_per_floor":[66,66,66,66,66,66,66,66,66,66,66,66,66],"card_choices":[{"not_picked":["Doppelganger","Burst"],"picked":"Tools of the Trade","floor":0},{"not_picked":["Leg Sweep","Slice"],"picked":"Eviscerate","floor":1},{"not_picked":["Poisoned Stab","PiercingWail"],"picked":"All Out Attack","floor":4},{"not_picked":["Bouncing Flask","Outmaneuver","Choke"],"picked":"SKIP","floor":5},{"not_picked":["Calculated Gamble","Dash"],"picked":"Venomology","floor":6}],"player_experience":1352187,"relics_obtained":[{"floor":6,"key":"Frozen Egg 2"},{"floor":12,"key":"Pocketwatch"}],"event_choices":[{"cards_removed":["Strike_G"],"damage_healed":0,"gold_gain":0,"player_choice":"Card Removal","damage_taken":7,"max_hp_gain":0,"max_hp_loss":0,"event_name":"Golden Wing","floor":3,"gold_loss":0},{"damage_healed":0,"gold_gain":0,"player_choice":"Grow","damage_taken":0,"max_hp_gain":0,"max_hp_loss":0,"event_name":"Living Wall","floor":8,"gold_loss":0,"cards_upgraded":["All Out Attack"]},{"damage_healed":0,"gold_gain":0,"player_choice":"Take Wound","damage_taken":0,"relics_obtained":["Golden Idol"],"max_hp_gain":0,"max_hp_loss":0,"event_name":"Golden Idol","floor":10,"gold_loss":0,"cards_obtained":["Injury"]}],"is_beta":false,"boss_relics":[],"items_purged_floors":[2],"is_endless":false,"potions_floor_spawned":[4],"killed_by":"Gremlin Nob","ascension_level":19}