{"gold_per_floor":[119,44,44,56,56,81,81,81,162,71,71,88,99,129,129,206,206,224,224,239,239,239,239,270,270,270,296,77,94,121,121,121,192,192,211,211,211,258,308,336,336,366,435,435,435,449,27,42,42,42],"floor_reached":51,"playtime":1693,"items_purged":[],"score":1674,"play_id":"fa8fa9fb-690e-4c8e-a6f5-e5e6b401e39f","local_time":"20210403195453","is_ascension_mode":true,"campfire_choices":[{"data":"1","floor":7.0,"key":"LIFT"},{"data":"2","floor":11.0,"key":"LIFT"},{"data":"3","floor":15.0,"key":"LIFT"},{"data":"Cloak And Dagger","floor":23.0,"key":"SMITH"},{"data":"Caltrops","floor":25.0,"key":"SMITH"},{"data":"Doppelganger","floor":32.0,"key":"SMITH"},{"data":"Infinite Blades","floor":41.0,"key":"SMITH"},{"floor":44,"key":"REST"},{"data":"Glass Knife","floor":49,"key":"SMITH"}],"neow_cost":"NONE","seed_source_timestamp":0,"circlet_count":0,"master_deck":["AscendersBane","Strike_G+1","Strike_G+1","Strike_G+1","Strike_G+1","Defend_G+1","Defend_G+1","Defend_G+1","Defend_G+1","Survivor+1","Neutralize+1","Poisoned Stab+1","Terror","Tactician","Blade Dance","Leg Sweep+1","Dagger Spray+1","Cloak And Dagger+1","Caltrops+1","Doppelganger+1","Accuracy+1","Venomology","Cloak And Dagger","Infinite Blades+1","Phantasmal Killer","Dodge and Roll+1","Glass Knife+1"],"special_seed":0,"relics":["Ring of the Snake","NeowsBlessing","Kunai","Girya","Gremlin Horn","Lantern","Black Star","Blue Candle","Mummified Hand","Matryoshka","Art of War","War Paint","Chemical X","Anchor","StoneCalendar","MutagenicStrength","Busted Crown","Question Card","Orichalcum","Tingsha","Regal Pillow","Prayer Wheel","Ancient Tea Set","Boot","Whetstone","Pear","Vajra","Lee\u0027s Waffle"],"potions_floor_usage":[42,42,42,50],"damage_taken":[{"damage":0.0,"enemies":"Small Slimes","floor":1.0,"turns":1.0},{"damage":0.0,"enemies":"Jaw Worm","floor":4.0,"turns":1.0},{"damage":0.0,"enemies":"Gremlin Nob","floor":6.0,"turns":1.0},{"damage":0.0,"enemies":"Cultist","floor":12.0,"turns":3.0},{"damage":6.0,"enemies":"3 Louse","floor":13.0,"turns":2.0},{"damage":3.0,"enemies":"Lagavulin","floor":14.0,"turns":6.0},{"damage":8.0,"enemies":"The Guardian","floor":16.0,"turns":10.0},{"damage":0.0,"enemies":"Chosen","floor":18.0,"turns":4.0},{"damage":0.0,"enemies":"Spheric Guardian","floor":20.0,"turns":3.0},{"damage":8.0,"enemies":"Book of Stabbing","floor":24.0,"turns":5.0},{"damage":0.0,"enemies":"Gremlin Leader","floor":27.0,"turns":5.0},{"damage":0.0,"enemies":"Centurion and Healer","floor":29.0,"turns":3.0},{"damage":0.0,"enemies":"Book of Stabbing","floor":30.0,"turns":3.0},{"damage":30.0,"enemies":"Automaton","floor":33.0,"turns":7.0},{"damage":0.0,"enemies":"Orb Walker","floor":35.0,"turns":3.0},{"damage":12.0,"enemies":"2 Orb Walkers","floor":39.0,"turns":3.0},{"damage":0.0,"enemies":"Reptomancer","floor":40.0,"turns":3.0},{"damage":37,"enemies":"Nemesis","floor":42,"turns":5},{"damage":7,"enemies":"3 Shapes","floor":46,"turns":6},{"damage":12,"enemies":"3 Darklings","floor":48,"turns":4},{"damage":19,"enemies":"Awakened One","floor":50,"turns":9}],"seed_played":"5391569124243665414","potions_obtained":[{"floor":4.0,"key":"BlessingOfTheForge"},{"floor":12.0,"key":"DuplicationPotion"},{"floor":18.0,"key":"SkillPotion"},{"floor":24.0,"key":"SkillPotion"},{"floor":46,"key":"PowerPotion"}],"is_trial":false,"path_per_floor":["M","?","?","M","T","E","R","?","T","$","R","M","M","E","R","B",null,"M","?","M","?","?","R","E","R","T","E","$","M","E","?","R","B",null,"M","?","?","T","?","E","R","E","T","R","?","M","$","M","R","B",null],"character_chosen":"THE_SILENT","items_purchased":["Blade Dance","Leg Sweep","Chemical X","Cloak And Dagger","Vajra","Lee\u0027s Waffle","Glass Knife"],"campfire_rested":1,"item_purchase_floors":[10,10,28,28,47,47,47],"current_hp_per_floor":[59,59,39,39,39,39,39,39,39,39,39,39,33,30,30,22,55,55,55,55,55,55,55,47,47,47,47,47,47,47,47,47,17,54,54,54,54,54,42,42,42,17,27,63,63,56,80,68,68,49],"gold":42,"neow_bonus":"THREE_ENEMY_KILL","is_prod":false,"is_daily":false,"chose_seed":false,"campfire_upgraded":5,"win_rate":0,"timestamp":1617494093,"path_taken":["M","?","?","?","?","E","R","?","T","$","R","?","M","E","R","BOSS","M","?","M","?","?","R","E","R","T","E","$","M","E","?","R","BOSS","M","?","?","?","?","E","R","E","T","R","?","?","$","M","R","BOSS"],"build_version":"2020-12-22","purchased_purges":0,"victory":true,"max_hp_per_floor":[66,66,66,66,66,66,66,66,66,66,66,66,66,66,66,66,66,66,66,66,66,66,66,66,66,66,66,66,66,66,66,66,66,66,66,66,63,63,63,63,63,63,73,73,73,73,80,80,80,80],"card_choices":[{"not_picked":["Bane","Cloak And Dagger"],"picked":"Poisoned Stab","floor":1.0},{"not_picked":["Sucker Punch","Deadly Poison"],"picked":"Terror","floor":4.0},{"not_picked":["Dagger Throw","Poisoned Stab"],"picked":"Tactician","floor":6.0},{"not_picked":["Deflect","Backflip"],"picked":"Dagger Spray","floor":12.0},{"not_picked":["Choke","PiercingWail"],"picked":"Cloak And Dagger","floor":13.0},{"not_picked":["Envenom","Slice"],"picked":"Caltrops","floor":14.0},{"not_picked":["Die Die Die","Unload"],"picked":"Doppelganger","floor":16.0},{"not_picked":["Flying Knee","Underhanded Strike","Slice"],"picked":"SKIP","floor":18.0},{"not_picked":["Dodge and Roll","Acrobatics+1"],"picked":"Accuracy+1","floor":20.0},{"not_picked":["Flechettes+1","Bane"],"picked":"Venomology","floor":24.0},{"not_picked":["Dagger Throw","Catalyst","Bouncing Flask"],"picked":"SKIP","floor":27.0},{"not_picked":["Dagger Throw","Cloak And Dagger","Slice"],"picked":"SKIP","floor":29.0},{"not_picked":["Dagger Throw","Deadly Poison"],"picked":"Infinite Blades","floor":30.0},{"not_picked":["Die Die Die","Night Terror"],"picked":"Phantasmal Killer","floor":33.0},{"not_picked":["Underhanded Strike"],"picked":"SKIP","floor":35.0},{"not_picked":["Prepared+1"],"picked":"Dodge and Roll+1","floor":39.0},{"not_picked":["Tactician+1","PiercingWail+1"],"picked":"SKIP","floor":40.0},{"not_picked":["Backstab","Dodge and Roll"],"picked":"SKIP","floor":42},{"not_picked":["Outmaneuver","All Out Attack"],"picked":"SKIP","floor":46},{"not_picked":["Poisoned Stab","Underhanded Strike"],"picked":"SKIP","floor":46},{"not_picked":["Dagger Throw","Leg Sweep"],"picked":"SKIP","floor":48},{"not_picked":["PiercingWail+1","Outmaneuver"],"picked":"SKIP","floor":48}],"player_experience":1347758,"relics_obtained":[{"floor":5.0,"key":"Kunai"},{"floor":6.0,"key":"Girya"},{"floor":9.0,"key":"Gremlin Horn"},{"floor":14.0,"key":"Lantern"},{"floor":24.0,"key":"Blue Candle"},{"floor":24.0,"key":"Mummified Hand"},{"floor":26.0,"key":"Matryoshka"},{"floor":27.0,"key":"Art of War"},{"floor":27.0,"key":"War Paint"},{"floor":30.0,"key":"Anchor"},{"floor":30.0,"key":"StoneCalendar"},{"floor":38.0,"key":"Question Card"},{"floor":38.0,"key":"Orichalcum"},{"floor":39.0,"key":"Tingsha"},{"floor":40.0,"key":"Regal Pillow"},{"floor":40.0,"key":"Prayer Wheel"},{"floor":42,"key":"Ancient Tea Set"},{"floor":42,"key":"Boot"},{"floor":43,"key":"Whetstone"},{"floor":43,"key":"Pear"}],"event_choices":[{"cards_removed":["Strike_G"],"damage_healed":0.0,"max_hp_gain":0.0,"max_hp_loss":0.0,"gold_gain":0.0,"event_name":"The Cleric","player_choice":"Card Removal","floor":2.0,"gold_loss":75.0,"damage_taken":0.0},{"damage_healed":0.0,"max_hp_gain":0.0,"max_hp_loss":0.0,"gold_gain":0.0,"event_name":"Shining Light","player_choice":"Entered Light","floor":3.0,"gold_loss":0.0,"damage_taken":20.0,"cards_upgraded":["Defend_G","Neutralize"]},{"cards_removed":["Defend_G"],"damage_healed":0.0,"max_hp_gain":0.0,"max_hp_loss":0.0,"gold_gain":0.0,"event_name":"Purifier","player_choice":"Purged","floor":8.0,"gold_loss":0.0,"damage_taken":0.0},{"damage_healed":0.0,"max_hp_gain":0.0,"max_hp_loss":0.0,"gold_gain":0.0,"event_name":"Ghosts","player_choice":"Ignored","floor":19.0,"gold_loss":0.0,"damage_taken":0.0},{"damage_healed":0.0,"max_hp_gain":0.0,"max_hp_loss":0.0,"gold_gain":0.0,"event_name":"Back to Basics","player_choice":"Simplicity","floor":21.0,"gold_loss":0.0,"damage_taken":0.0,"cards_upgraded":["Strike_G","Strike_G","Strike_G","Strike_G","Defend_G","Defend_G","Defend_G"]},{"damage_healed":0.0,"max_hp_gain":0.0,"max_hp_loss":0.0,"gold_gain":0.0,"event_name":"Cursed Tome","player_choice":"Ignored","floor":22.0,"gold_loss":0.0,"damage_taken":0.0},{"damage_healed":0.0,"max_hp_gain":0.0,"max_hp_loss":0.0,"gold_gain":0.0,"event_name":"Drug Dealer","player_choice":"Inject Mutagens","floor":31.0,"gold_loss":0.0,"damage_taken":0.0,"relics_obtained":["MutagenicStrength"]},{"damage_healed":0.0,"max_hp_gain":0.0,"max_hp_loss":0.0,"gold_gain":0.0,"event_name":"Tomb of Lord Red Mask","player_choice":"Ignored","floor":36.0,"gold_loss":0.0,"damage_taken":0.0},{"damage_healed":0.0,"max_hp_gain":0.0,"max_hp_loss":3.0,"gold_gain":0.0,"event_name":"Winding Halls","player_choice":"Max HP","floor":37.0,"gold_loss":0.0,"damage_taken":0.0},{"damage_healed":0.0,"max_hp_gain":0.0,"max_hp_loss":0.0,"gold_gain":0.0,"event_name":"Mysterious Sphere","player_choice":"Fight","floor":39.0,"gold_loss":0.0,"damage_taken":0.0},{"damage_healed":0,"gold_gain":0,"player_choice":"Ignored","damage_taken":0,"max_hp_gain":0,"max_hp_loss":0,"event_name":"SecretPortal","floor":45,"gold_loss":0}],"is_beta":false,"boss_relics":[{"not_picked":["Cursed Key","Calling Bell"],"picked":"Black Star"},{"not_picked":["Astrolabe","Runic Dome"],"picked":"Busted Crown"}],"items_purged_floors":[],"is_endless":false,"potions_floor_spawned":[4,12,18,24,33,39,40,46],"ascension_level":18}