{"gold_per_floor":[114,134,134,53,72,72,89,115,115,115],"floor_reached":10,"playtime":440,"items_purged":[],"score":133,"play_id":"4eacfc56-b87a-4154-8de4-75e319accbc7","local_time":"20210404222822","is_ascension_mode":true,"campfire_choices":[{"data":"Skewer","floor":6,"key":"SMITH"}],"neow_cost":"NONE","seed_source_timestamp":724039740936000,"circlet_count":0,"master_deck":["AscendersBane","Strike_G","Strike_G","Strike_G","Strike_G","Strike_G","Defend_G","Defend_G","Defend_G","Defend_G","Defend_G","Survivor","Neutralize","Dagger Spray","Predator","Regret","Skewer+1","Caltrops","Dodge and Roll+1"],"relics":["Ring of the Snake","Dream Catcher","Toxic Egg 2","Matryoshka"],"potions_floor_usage":[8,8],"damage_taken":[{"damage":0,"enemies":"Cultist","floor":1,"turns":3},{"damage":9,"enemies":"Jaw Worm","floor":2,"turns":6},{"damage":0,"enemies":"2 Louse","floor":5,"turns":3},{"damage":9,"enemies":"Exordium Thugs","floor":7,"turns":6},{"damage":39,"enemies":"Lagavulin","floor":8,"turns":10},{"damage":11,"enemies":"3 Sentries","floor":10,"turns":2}],"seed_played":"1611939787015737548","potions_obtained":[{"floor":5,"key":"PowerPotion"},{"floor":7,"key":"FearPotion"}],"is_trial":false,"path_per_floor":["M","M","?","$","M","R","M","E","T","E"],"character_chosen":"THE_SILENT","items_purchased":["Skewer"],"campfire_rested":0,"item_purchase_floors":[4],"current_hp_per_floor":[65,56,56,56,56,56,47,8,8,0],"gold":115,"neow_bonus":"TEN_PERCENT_HP_BONUS","is_prod":false,"is_daily":false,"chose_seed":false,"campfire_upgraded":1,"win_rate":0,"timestamp":1617589702,"path_taken":["M","M","?","$","M","R","M","E","T","E"],"build_version":"2020-12-22","purchased_purges":0,"victory":false,"max_hp_per_floor":[72,72,72,72,72,72,72,72,72,72],"card_choices":[{"not_picked":["Dagger Throw","Dodge and Roll"],"picked":"Dagger Spray","floor":1},{"not_picked":["Riddle With Holes","Blur"],"picked":"Predator","floor":2},{"not_picked":["Acrobatics","Deadly Poison","Backflip"],"picked":"SKIP","floor":5},{"not_picked":["Bane","Acrobatics"],"picked":"Caltrops","floor":7},{"not_picked":["Heel Hook","Skewer"],"picked":"Dodge and Roll+1","floor":8}],"player_experience":1351026,"relics_obtained":[{"floor":8,"key":"Toxic Egg 2"},{"floor":9,"key":"Matryoshka"}],"event_choices":[{"damage_healed":0,"gold_gain":0,"player_choice":"Box","damage_taken":0,"relics_obtained":["Dream Catcher"],"max_hp_gain":0,"max_hp_loss":0,"event_name":"Big Fish","floor":3,"gold_loss":0,"cards_obtained":["Regret"]}],"is_beta":false,"boss_relics":[],"items_purged_floors":[],"is_endless":false,"potions_floor_spawned":[5,7],"killed_by":"3 Sentries","ascension_level":19}