{"gold_per_floor":[119,119,130,93,106,106,137,137,189,204,238,55,68,97,97,97],"floor_reached":16,"playtime":559,"items_purged":[],"score":232,"play_id":"5ffb7123-6eef-484d-896f-a3e925a7d0d5","local_time":"20210402232817","is_ascension_mode":true,"campfire_choices":[{"data":"Accuracy","floor":6.0,"key":"SMITH"},{"floor":15.0,"key":"REST"}],"neow_cost":"TEN_PERCENT_HP_LOSS","seed_source_timestamp":0,"circlet_count":0,"master_deck":["AscendersBane","Strike_G","Strike_G","Strike_G","Strike_G","Strike_G","Defend_G","Defend_G","Defend_G","Defend_G","Defend_G","Survivor","Neutralize","Envenom","Blade Dance","Tactician","Burst","Cloak And Dagger","Accuracy+1","Blade Dance","Infinite Blades","Footwork","Apotheosis","Escape Plan"],"special_seed":0,"relics":["Ring of the Snake","Shuriken","MealTicket","Dream Catcher","CaptainsWheel"],"potions_floor_usage":[16,16],"damage_taken":[{"damage":0.0,"enemies":"2 Louse","floor":1.0,"turns":4.0},{"damage":3.0,"enemies":"Cultist","floor":3.0,"turns":5.0},{"damage":7.0,"enemies":"Jaw Worm","floor":5.0,"turns":3.0},{"damage":29.0,"enemies":"3 Sentries","floor":7.0,"turns":10.0},{"damage":0.0,"enemies":"Gremlin Gang","floor":8.0,"turns":1.0},{"damage":1.0,"enemies":"Lots of Slimes","floor":10.0,"turns":4.0},{"damage":5.0,"enemies":"Lagavulin","floor":11.0,"turns":5.0},{"damage":14.0,"enemies":"Exordium Thugs","floor":13.0,"turns":5.0},{"damage":6.0,"enemies":"Gremlin Nob","floor":14.0,"turns":3.0},{"damage":29,"enemies":"The Guardian","floor":16,"turns":5}],"seed_played":"2219043867549062940","potions_obtained":[{"floor":3.0,"key":"SmokeBomb"},{"floor":11.0,"key":"BlessingOfTheForge"},{"floor":13.0,"key":"Ancient Potion"},{"floor":14.0,"key":"LiquidBronze"}],"is_trial":false,"path_per_floor":["M","?","M","$","M","R","E","M","T","M","E","$","M","E","R","B"],"character_chosen":"THE_SILENT","items_purchased":["Accuracy","Apotheosis"],"campfire_rested":1,"item_purchase_floors":[4,12],"current_hp_per_floor":[59,59,56,56,49,49,20,20,20,19,14,29,15,9,27,0],"gold":97,"neow_bonus":"THREE_RARE_CARDS","is_prod":false,"is_daily":false,"chose_seed":false,"campfire_upgraded":1,"win_rate":0,"timestamp":1617420497,"path_taken":["M","?","M","$","?","R","E","M","T","M","E","$","M","E","R","BOSS"],"build_version":"2020-12-22","purchased_purges":0,"victory":false,"max_hp_per_floor":[60,60,60,60,60,60,60,60,60,60,60,60,60,60,60,60],"card_choices":[{"not_picked":["Burst","Night Terror"],"picked":"Envenom","floor":0.0},{"not_picked":["Bane","Cloak And Dagger"],"picked":"Blade Dance","floor":1.0},{"not_picked":["Predator","PiercingWail"],"picked":"Cloak And Dagger","floor":3.0},{"not_picked":["Deadly Poison","Slice","PiercingWail"],"picked":"SKIP","floor":5.0},{"not_picked":["Finisher","Deflect"],"picked":"Blade Dance","floor":7.0},{"not_picked":["Malaise","Underhanded Strike"],"picked":"Infinite Blades","floor":10.0},{"not_picked":["Backflip","Eviscerate"],"picked":"Footwork","floor":11.0},{"not_picked":["Backstab","Dash"],"picked":"Escape Plan","floor":13.0},{"not_picked":["Predator","Bane","Quick Slash"],"picked":"SKIP","floor":14.0}],"player_experience":1343836,"relics_obtained":[{"floor":7.0,"key":"Shuriken"},{"floor":9.0,"key":"MealTicket"},{"floor":11.0,"key":"Dream Catcher"},{"floor":14.0,"key":"CaptainsWheel"}],"event_choices":[{"damage_healed":0.0,"max_hp_gain":0.0,"max_hp_loss":0.0,"gold_gain":0.0,"event_name":"Match and Keep!","player_choice":"2 cards matched","floor":2.0,"gold_loss":0.0,"damage_taken":0.0,"cards_obtained":["Tactician","Burst"]}],"is_beta":false,"boss_relics":[],"items_purged_floors":[],"is_endless":false,"potions_floor_spawned":[3,11,13,14],"killed_by":"The Guardian","ascension_level":18}