{"gold_per_floor":[111,91,108,123,134,163,239,239,309,309,338,28,63,84,84,157,157,172,184,109,109,120,120],"floor_reached":23,"playtime":1312,"items_purged":[],"score":397,"play_id":"48453150-8744-4d04-912d-d1a35f7297a3","local_time":"20210402235022","is_ascension_mode":true,"campfire_choices":[{"floor":8,"key":"REST"},{"data":"Malaise","floor":10,"key":"SMITH"},{"data":"Footwork","floor":15,"key":"SMITH"}],"neow_cost":"NONE","seed_source_timestamp":555286762277500,"circlet_count":0,"master_deck":["AscendersBane","Strike_G","Strike_G","Strike_G","Strike_G","Strike_G","Defend_G","Defend_G","Defend_G","Defend_G","Survivor","Neutralize","Malaise+1","Footwork+1","Masterful Stab","Terror","After Image","Escape Plan","Dagger Spray","Dodge and Roll+1","Doppelganger+1","CurseOfTheBell","Acrobatics+1","Accuracy","Deadly Poison+1"],"relics":["Ring of the Snake","Peace Pipe","Eternal Feather","Ancient Tea Set","HandDrill","Toxic Egg 2","Odd Mushroom","Calling Bell","Omamori","Kunai","Gambling Chip"],"potions_floor_usage":[6,6,13,16,18],"damage_taken":[{"damage":2,"enemies":"2 Louse","floor":1,"turns":3},{"damage":0,"enemies":"Cultist","floor":3,"turns":4},{"damage":0,"enemies":"Small Slimes","floor":4,"turns":6},{"damage":1,"enemies":"2 Fungi Beasts","floor":5,"turns":5},{"damage":48,"enemies":"Gremlin Nob","floor":6,"turns":6},{"damage":2,"enemies":"Lagavulin","floor":11,"turns":7},{"damage":1,"enemies":"3 Sentries","floor":13,"turns":9},{"damage":8,"enemies":"The Mushroom Lair","floor":14,"turns":6},{"damage":17,"enemies":"The Guardian","floor":16,"turns":11},{"damage":10,"enemies":"Spheric Guardian","floor":18,"turns":12},{"damage":8,"enemies":"3 Byrds","floor":19,"turns":10},{"damage":7,"enemies":"Snake Plant","floor":22,"turns":10},{"damage":31,"enemies":"Book of Stabbing","floor":23,"turns":8}],"seed_played":"-4227542672768377192","potions_obtained":[{"floor":1,"key":"Energy Potion"},{"floor":2,"key":"CunningPotion"},{"floor":11,"key":"SteroidPotion"},{"floor":13,"key":"ColorlessPotion"},{"floor":16,"key":"ColorlessPotion"}],"is_trial":false,"path_per_floor":["M","?","M","M","M","E","?","R","T","R","E","$","E","?","R","B",null,"M","M","?","?","M","E"],"character_chosen":"THE_SILENT","items_purchased":["HandDrill","Escape Plan","Dagger Spray"],"campfire_rested":1,"item_purchase_floors":[12,12,12],"current_hp_per_floor":[57,57,57,57,56,8,8,27,27,36,34,34,33,25,37,20,55,45,37,37,37,30,0],"gold":120,"neow_bonus":"ONE_RANDOM_RARE_CARD","is_prod":false,"is_daily":false,"chose_seed":false,"campfire_upgraded":2,"win_rate":0,"timestamp":1617421822,"path_taken":["M","?","M","M","?","E","?","R","T","R","E","$","E","?","R","BOSS","M","M","?","?","M","E"],"build_version":"2020-12-22","purchased_purges":0,"victory":false,"max_hp_per_floor":[66,66,66,66,66,66,66,66,66,66,66,66,66,66,66,66,66,66,66,66,66,66,66],"card_choices":[{"not_picked":["Sucker Punch","Acrobatics"],"picked":"Footwork","floor":1},{"not_picked":["PiercingWail","Concentrate","Slice"],"picked":"SKIP","floor":3},{"not_picked":["Setup","Well Laid Plans"],"picked":"Masterful Stab","floor":4},{"not_picked":["Sucker Punch","Quick Slash"],"picked":"Terror","floor":5},{"not_picked":["Expertise","Blade Dance"],"picked":"After Image","floor":6},{"not_picked":["Deadly Poison","Bane","Envenom"],"picked":"SKIP","floor":11},{"not_picked":["Dagger Throw","Slice"],"picked":"Dodge and Roll+1","floor":13},{"not_picked":["Adrenaline+1","Burst+1"],"picked":"Doppelganger+1","floor":16},{"not_picked":["Poisoned Stab","Dagger Spray"],"picked":"Acrobatics+1","floor":18},{"not_picked":["Poisoned Stab","Backflip+1"],"picked":"Accuracy","floor":19},{"not_picked":["PiercingWail+1","Prepared+1"],"picked":"Deadly Poison+1","floor":22}],"player_experience":1344395,"relics_obtained":[{"floor":6,"key":"Peace Pipe"},{"floor":9,"key":"Eternal Feather"},{"floor":11,"key":"Ancient Tea Set"},{"floor":13,"key":"Toxic Egg 2"},{"floor":14,"key":"Odd Mushroom"},{"floor":17,"key":"Omamori"},{"floor":17,"key":"Kunai"},{"floor":17,"key":"Gambling Chip"}],"event_choices":[{"damage_healed":0,"gold_gain":0,"player_choice":"Bought 1 Potion","damage_taken":0,"max_hp_gain":0,"max_hp_loss":0,"event_name":"The Woman in Blue","floor":2,"gold_loss":0},{"damage_healed":0,"gold_gain":76,"player_choice":"Gained Gold","damage_taken":0,"max_hp_gain":0,"max_hp_loss":0,"event_name":"Golden Wing","floor":7,"gold_loss":0},{"damage_healed":0,"gold_gain":0,"player_choice":"Fought Mushrooms","damage_taken":0,"max_hp_gain":0,"max_hp_loss":0,"event_name":"Mushrooms","floor":14,"gold_loss":0},{"cards_removed":["Defend_G"],"damage_healed":0,"gold_gain":0,"player_choice":"Gave Gold","damage_taken":0,"max_hp_gain":0,"max_hp_loss":0,"event_name":"Beggar","floor":20,"gold_loss":75},{"damage_healed":0,"gold_gain":0,"player_choice":"Smashed Altar","damage_taken":0,"max_hp_gain":0,"max_hp_loss":0,"event_name":"Forgotten Altar","floor":21,"gold_loss":0,"cards_obtained":["Decay"]}],"is_beta":false,"boss_relics":[{"not_picked":["Snecko Eye","Runic Pyramid"],"picked":"Calling Bell"}],"items_purged_floors":[],"is_endless":false,"potions_floor_spawned":[1,5,11,13,16],"killed_by":"Book of Stabbing","ascension_level":18}