{"gold_per_floor":[114,133,133,200,13,45,45,75,100,113,126,126,126,142,142,142],"floor_reached":16,"playtime":673,"items_purged":[],"score":263,"play_id":"737c93f1-7025-471d-af05-79f3f12acb28","local_time":"20210412151714","is_ascension_mode":true,"campfire_choices":[{"data":"Deadly Poison","floor":7,"key":"SMITH"},{"floor":13,"key":"REST"},{"data":"Glass Knife","floor":15,"key":"SMITH"}],"neow_cost":"NONE","seed_source_timestamp":283023565965600,"circlet_count":0,"master_deck":["AscendersBane","Strike_G","Strike_G","Strike_G","Strike_G","Defend_G","Defend_G","Defend_G","Defend_G","Defend_G","Survivor","Neutralize","All Out Attack","Acrobatics","Deadly Poison+1","Leg Sweep","Glass Knife+1","Escape Plan","Prepared","Deadly Poison"],"relics":["Ring of the Snake","NeowsBlessing","Snake Skull","Happy Flower","Kunai","PreservedInsect"],"potions_floor_usage":[8,16,16],"damage_taken":[{"damage":0,"enemies":"Cultist","floor":1,"turns":1},{"damage":0,"enemies":"Jaw Worm","floor":2,"turns":1},{"damage":0,"enemies":"Lagavulin","floor":6,"turns":1},{"damage":29,"enemies":"3 Sentries","floor":8,"turns":9},{"damage":7,"enemies":"2 Louse","floor":10,"turns":3},{"damage":0,"enemies":"2 Fungi Beasts","floor":11,"turns":3},{"damage":2,"enemies":"Large Slime","floor":14,"turns":6},{"damage":45,"enemies":"Slime Boss","floor":16,"turns":8}],"seed_played":"-9083872232520735705","potions_obtained":[{"floor":1,"key":"BlessingOfTheForge"},{"floor":2,"key":"SpeedPotion"},{"floor":11,"key":"Fire Potion"}],"is_trial":false,"path_per_floor":["M","M","$","?","$","E","R","E","T","M","M","?","R","M","R","B"],"character_chosen":"THE_SILENT","items_purchased":["Snake Skull","Deadly Poison"],"campfire_rested":1,"item_purchase_floors":[5,5],"current_hp_per_floor":[59,59,59,59,59,59,59,30,30,23,23,23,42,40,40,0],"gold":142,"neow_bonus":"THREE_ENEMY_KILL","is_prod":false,"is_daily":false,"chose_seed":false,"campfire_upgraded":2,"win_rate":0,"timestamp":1618255034,"path_taken":["M","?","$","?","?","E","R","E","T","M","?","?","R","M","R","BOSS"],"build_version":"2020-12-22","purchased_purges":0,"victory":false,"max_hp_per_floor":[66,66,66,66,66,66,66,66,66,66,66,66,66,66,66,66],"card_choices":[{"not_picked":["Poisoned Stab","Eviscerate"],"picked":"All Out Attack","floor":1},{"not_picked":["Deadly Poison","Finisher"],"picked":"Acrobatics","floor":2},{"not_picked":["Deflect","Flying Knee"],"picked":"Leg Sweep","floor":6},{"not_picked":["Dagger Throw","Expertise","Dodge and Roll"],"picked":"SKIP","floor":8},{"not_picked":["Endless Agony","Predator"],"picked":"Glass Knife","floor":10},{"not_picked":["Skewer","Caltrops"],"picked":"Escape Plan","floor":11},{"not_picked":["Dagger Spray","Caltrops"],"picked":"Deadly Poison","floor":14}],"player_experience":1358042,"relics_obtained":[{"floor":6,"key":"Happy Flower"},{"floor":8,"key":"Kunai"},{"floor":9,"key":"PreservedInsect"}],"event_choices":[{"damage_healed":0,"gold_gain":67,"player_choice":"Gained Gold","damage_taken":0,"max_hp_gain":0,"max_hp_loss":0,"event_name":"Golden Wing","floor":4,"gold_loss":0},{"damage_healed":0,"gold_gain":0,"cards_transformed":["Strike_G"],"player_choice":"Transformed","damage_taken":0,"max_hp_gain":0,"max_hp_loss":0,"event_name":"Transmorgrifier","floor":12,"gold_loss":0,"cards_obtained":["Prepared"]}],"is_beta":false,"boss_relics":[],"items_purged_floors":[],"is_endless":false,"potions_floor_spawned":[1,2,11],"killed_by":"Slime Boss","ascension_level":19}