{"gold_per_floor":[115,64,76,91,91,91,125,125,125,138,158,170,170,170,170,243,243,255,255,35,35,35,60,60,85,85,85,85,98,23,55,55,132,132,145,145,161,161,161,161,193,193,220,247,247,267,95,122,122,122],"floor_reached":51,"playtime":1867,"items_purged":[],"score":1733,"play_id":"e382cc22-24ce-442c-80e3-aad2ba42b92c","local_time":"20210415221459","is_ascension_mode":true,"campfire_choices":[{"data":"Dagger Spray","floor":6,"key":"SMITH"},{"floor":8,"key":"REST"},{"data":"Eviscerate","floor":15,"key":"SMITH"},{"data":"Doppelganger","floor":24,"key":"SMITH"},{"data":"Bouncing Flask","floor":32,"key":"SMITH"},{"data":"Noxious Fumes","floor":40,"key":"SMITH"},{"floor":45,"key":"REST"},{"data":"Adrenaline","floor":49,"key":"SMITH"}],"neow_cost":"NONE","seed_source_timestamp":566088452425000,"circlet_count":0,"master_deck":["AscendersBane","Survivor","Neutralize+1","Bouncing Flask+1","Dagger Spray+1","Flying Knee+1","Backflip","Eviscerate+1","Blur","Terror","Predator","Doppelganger+1","Prepared","Footwork","Unload","Tactician","Underhanded Strike","Necronomicurse","Deflect+1","Calculated Gamble","Shame","Leg Sweep+1","Noxious Fumes+1","Tools of the Trade","After Image+1","Heel Hook","All Out Attack+1","Adrenaline+1","Acrobatics"],"relics":["Ring of the Snake","Happy Flower","Gambling Chip","TungstenRod","Pandora\u0027s Box","ClockworkSouvenir","Necronomicon","Nunchaku","Juzu Bracelet","Turnip","MutagenicStrength","MealTicket","Whetstone","Astrolabe","Boot","Blood Vial","FossilizedHelix","Ornamental Fan"],"potions_floor_usage":[7,16,29,33,33,41,50],"damage_taken":[{"damage":15,"enemies":"Cultist","floor":1,"turns":7},{"damage":4,"enemies":"Small Slimes","floor":3,"turns":3},{"damage":1,"enemies":"Jaw Worm","floor":4,"turns":3},{"damage":17,"enemies":"3 Sentries","floor":7,"turns":6},{"damage":0,"enemies":"3 Louse","floor":10,"turns":2},{"damage":12,"enemies":"Exordium Thugs","floor":11,"turns":4},{"damage":0,"enemies":"Large Slime","floor":12,"turns":3},{"damage":16,"enemies":"Hexaghost","floor":16,"turns":7},{"damage":0,"enemies":"Spheric Guardian","floor":18,"turns":1},{"damage":8,"enemies":"Slavers","floor":23,"turns":5},{"damage":0,"enemies":"Gremlin Leader","floor":25,"turns":4},{"damage":0,"enemies":"Shell Parasite","floor":29,"turns":2},{"damage":0,"enemies":"Book of Stabbing","floor":31,"turns":3},{"damage":37,"enemies":"Champ","floor":33,"turns":7},{"damage":0,"enemies":"Orb Walker","floor":35,"turns":2},{"damage":0,"enemies":"3 Shapes","floor":37,"turns":3},{"damage":15,"enemies":"Nemesis","floor":41,"turns":5},{"damage":73,"enemies":"Reptomancer","floor":44,"turns":5},{"damage":0,"enemies":"Writhing Mass","floor":46,"turns":4},{"damage":0,"enemies":"Nemesis","floor":48,"turns":5},{"damage":12,"enemies":"Donu and Deca","floor":50,"turns":8}],"seed_played":"766290270169488708","potions_obtained":[{"floor":1,"key":"CultistPotion"},{"floor":3,"key":"BlessingOfTheForge"},{"floor":16,"key":"AttackPotion"},{"floor":23,"key":"CunningPotion"},{"floor":29,"key":"Dexterity Potion"},{"floor":33,"key":"FairyPotion"},{"floor":35,"key":"Dexterity Potion"},{"floor":44,"key":"Explosive Potion"}],"is_trial":false,"path_per_floor":["M","$","M","M","?","R","E","R","T","M","M","M","?","?","R","B",null,"M","?","$","$","?","E","R","E","T","?","?","M","$","E","R","B",null,"M","?","M","?","?","R","E","?","T","E","R","M","$","E","R","B",null],"character_chosen":"THE_SILENT","items_purchased":["Dagger Spray","ClockworkSouvenir","Underhanded Strike","Noxious Fumes","Adrenaline"],"campfire_rested":2,"item_purchase_floors":[2,20,20,30,47],"current_hp_per_floor":[44,44,40,39,32,32,15,34,34,34,22,22,22,44,44,28,57,57,57,57,57,40,32,32,32,32,32,32,32,47,47,47,10,52,52,52,52,52,76,76,61,61,61,21,42,44,59,61,61,51],"gold":122,"neow_bonus":"RANDOM_COMMON_RELIC","is_prod":false,"is_daily":false,"chose_seed":false,"campfire_upgraded":6,"win_rate":0,"timestamp":1618539299,"path_taken":["M","?","M","M","?","R","E","R","T","M","?","M","?","?","R","BOSS","M","?","?","$","?","E","R","E","T","?","?","M","$","E","R","BOSS","M","?","M","?","?","R","E","?","T","E","R","M","$","E","R","BOSS"],"build_version":"2020-12-22","purchased_purges":0,"victory":true,"max_hp_per_floor":[66,66,66,66,66,66,66,66,66,66,66,66,66,66,66,66,66,66,66,66,66,66,66,66,66,66,66,66,66,66,66,66,66,66,66,66,66,66,76,76,76,72,72,72,72,72,72,72,72,72],"card_choices":[{"not_picked":["PiercingWail","Deflect"],"picked":"Bouncing Flask","floor":1},{"not_picked":["Slice","Prepared","Outmaneuver"],"picked":"SKIP","floor":3},{"not_picked":["Slice","Choke"],"picked":"Flying Knee","floor":4},{"not_picked":["Flying Knee","Prepared"],"picked":"Backflip","floor":7},{"not_picked":["Caltrops","Grand Finale"],"picked":"Eviscerate","floor":10},{"not_picked":["PiercingWail","Sucker Punch"],"picked":"Blur","floor":11},{"not_picked":["Choke","Poisoned Stab"],"picked":"Terror","floor":12},{"not_picked":["Corpse Explosion","After Image"],"picked":"Doppelganger","floor":16},{"not_picked":["Accuracy+1","Dagger Spray","Quick Slash"],"picked":"SKIP","floor":18},{"not_picked":["Backstab","Footwork"],"picked":"Deflect+1","floor":23},{"not_picked":["Backstab","Cloak And Dagger"],"picked":"Calculated Gamble","floor":25},{"not_picked":["Footwork","Flying Knee"],"picked":"Leg Sweep+1","floor":29},{"not_picked":["Deadly Poison","Deflect","Dash"],"picked":"SKIP","floor":31},{"not_picked":["A Thousand Cuts","Storm of Steel"],"picked":"Tools of the Trade","floor":33},{"not_picked":["Blur","Crippling Poison","Poisoned Stab"],"picked":"SKIP","floor":35},{"not_picked":["Masterful Stab","PiercingWail","Acrobatics+1"],"picked":"SKIP","floor":37},{"not_picked":["Dodge and Roll","Flechettes","Flying Knee"],"picked":"SKIP","floor":41},{"not_picked":["Poisoned Stab","Prepared"],"picked":"Heel Hook","floor":44},{"not_picked":["Quick Slash","Eviscerate"],"picked":"All Out Attack+1","floor":46},{"not_picked":["Slice","Catalyst"],"picked":"Acrobatics","floor":48}],"player_experience":1368274,"relics_obtained":[{"floor":7,"key":"Gambling Chip"},{"floor":9,"key":"TungstenRod"},{"floor":22,"key":"Necronomicon"},{"floor":23,"key":"Nunchaku"},{"floor":25,"key":"Juzu Bracelet"},{"floor":26,"key":"Turnip"},{"floor":31,"key":"Whetstone"},{"floor":41,"key":"Boot"},{"floor":43,"key":"Blood Vial"},{"floor":44,"key":"FossilizedHelix"},{"floor":48,"key":"Ornamental Fan"}],"event_choices":[{"cards_removed":["Strike_G"],"damage_healed":0,"gold_gain":0,"player_choice":"Card Removal","damage_taken":7,"max_hp_gain":0,"max_hp_loss":0,"event_name":"Golden Wing","floor":5,"gold_loss":0},{"damage_healed":0,"gold_gain":0,"cards_transformed":["Defend_G"],"player_choice":"Change","damage_taken":0,"max_hp_gain":0,"max_hp_loss":0,"event_name":"Living Wall","floor":13,"gold_loss":0,"cards_obtained":["Predator"]},{"damage_healed":22,"gold_gain":0,"player_choice":"Banana","damage_taken":0,"max_hp_gain":0,"max_hp_loss":0,"event_name":"Big Fish","floor":14,"gold_loss":0},{"cards_removed":["Endless Agony"],"damage_healed":0,"gold_gain":0,"player_choice":"Purged","damage_taken":0,"max_hp_gain":0,"max_hp_loss":0,"event_name":"Purifier","floor":19,"gold_loss":0},{"damage_healed":0,"gold_gain":0,"player_choice":"Obtained Book","damage_taken":21,"max_hp_gain":0,"max_hp_loss":0,"event_name":"Cursed Tome","floor":22,"gold_loss":0},{"damage_healed":0,"gold_gain":0,"player_choice":"Inject Mutagens","damage_taken":0,"relics_obtained":["MutagenicStrength"],"max_hp_gain":0,"max_hp_loss":0,"event_name":"Drug Dealer","floor":27,"gold_loss":0},{"damage_healed":0,"gold_gain":0,"player_choice":"Stole Relic","damage_taken":0,"relics_obtained":["MealTicket"],"max_hp_gain":0,"max_hp_loss":0,"event_name":"Addict","floor":28,"gold_loss":0,"cards_obtained":["Shame"]},{"cards_removed":["A Thousand Cuts"],"damage_healed":0,"gold_gain":0,"player_choice":"Removed Power","damage_taken":0,"max_hp_gain":0,"max_hp_loss":0,"event_name":"Falling","floor":36,"gold_loss":0},{"damage_healed":0,"gold_gain":0,"player_choice":"Ignored","damage_taken":0,"max_hp_gain":0,"max_hp_loss":0,"event_name":"Tomb of Lord Red Mask","floor":38,"gold_loss":0},{"cards_removed":["Grand Finale"],"damage_healed":14,"gold_gain":0,"player_choice":"Offered Rare","damage_taken":0,"max_hp_gain":10,"max_hp_loss":0,"event_name":"Bonfire Elementals","floor":39,"gold_loss":0},{"damage_healed":0,"gold_gain":0,"player_choice":"Max HP","damage_taken":0,"max_hp_gain":0,"max_hp_loss":4,"event_name":"Winding Halls","floor":42,"gold_loss":0}],"is_beta":false,"boss_relics":[{"not_picked":["Runic Pyramid","Ring of the Serpent"],"picked":"Pandora\u0027s Box"},{"not_picked":["Sozu","SacredBark"],"picked":"Astrolabe"}],"items_purged_floors":[],"is_endless":false,"potions_floor_spawned":[1,3,4,16,23,29,33,35,44],"ascension_level":19}