{"gold_per_floor":[110,127,127,141,194,223,223,223,247,247,57,76,151,182,182,182],"floor_reached":16,"playtime":862,"items_purged":[],"score":211,"play_id":"dc14bbf4-ce1f-4772-933f-d7318283bf2f","local_time":"20210413123103","is_ascension_mode":true,"campfire_choices":[{"floor":10,"key":"REST"},{"floor":15,"key":"REST"}],"neow_cost":"NONE","seed_source_timestamp":359263243048200,"circlet_count":0,"master_deck":["AscendersBane","Strike_G","Strike_G","Strike_G","Strike_G","Strike_G","Defend_G","Defend_G","Defend_G","Defend_G","Defend_G+1","Survivor","Neutralize","Cloak And Dagger","Terror+1","Dagger Spray","Skewer","Injury","Backstab","Slice"],"relics":["Ring of the Snake","NeowsBlessing","Dead Branch","Nunchaku","The Courier","Golden Idol","Happy Flower","Tiny Chest","Pen Nib"],"potions_floor_usage":[14],"damage_taken":[{"damage":0,"enemies":"Cultist","floor":1,"turns":1},{"damage":0,"enemies":"Small Slimes","floor":2,"turns":1},{"damage":0,"enemies":"Jaw Worm","floor":4,"turns":1},{"damage":18,"enemies":"3 Sentries","floor":6,"turns":8},{"damage":0,"enemies":"3 Louse","floor":12,"turns":3},{"damage":26,"enemies":"Gremlin Nob","floor":14,"turns":4},{"damage":22,"enemies":"The Guardian","floor":16,"turns":11}],"seed_played":"5600151185458295196","potions_obtained":[{"floor":12,"key":"CunningPotion"}],"is_trial":false,"path_per_floor":["M","M","T","M","T","E","?","?","T","R","$","M","?","E","R","B"],"character_chosen":"THE_SILENT","items_purchased":["Tiny Chest","Backstab"],"campfire_rested":2,"item_purchase_floors":[11,11],"current_hp_per_floor":[59,59,59,59,59,41,21,21,21,40,40,40,29,3,22,0],"gold":182,"neow_bonus":"THREE_ENEMY_KILL","is_prod":false,"is_daily":false,"chose_seed":false,"campfire_upgraded":0,"win_rate":0,"timestamp":1618331463,"path_taken":["M","M","?","?","?","E","?","?","T","R","$","M","?","E","R","BOSS"],"build_version":"2020-12-22","purchased_purges":0,"victory":false,"max_hp_per_floor":[66,66,66,66,66,66,66,66,66,66,66,66,66,66,66,66],"card_choices":[{"not_picked":["Deflect","Quick Slash"],"picked":"Cloak And Dagger","floor":1},{"not_picked":["Masterful Stab","Riddle With Holes"],"picked":"Terror","floor":2},{"not_picked":["Poisoned Stab","Prepared"],"picked":"Dagger Spray","floor":4},{"not_picked":["Acrobatics","Sucker Punch"],"picked":"Skewer","floor":6},{"not_picked":["Expertise","Deadly Poison"],"picked":"Slice","floor":12},{"not_picked":["Masterful Stab","Bane","Dodge and Roll"],"picked":"SKIP","floor":14}],"player_experience":1359944,"relics_obtained":[{"floor":3,"key":"Dead Branch"},{"floor":5,"key":"Nunchaku"},{"floor":6,"key":"The Courier"},{"floor":9,"key":"Happy Flower"},{"floor":14,"key":"Pen Nib"}],"event_choices":[{"damage_healed":0,"gold_gain":0,"player_choice":"Entered Light","damage_taken":20,"max_hp_gain":0,"max_hp_loss":0,"event_name":"Shining Light","floor":7,"gold_loss":0,"cards_upgraded":["Terror","Defend_G"]},{"damage_healed":0,"gold_gain":0,"player_choice":"Take Wound","damage_taken":0,"relics_obtained":["Golden Idol"],"max_hp_gain":0,"max_hp_loss":0,"event_name":"Golden Idol","floor":8,"gold_loss":0,"cards_obtained":["Injury"]},{"damage_healed":0,"gold_gain":75,"player_choice":"Gather Gold","damage_taken":11,"max_hp_gain":0,"max_hp_loss":0,"event_name":"World of Goop","floor":13,"gold_loss":0}],"is_beta":false,"boss_relics":[],"items_purged_floors":[],"is_endless":false,"potions_floor_spawned":[12],"killed_by":"The Guardian","ascension_level":19}