{"gold_per_floor":[211,43,43,43,43,43,59,59,86,60,70,115,115,150,150,150],"floor_reached":16,"playtime":1021,"items_purged":[],"score":187,"play_id":"2e06b6ca-b7c4-4cde-adbc-2f4668340016","local_time":"20210413124915","is_ascension_mode":true,"campfire_choices":[{"data":"Skewer","floor":6,"key":"SMITH"},{"data":"Neutralize","floor":8,"key":"SMITH"},{"data":"Dagger Spray","floor":13,"key":"SMITH"},{"data":"Survivor","floor":15,"key":"SMITH"}],"neow_cost":"NONE","seed_source_timestamp":360196819814900,"circlet_count":0,"master_deck":["AscendersBane","Strike_G","Strike_G","Strike_G","Strike_G","Strike_G","Defend_G","Defend_G","Defend_G","Defend_G","Defend_G","Survivor+1","Neutralize+1","Skewer+1","PiercingWail","Dagger Spray+1","Escape Plan","Terror"],"relics":["Ring of the Snake","Juzu Bracelet","Tiny Chest","Regal Pillow","Snake Skull","Mummified Hand"],"potions_floor_usage":[14,16],"damage_taken":[{"damage":15,"enemies":"Small Slimes","floor":1,"turns":6},{"damage":0,"enemies":"2 Louse","floor":7,"turns":2},{"damage":4,"enemies":"Jaw Worm","floor":11,"turns":4},{"damage":13,"enemies":"Lagavulin","floor":14,"turns":6},{"damage":23,"enemies":"Hexaghost","floor":16,"turns":9}],"seed_played":"-5983157742795524544","potions_obtained":[{"floor":7,"key":"Block Potion"},{"floor":14,"key":"Strength Potion"}],"is_trial":false,"path_per_floor":["M","$","?","$","?","R","M","R","T","$","M","T","R","E","R","B"],"character_chosen":"THE_SILENT","items_purchased":["Juzu Bracelet","Dagger Spray"],"campfire_rested":0,"item_purchase_floors":[2,10],"current_hp_per_floor":[44,44,44,44,37,37,37,37,37,37,33,33,33,20,20,0],"gold":150,"neow_bonus":"HUNDRED_GOLD","is_prod":false,"is_daily":false,"chose_seed":false,"campfire_upgraded":4,"win_rate":0,"timestamp":1618332555,"path_taken":["M","$","?","$","?","R","M","R","T","?","M","?","R","E","R","BOSS"],"build_version":"2020-12-22","purchased_purges":0,"victory":false,"max_hp_per_floor":[66,66,66,66,66,66,66,66,66,66,66,66,66,66,66,66],"card_choices":[{"not_picked":["Blade Dance","Prepared"],"picked":"Skewer","floor":1},{"not_picked":["Setup","Expertise"],"picked":"PiercingWail","floor":7},{"not_picked":["Dodge and Roll","Underhanded Strike"],"picked":"Escape Plan","floor":11},{"not_picked":["Sucker Punch","Finisher"],"picked":"Terror","floor":14}],"player_experience":1360806,"relics_obtained":[{"floor":9,"key":"Regal Pillow"},{"floor":12,"key":"Snake Skull"},{"floor":14,"key":"Mummified Hand"}],"event_choices":[{"damage_healed":0,"gold_gain":0,"player_choice":"Box","damage_taken":0,"relics_obtained":["Tiny Chest"],"max_hp_gain":0,"max_hp_loss":0,"event_name":"Big Fish","floor":3,"gold_loss":0,"cards_obtained":["Regret"]},{"cards_removed":["Regret"],"damage_healed":0,"gold_gain":0,"player_choice":"Card Removal","damage_taken":7,"max_hp_gain":0,"max_hp_loss":0,"event_name":"Golden Wing","floor":5,"gold_loss":0}],"is_beta":false,"boss_relics":[],"items_purged_floors":[],"is_endless":false,"potions_floor_spawned":[7,14],"killed_by":"Hexaghost","ascension_level":19}