{"gold_per_floor":[369,369,519,37,37,62,62,27,27,41,41,41,70,85,85,164,164,180,180,194,208,208],"floor_reached":22,"playtime":994,"items_purged":["Regret"],"score":423,"play_id":"8381ade9-5330-4540-a13a-c63aa38427f3","local_time":"20210413130601","is_ascension_mode":true,"campfire_choices":[{"data":"Noxious Fumes","floor":7,"key":"SMITH"},{"data":"All Out Attack","floor":12,"key":"SMITH"},{"data":"Bane","floor":15,"key":"SMITH"}],"neow_cost":"TEN_PERCENT_HP_LOSS","seed_source_timestamp":361228998794800,"circlet_count":0,"master_deck":["AscendersBane","Strike_G","Strike_G","Strike_G","Strike_G","Strike_G","Defend_G","Defend_G","Defend_G","Defend_G","Defend_G","Survivor","Neutralize","All Out Attack+1","Noxious Fumes+1","Bane+1","Corpse Explosion","Distraction","Escape Plan","Tools of the Trade","Backstab+1","Dodge and Roll","Noxious Fumes"],"relics":["Ring of the Snake","Bronze Scales","Mango","Strawberry","PreservedInsect","Philosopher\u0027s Stone"],"potions_floor_usage":[6,13,16,20,21],"damage_taken":[{"damage":1,"enemies":"2 Louse","floor":1,"turns":3},{"damage":42,"enemies":"Gremlin Nob","floor":6,"turns":5},{"damage":0,"enemies":"Small Slimes","floor":10,"turns":3},{"damage":9,"enemies":"Lagavulin","floor":13,"turns":6},{"damage":4,"enemies":"Jaw Worm","floor":14,"turns":2},{"damage":35,"enemies":"The Guardian","floor":16,"turns":8},{"damage":17,"enemies":"3 Byrds","floor":18,"turns":3},{"damage":14,"enemies":"Chosen","floor":20,"turns":4},{"damage":8,"enemies":"Centurion and Healer","floor":21,"turns":6},{"damage":24,"enemies":"Snecko","floor":22,"turns":3}],"seed_played":"7449606154737605968","potions_obtained":[{"floor":1,"key":"ColorlessPotion"},{"floor":6,"key":"BlessingOfTheForge"},{"floor":14,"key":"DuplicationPotion"},{"floor":16,"key":"Poison Potion"},{"floor":18,"key":"PowerPotion"},{"floor":21,"key":"Strength Potion"}],"is_trial":false,"path_per_floor":["M","?","?","$","?","E","R","?","T","M","$","R","E","M","R","B",null,"M","?","M","M","M"],"character_chosen":"THE_SILENT","items_purchased":["Mango","Noxious Fumes"],"campfire_rested":0,"item_purchase_floors":[4,4],"current_hp_per_floor":[58,58,58,72,65,30,30,50,50,50,50,50,41,37,37,2,61,44,44,30,22,0],"gold":208,"neow_bonus":"TWO_FIFTY_GOLD","is_prod":false,"is_daily":false,"chose_seed":false,"campfire_upgraded":3,"win_rate":0,"timestamp":1618333561,"path_taken":["M","?","?","$","?","E","R","?","T","M","?","R","E","M","R","BOSS","M","?","?","M","M"],"build_version":"2020-12-22","purchased_purges":1,"victory":false,"max_hp_per_floor":[60,60,60,74,74,81,81,81,81,81,81,81,81,81,81,81,81,81,81,81,81,81],"card_choices":[{"not_picked":["Dash","Sucker Punch"],"picked":"All Out Attack","floor":1},{"not_picked":["Acrobatics","Backflip"],"picked":"Bane","floor":6},{"not_picked":["Blade Dance","Bouncing Flask"],"picked":"Corpse Explosion","floor":10},{"not_picked":["Dagger Throw","Blade Dance"],"picked":"Distraction","floor":13},{"not_picked":["Accuracy","Finisher"],"picked":"Escape Plan","floor":14},{"not_picked":["Wraith Form v2","Envenom"],"picked":"Tools of the Trade","floor":16},{"not_picked":["Endless Agony","PiercingWail"],"picked":"Backstab","floor":18},{"not_picked":["All Out Attack","Quick Slash"],"picked":"Dodge and Roll","floor":20},{"not_picked":["Well Laid Plans","Deadly Poison"],"picked":"Noxious Fumes","floor":21}],"player_experience":1361827,"relics_obtained":[{"floor":6,"key":"Strawberry"},{"floor":13,"key":"PreservedInsect"}],"event_choices":[{"damage_healed":0,"gold_gain":0,"player_choice":"Box","damage_taken":0,"relics_obtained":["Bronze Scales"],"max_hp_gain":0,"max_hp_loss":0,"event_name":"Big Fish","floor":2,"gold_loss":0,"cards_obtained":["Regret"]},{"damage_healed":0,"gold_gain":150,"player_choice":"AGREE","damage_taken":0,"max_hp_gain":0,"max_hp_loss":0,"event_name":"Liars Game","floor":3,"gold_loss":0,"cards_obtained":["Doubt"]},{"cards_removed":["Doubt"],"damage_healed":0,"gold_gain":0,"player_choice":"Card Removal","damage_taken":7,"max_hp_gain":0,"max_hp_loss":0,"event_name":"Golden Wing","floor":5,"gold_loss":0},{"damage_healed":20,"gold_gain":0,"player_choice":"Healed","damage_taken":0,"max_hp_gain":0,"max_hp_loss":0,"event_name":"The Cleric","floor":8,"gold_loss":35},{"damage_healed":0,"gold_gain":0,"player_choice":"Forge","damage_taken":0,"max_hp_gain":0,"max_hp_loss":0,"event_name":"Accursed Blacksmith","floor":19,"gold_loss":0,"cards_upgraded":["Backstab"]}],"is_beta":false,"boss_relics":[{"not_picked":["Ectoplasm","Runic Dome"],"picked":"Philosopher\u0027s Stone"}],"items_purged_floors":[4],"is_endless":false,"potions_floor_spawned":[1,6,14,16,18,21],"killed_by":"Snecko","ascension_level":19}