{"gold_per_floor":[19,36,36,55,69,69,69,69,69,80,80,90,110,110,110,214,214,227,227,227,227,152,152,177,177,203,203,17,17,36,53,53,154,154,171,171,1170,1170,1180,1180,1199,1219,1243,806,806,816,816,832,832,832],"floor_reached":50,"playtime":2283,"items_purged":["Normality"],"score":502,"play_id":"c14826a4-175e-4ce4-bdfe-7754881c3696","local_time":"20211111000645","is_ascension_mode":false,"campfire_choices":[{"data":"Flechettes","floor":6.0,"key":"SMITH"},{"data":"Cloak And Dagger","floor":8.0,"key":"SMITH"},{"data":"Poisoned Stab","floor":11.0,"key":"SMITH"},{"data":"Deadly Poison","floor":15.0,"key":"SMITH"},{"data":"Footwork","floor":23.0,"key":"SMITH"},{"floor":25,"key":"REST"},{"data":"Apotheosis","floor":29,"key":"SMITH"},{"floor":32,"key":"REST"},{"data":"Noxious Fumes","floor":40,"key":"SMITH"},{"floor":45,"key":"REST"},{"floor":47,"key":"REST"},{"floor":49,"key":"REST"}],"neow_cost":"NO_GOLD","seed_source_timestamp":6266600447100,"circlet_count":0,"master_deck":["Strike_G","Defend_G","Defend_G","Defend_G","Survivor","Neutralize","Flechettes+1","Cloak And Dagger+1","Bane","Poisoned Stab+1","Deadly Poison+1","Die Die Die","Deflect","Venomology","Expertise","Footwork+1","Terror","Escape Plan","Noxious Fumes+1","Apotheosis+1","Caltrops","Crippling Poison","Adrenaline","PiercingWail+1","Normality","Backflip","Concentrate+1","Flash of Steel","Magnetism","Accuracy","Acrobatics","Caltrops+1"],"special_seed":0,"relics":["Ring of the Snake"],"potions_floor_usage":[31,33,33,33,39,39,42,42,42,46,50],"damage_taken":[{"damage":0.0,"enemies":"Small Slimes","floor":1.0,"turns":3.0},{"damage":1.0,"enemies":"Jaw Worm","floor":2.0,"turns":5.0},{"damage":0.0,"enemies":"2 Louse","floor":4.0,"turns":2.0},{"damage":1.0,"enemies":"Looter","floor":5.0,"turns":4.0},{"damage":12.0,"enemies":"Blue Slaver","floor":10.0,"turns":3.0},{"damage":0.0,"enemies":"Red Slaver","floor":12.0,"turns":4.0},{"damage":3.0,"enemies":"Large Slime","floor":13.0,"turns":5.0},{"damage":26.0,"enemies":"Hexaghost","floor":16.0,"turns":9.0},{"damage":19.0,"enemies":"Chosen","floor":18.0,"turns":5.0},{"damage":22.0,"enemies":"Gremlin Leader","floor":24.0,"turns":7.0},{"damage":9,"enemies":"Spheric Guardian","floor":30,"turns":4},{"damage":14,"enemies":"Snake Plant","floor":31,"turns":4},{"damage":23,"enemies":"Collector","floor":33,"turns":6},{"damage":2,"enemies":"3 Shapes","floor":35,"turns":7},{"damage":15,"enemies":"3 Darklings","floor":39,"turns":6},{"damage":18,"enemies":"Maw","floor":41,"turns":9},{"damage":47,"enemies":"Sphere and 2 Shapes","floor":42,"turns":7},{"damage":10,"enemies":"Spire Growth","floor":46,"turns":5},{"damage":33,"enemies":"Writhing Mass","floor":48,"turns":7},{"damage":50,"enemies":"Donu and Deca","floor":50,"turns":5}],"seed_played":"6899441740869412361","potions_obtained":[{"floor":2.0,"key":"PowerPotion"},{"floor":10.0,"key":"EssenceOfSteel"},{"floor":12.0,"key":"Poison Potion"},{"floor":33,"key":"AttackPotion"},{"floor":39,"key":"GamblersBrew"},{"floor":42,"key":"Swift Potion"}],"is_trial":false,"path_per_floor":["M","M","?","M","M","R","?","R","T","M","R","M","M","?","R","B",null,"M","?","?","T","?","R","E","R","T","?","$","R","M","M","R","B",null,"M","?","?","T","M","R","M","M","T","$","R","M","R","M","R","B"],"character_chosen":"THE_SILENT","items_purchased":["Apotheosis","Flash of Steel","Magnetism","Accuracy","Acrobatics"],"campfire_rested":5,"item_purchase_floors":[28,44,44,44,44],"current_hp_per_floor":[84,83,88,88,87,87,80,80,80,68,68,68,65,65,65,39,89,70,70,70,70,70,70,48,74,74,74,74,74,65,51,77,54,89,87,87,87,87,72,72,54,7,7,7,33,23,49,16,42,0],"gold":832,"neow_bonus":"TWENTY_PERCENT_HP_BONUS","is_prod":false,"is_daily":false,"chose_seed":false,"campfire_upgraded":7,"win_rate":0,"timestamp":1636585605,"path_taken":["M","M","?","M","M","R","?","R","T","M","R","M","M","?","R","BOSS","M","?","?","?","?","R","E","R","T","?","$","R","M","M","R","BOSS","M","?","?","?","M","R","M","M","T","$","R","?","R","M","R","BOSS"],"build_version":"2020-12-22","purchased_purges":1,"victory":false,"max_hp_per_floor":[84,84,89,89,89,89,89,89,89,89,89,89,89,89,89,89,89,89,89,89,89,89,89,89,89,89,89,89,89,89,89,89,89,89,89,89,89,89,89,89,89,89,89,89,89,89,89,89,89,89],"card_choices":[{"not_picked":["Backflip","Outmaneuver"],"picked":"Flechettes","floor":1.0},{"not_picked":["Prepared","Slice"],"picked":"Cloak And Dagger","floor":2.0},{"not_picked":["Flying Knee","Riddle With Holes"],"picked":"Bane","floor":4.0},{"not_picked":["Blade Dance","Acrobatics"],"picked":"Poisoned Stab","floor":5.0},{"not_picked":["Dagger Throw","Finisher","Bane"],"picked":"SKIP","floor":10.0},{"not_picked":["Riddle With Holes","Infinite Blades"],"picked":"Deadly Poison","floor":12.0},{"not_picked":["Quick Slash","Blade Dance"],"picked":"Die Die Die","floor":13.0},{"not_picked":["Phantasmal Killer","After Image"],"picked":"Venomology","floor":16.0},{"not_picked":["Slice","Deflect"],"picked":"Expertise","floor":18.0},{"not_picked":["Tactician","Riddle With Holes+1"],"picked":"Escape Plan","floor":24},{"not_picked":["Reflex+1","Prepared"],"picked":"Caltrops","floor":30},{"not_picked":["Calculated Gamble","Endless Agony"],"picked":"Crippling Poison","floor":31},{"not_picked":["Night Terror","Bullet Time"],"picked":"Adrenaline","floor":33},{"not_picked":["Crippling Poison","Flying Knee+1"],"picked":"PiercingWail+1","floor":35},{"not_picked":["Dagger Throw","Bane"],"picked":"Backflip","floor":39},{"not_picked":["Escape Plan+1","Skewer"],"picked":"Concentrate+1","floor":41},{"not_picked":["Dagger Spray+1","Quick Slash","Concentrate+1"],"picked":"SKIP","floor":42},{"not_picked":["Glass Knife","Underhanded Strike","Eviscerate"],"picked":"SKIP","floor":46},{"not_picked":["Riddle With Holes","Backstab+1"],"picked":"Caltrops+1","floor":48}],"player_experience":1663099,"relics_obtained":[],"event_choices":[{"damage_healed":0.0,"max_hp_gain":5.0,"max_hp_loss":0.0,"gold_gain":0.0,"event_name":"Big Fish","player_choice":"Donut","floor":3.0,"gold_loss":0.0,"damage_taken":0.0},{"cards_removed":["Strike_G"],"damage_healed":0.0,"max_hp_gain":0.0,"max_hp_loss":0.0,"gold_gain":0.0,"event_name":"Golden Wing","player_choice":"Card Removal","floor":7.0,"gold_loss":0.0,"damage_taken":7.0},{"damage_healed":0.0,"max_hp_gain":0.0,"max_hp_loss":0.0,"gold_gain":0.0,"cards_transformed":["Strike_G"],"event_name":"Living Wall","player_choice":"Change","floor":14.0,"gold_loss":0.0,"damage_taken":0.0,"cards_obtained":["Deflect"]},{"damage_healed":0.0,"max_hp_gain":0.0,"max_hp_loss":0.0,"gold_gain":0.0,"cards_transformed":["Strike_G","Strike_G"],"event_name":"Drug Dealer","player_choice":"Became Test Subject","floor":19.0,"gold_loss":0.0,"damage_taken":0.0,"cards_obtained":["Footwork","Terror"]},{"cards_removed":["Defend_G"],"damage_healed":0.0,"max_hp_gain":0.0,"max_hp_loss":0.0,"gold_gain":0.0,"event_name":"Back to Basics","player_choice":"Elegance","floor":20.0,"gold_loss":0.0,"damage_taken":0.0},{"cards_removed":["Defend_G"],"damage_healed":0.0,"max_hp_gain":0.0,"max_hp_loss":0.0,"gold_gain":0.0,"event_name":"Beggar","player_choice":"Gave Gold","floor":22.0,"gold_loss":75.0,"damage_taken":0.0},{"damage_healed":0,"gold_gain":0,"player_choice":"Read","damage_taken":0,"max_hp_gain":0,"max_hp_loss":0,"event_name":"The Library","floor":27,"gold_loss":0,"cards_obtained":["Noxious Fumes"]},{"damage_healed":0,"gold_gain":0,"player_choice":"Ignored","damage_taken":0,"max_hp_gain":0,"max_hp_loss":0,"event_name":"Mysterious Sphere","floor":36,"gold_loss":0},{"damage_healed":0,"gold_gain":999,"player_choice":"Gold","damage_taken":0,"max_hp_gain":0,"max_hp_loss":0,"event_name":"MindBloom","floor":37,"gold_loss":0,"cards_obtained":["Normality","Normality"]}],"is_beta":false,"boss_relics":[{"not_picked":["Ectoplasm","SacredBark","WristBlade"]},{"not_picked":["Black Star","Cursed Key","Coffee Dripper"]}],"items_purged_floors":[44],"is_endless":false,"potions_floor_spawned":[2,10,12,30,31,33,39,41,42],"killed_by":"Donu and Deca","ascension_level":0}