{"gold_per_floor":[13,32,32,107,26,26,41,41,64,64,77,77,89,104,104,204,204,220,201,201,214,43,43,59,73,73,90,90,107,107,207,207,310,310,329,345,364,264,264,264,280,280],"floor_reached":42,"playtime":2743,"items_purged":["Defend_G","Strike_G"],"score":394,"play_id":"4e7728ab-2a12-4189-aeb2-8753f2ebf805","local_time":"20211115124956","is_ascension_mode":false,"campfire_choices":[{"data":"Malaise","floor":6.0,"key":"SMITH"},{"data":"Footwork","floor":8.0,"key":"SMITH"},{"data":"Flechettes","floor":12.0,"key":"SMITH"},{"data":"Acrobatics","floor":15.0,"key":"SMITH"},{"data":"Adrenaline","floor":23.0,"key":"SMITH"},{"floor":28.0,"key":"REST"},{"floor":30.0,"key":"REST"},{"floor":32.0,"key":"REST"},{"floor":40,"key":"REST"}],"neow_cost":"NO_GOLD","seed_source_timestamp":0,"circlet_count":0,"master_deck":["Strike_G","Strike_G","Defend_G","Defend_G","Defend_G","Defend_G","Survivor","Neutralize","Malaise+1","Infinite Blades","Blur","Acrobatics+1","Footwork+1","Flechettes+1","Deflect","Acrobatics","Adrenaline+1","Underhanded Strike","Blur","Dodge and Roll","Finesse","Backstab+1","Burst","Eviscerate","Doppelganger","Flechettes+1","Backflip+1","Distraction+1","Parasite","Terror"],"special_seed":0,"relics":["Ring of the Snake"],"potions_floor_usage":[],"damage_taken":[{"damage":0.0,"enemies":"2 Louse","floor":1.0,"turns":4.0},{"damage":0.0,"enemies":"Jaw Worm","floor":2.0,"turns":6.0},{"damage":1.0,"enemies":"Small Slimes","floor":7.0,"turns":7.0},{"damage":6.0,"enemies":"2 Fungi Beasts","floor":11.0,"turns":7.0},{"damage":5.0,"enemies":"Gremlin Gang","floor":13.0,"turns":8.0},{"damage":0.0,"enemies":"Blue Slaver","floor":14.0,"turns":5.0},{"damage":16.0,"enemies":"The Guardian","floor":16.0,"turns":13.0},{"damage":4.0,"enemies":"Shell Parasite","floor":18.0,"turns":10.0},{"damage":12.0,"enemies":"2 Thieves","floor":19.0,"turns":4.0},{"damage":3.0,"enemies":"Snake Plant","floor":21.0,"turns":7.0},{"damage":10.0,"enemies":"Centurion and Healer","floor":24.0,"turns":11.0},{"damage":11.0,"enemies":"Chosen and Byrds","floor":25.0,"turns":9.0},{"damage":7.0,"enemies":"Snake Plant","floor":27.0,"turns":9.0},{"damage":25.0,"enemies":"3 Cultists","floor":29.0,"turns":9.0},{"damage":60.0,"enemies":"Collector","floor":33.0,"turns":16.0},{"damage":0.0,"enemies":"Orb Walker","floor":35.0,"turns":3.0},{"damage":35.0,"enemies":"3 Darklings","floor":36.0,"turns":14.0},{"damage":19.0,"enemies":"Spire Growth","floor":37.0,"turns":11.0},{"damage":20,"enemies":"Writhing Mass","floor":41,"turns":11},{"damage":38,"enemies":"4 Shapes","floor":42,"turns":3}],"seed_played":"7229002761758709781","potions_obtained":[{"floor":2.0,"key":"Weak Potion"},{"floor":11.0,"key":"Strength Potion"},{"floor":14.0,"key":"Poison Potion"},{"floor":19.0,"key":"Weak Potion"},{"floor":25.0,"key":"PowerPotion"},{"floor":29.0,"key":"SteroidPotion"},{"floor":41,"key":"DuplicationPotion"}],"is_trial":false,"path_per_floor":["M","M","?","?","$","R","M","R","T","$","M","R","M","M","R","B",null,"M","M","?","M","$","R","M","M","T","M","R","M","R","?","R","B",null,"M","M","M","$","?","R","M","M"],"character_chosen":"THE_SILENT","items_purchased":["Footwork","Finesse"],"campfire_rested":4,"item_purchase_floors":[5,22],"current_hp_per_floor":[70,70,70,59,59,59,58,58,58,58,52,52,47,47,47,31,70,66,54,54,51,51,51,41,30,30,23,44,19,40,40,61,1,70,70,35,16,16,16,37,17,0],"gold":280,"neow_bonus":"TRANSFORM_TWO_CARDS","is_prod":false,"is_daily":false,"chose_seed":false,"campfire_upgraded":5,"win_rate":0,"timestamp":1636976996,"path_taken":["M","M","?","?","$","R","M","R","T","?","M","R","M","M","R","BOSS","M","M","?","M","$","R","M","M","T","M","R","M","R","?","R","BOSS","M","?","M","$","?","R","M","?"],"build_version":"2020-12-22","purchased_purges":2,"victory":false,"max_hp_per_floor":[70,70,70,70,70,70,70,70,70,70,70,70,70,70,70,70,70,70,70,70,70,70,70,70,70,70,70,70,70,70,70,70,70,70,70,70,70,70,70,70,70,70],"card_choices":[{"not_picked":["Underhanded Strike","Riddle With Holes"],"picked":"Blur","floor":1.0},{"not_picked":["Flying Knee","Predator"],"picked":"Acrobatics","floor":2.0},{"not_picked":["Quick Slash","Setup","Outmaneuver"],"picked":"SKIP","floor":7.0},{"not_picked":["Concentrate","Deflect"],"picked":"Flechettes","floor":11.0},{"not_picked":["Slice","Poisoned Stab"],"picked":"Deflect","floor":13.0},{"not_picked":["Deflect","Concentrate"],"picked":"Acrobatics","floor":14.0},{"not_picked":["Tools of the Trade","Night Terror"],"picked":"Adrenaline","floor":16.0},{"not_picked":["PiercingWail","Accuracy"],"picked":"Underhanded Strike","floor":18.0},{"not_picked":["Prepared","Sucker Punch"],"picked":"Blur","floor":19.0},{"not_picked":["Quick Slash+1","Outmaneuver"],"picked":"Dodge and Roll","floor":21.0},{"not_picked":["Quick Slash+1","Cloak And Dagger+1"],"picked":"Backstab+1","floor":24.0},{"not_picked":["Dagger Throw","Choke","Crippling Poison+1"],"picked":"SKIP","floor":25.0},{"not_picked":["Deflect","Outmaneuver"],"picked":"Burst","floor":27.0},{"not_picked":["Bane","Concentrate"],"picked":"Eviscerate","floor":29.0},{"not_picked":["Burst","Glass Knife"],"picked":"Doppelganger","floor":33.0},{"not_picked":["Distraction+1","Predator"],"picked":"Flechettes+1","floor":35.0},{"not_picked":["Heel Hook+1","Outmaneuver+1"],"picked":"Backflip+1","floor":36.0},{"not_picked":["Noxious Fumes+1","Backstab+1"],"picked":"Distraction+1","floor":37},{"not_picked":["Flying Knee","Distraction"],"picked":"Terror","floor":41}],"player_experience":1666232,"relics_obtained":[],"event_choices":[{"damage_healed":0.0,"max_hp_gain":0.0,"max_hp_loss":0.0,"gold_gain":0.0,"event_name":"Golden Idol","player_choice":"Ignored","floor":3.0,"gold_loss":0.0,"damage_taken":0.0},{"damage_healed":0.0,"max_hp_gain":0.0,"max_hp_loss":0.0,"gold_gain":75.0,"event_name":"World of Goop","player_choice":"Gather Gold","floor":4.0,"gold_loss":0.0,"damage_taken":11.0},{"damage_healed":0.0,"max_hp_gain":0.0,"max_hp_loss":0.0,"gold_gain":0.0,"event_name":"The Mausoleum","player_choice":"Ignored","floor":20.0,"gold_loss":0.0,"damage_taken":0.0},{"damage_healed":0.0,"max_hp_gain":0.0,"max_hp_loss":0.0,"gold_gain":100.0,"event_name":"Golden Shrine","player_choice":"Pray","floor":31.0,"gold_loss":0.0,"damage_taken":0.0},{"damage_healed":0,"gold_gain":0,"player_choice":"Ignored","damage_taken":0,"max_hp_gain":0,"max_hp_loss":0,"event_name":"SecretPortal","floor":39,"gold_loss":0}],"is_beta":false,"boss_relics":[{"not_picked":["HoveringKite","Pandora\u0027s Box","Astrolabe"]},{"not_picked":["Tiny House","Black Star","Calling Bell"]}],"items_purged_floors":[22,38],"is_endless":false,"potions_floor_spawned":[2,11,14,19,25,29,41],"killed_by":"4 Shapes","ascension_level":0}