{"gold_per_floor":[113,130,130,141,160,174,174,54,101,101,101,113,113,126,126,226,226,244,244,244,260,271,300,172,172,172,172,271,271,283,303,303,399,399,418,418,418,434,334,334,361,361,361,236,236,236,236,256,256,256],"floor_reached":50,"playtime":5549,"items_purged":["Strike_G","Strike_G","Strike_G"],"score":480,"play_id":"e548dc3c-13c1-4f4b-9cb0-9452b9b670a1","local_time":"20211123224756","is_ascension_mode":false,"campfire_choices":[{"floor":7.0,"key":"REST"},{"data":"Blade Dance","floor":13.0,"key":"SMITH"},{"data":"Catalyst","floor":15.0,"key":"SMITH"},{"floor":25.0,"key":"REST"},{"data":"Accuracy","floor":27.0,"key":"SMITH"},{"floor":29.0,"key":"REST"},{"floor":32.0,"key":"REST"},{"floor":40.0,"key":"REST"},{"floor":42,"key":"REST"},{"floor":45,"key":"REST"},{"data":"Cloak And Dagger","floor":47,"key":"SMITH"},{"floor":49,"key":"REST"}],"neow_cost":"NONE","seed_source_timestamp":0,"circlet_count":0,"master_deck":["Strike_G","Defend_G","Defend_G","Defend_G","Defend_G","Defend_G","Survivor","Neutralize","Noxious Fumes","Deadly Poison","Deflect","Accuracy+1","Sucker Punch","Blade Dance+1","Catalyst+1","Adrenaline","Bouncing Flask","Accuracy","Accuracy+1","Blade Dance","Blade Dance+1","Dodge and Roll+1","Corpse Explosion","Backflip+1","Madness","Madness","Blur+1","Cloak And Dagger+1"],"special_seed":0,"relics":["Ring of the Snake"],"potions_floor_usage":[41,48],"damage_taken":[{"damage":2.0,"enemies":"2 Louse","floor":1.0,"turns":2.0},{"damage":5.0,"enemies":"Jaw Worm","floor":2.0,"turns":5.0},{"damage":9.0,"enemies":"Cultist","floor":4.0,"turns":4.0},{"damage":9.0,"enemies":"3 Louse","floor":5.0,"turns":4.0},{"damage":9.0,"enemies":"2 Fungi Beasts","floor":6.0,"turns":5.0},{"damage":1.0,"enemies":"Exordium Thugs","floor":12.0,"turns":5.0},{"damage":0.0,"enemies":"Red Slaver","floor":14.0,"turns":2.0},{"damage":26.0,"enemies":"The Guardian","floor":16.0,"turns":9.0},{"damage":0.0,"enemies":"3 Byrds","floor":18.0,"turns":4.0},{"damage":7.0,"enemies":"Shell Parasite","floor":21.0,"turns":4.0},{"damage":8.0,"enemies":"Snake Plant","floor":22.0,"turns":4.0},{"damage":51.0,"enemies":"Gremlin Leader","floor":23.0,"turns":7.0},{"damage":13.0,"enemies":"Chosen and Byrds","floor":30.0,"turns":5.0},{"damage":0.0,"enemies":"Snecko","floor":31.0,"turns":3.0},{"damage":7.0,"enemies":"Automaton","floor":33.0,"turns":6.0},{"damage":5.0,"enemies":"3 Darklings","floor":35.0,"turns":2.0},{"damage":22.0,"enemies":"Orb Walker","floor":38.0,"turns":4.0},{"damage":47,"enemies":"Reptomancer","floor":41,"turns":5},{"damage":54,"enemies":"Jaw Worm Horde","floor":48,"turns":4},{"damage":32,"enemies":"Awakened One","floor":50,"turns":3}],"seed_played":"-5912817862246163347","potions_obtained":[{"floor":1.0,"key":"LiquidBronze"},{"floor":5.0,"key":"EssenceOfSteel"},{"floor":6.0,"key":"EssenceOfSteel"},{"floor":16.0,"key":"AttackPotion"},{"floor":21.0,"key":"Fire Potion"},{"floor":22.0,"key":"LiquidMemories"},{"floor":23.0,"key":"ColorlessPotion"},{"floor":33.0,"key":"Energy Potion"},{"floor":35.0,"key":"ColorlessPotion"}],"is_trial":false,"path_per_floor":["M","M","?","M","M","M","R","$","T","?","?","M","R","M","R","B",null,"M","?","?","M","M","E","$","R","T","R","?","R","M","M","R","B",null,"M","?","?","M","$","R","E","R","T","$","R","?","R","M","R","B"],"character_chosen":"THE_SILENT","items_purchased":["Blade Dance","Catalyst","Blade Dance"],"campfire_rested":8,"item_purchase_floors":[8,8,24],"current_hp_per_floor":[75,70,63,54,45,36,59,59,59,59,59,58,58,58,58,32,77,77,77,77,70,62,11,11,34,34,34,34,57,44,44,67,60,77,72,62,62,40,40,63,16,39,39,39,62,62,62,8,31,0],"gold":256,"neow_bonus":"TEN_PERCENT_HP_BONUS","is_prod":false,"is_daily":false,"chose_seed":false,"campfire_upgraded":4,"win_rate":0,"timestamp":1637704076,"path_taken":["M","M","?","M","M","M","R","$","T","?","?","?","R","M","R","BOSS","M","?","?","M","?","E","?","R","T","R","?","R","?","M","R","BOSS","M","?","?","?","$","R","E","R","T","$","R","?","R","M","R","BOSS"],"build_version":"2020-12-22","purchased_purges":3,"victory":false,"max_hp_per_floor":[77,77,77,77,77,77,77,77,77,77,77,77,77,77,77,77,77,77,77,77,77,77,77,77,77,77,77,77,77,77,77,77,77,77,77,77,77,77,77,77,77,77,77,77,77,77,77,77,77,77],"card_choices":[{"not_picked":["All Out Attack","Bane"],"picked":"Noxious Fumes","floor":1.0},{"not_picked":["Deflect","All Out Attack"],"picked":"Deadly Poison","floor":2.0},{"not_picked":["Underhanded Strike","Flying Knee"],"picked":"Deflect","floor":4.0},{"not_picked":["Flying Knee","Dagger Spray"],"picked":"Accuracy","floor":5.0},{"not_picked":["Masterful Stab","Underhanded Strike"],"picked":"Sucker Punch","floor":6.0},{"not_picked":["Dodge and Roll","Dagger Spray"],"picked":"All Out Attack","floor":12.0},{"not_picked":["Dagger Spray","Dagger Throw","Choke"],"picked":"SKIP","floor":14.0},{"not_picked":["Unload","Grand Finale"],"picked":"Adrenaline","floor":16.0},{"not_picked":["Dash","Dagger Throw"],"picked":"Bouncing Flask","floor":18.0},{"not_picked":["Dagger Throw","Reflex","Endless Agony"],"picked":"SKIP","floor":21.0},{"not_picked":["Sucker Punch","Caltrops"],"picked":"Accuracy","floor":22.0},{"not_picked":["Sucker Punch","Quick Slash"],"picked":"Accuracy","floor":23.0},{"not_picked":["Dagger Spray","Bouncing Flask"],"picked":"Blade Dance+1","floor":30.0},{"not_picked":["Predator","Dagger Spray"],"picked":"Dodge and Roll+1","floor":31.0},{"not_picked":["Envenom","Malaise"],"picked":"Corpse Explosion","floor":33.0},{"not_picked":["Blade Dance","Crippling Poison"],"picked":"Backflip+1","floor":35.0},{"not_picked":["Heel Hook+1","Outmaneuver+1"],"picked":"Blur+1","floor":38.0},{"not_picked":["Poisoned Stab","PiercingWail"],"picked":"Cloak And Dagger","floor":41},{"not_picked":["Flying Knee","Quick Slash","Predator"],"picked":"SKIP","floor":48}],"player_experience":1668994,"relics_obtained":[],"event_choices":[{"cards_removed":["Strike_G"],"damage_healed":0.0,"max_hp_gain":0.0,"max_hp_loss":0.0,"gold_gain":0.0,"event_name":"Golden Wing","player_choice":"Card Removal","floor":3.0,"gold_loss":0.0,"damage_taken":7.0},{"damage_healed":0.0,"max_hp_gain":0.0,"max_hp_loss":0.0,"gold_gain":0.0,"event_name":"Golden Idol","player_choice":"Ignored","floor":10.0,"gold_loss":0.0,"damage_taken":0.0},{"damage_healed":0.0,"max_hp_gain":0.0,"max_hp_loss":0.0,"gold_gain":0.0,"event_name":"Upgrade Shrine","player_choice":"Upgraded","floor":11.0,"gold_loss":0.0,"damage_taken":0.0,"cards_upgraded":["Accuracy"]},{"damage_healed":0.0,"max_hp_gain":0.0,"max_hp_loss":0.0,"gold_gain":0.0,"event_name":"Vampires","player_choice":"Ignored","floor":20.0,"gold_loss":0.0,"damage_taken":0.0},{"damage_healed":0.0,"max_hp_gain":0.0,"max_hp_loss":0.0,"gold_gain":99.0,"event_name":"Nest","player_choice":"Stole From Cult","floor":28.0,"gold_loss":0.0,"damage_taken":0.0},{"damage_healed":0.0,"max_hp_gain":0.0,"max_hp_loss":0.0,"gold_gain":0.0,"event_name":"Winding Halls","player_choice":"Embrace Madness","floor":36.0,"gold_loss":0.0,"damage_taken":10.0,"cards_obtained":["Madness","Madness"]},{"damage_healed":0.0,"max_hp_gain":0.0,"max_hp_loss":0.0,"gold_gain":0.0,"event_name":"Match and Keep!","player_choice":"0 cards matched","floor":37.0,"gold_loss":0.0,"damage_taken":0.0,"cards_obtained":[]},{"cards_removed":["All Out Attack"],"damage_healed":0,"gold_gain":0,"player_choice":"Removed Attack","damage_taken":0,"max_hp_gain":0,"max_hp_loss":0,"event_name":"Falling","floor":46,"gold_loss":0}],"is_beta":false,"boss_relics":[{"not_picked":["Cursed Key","Coffee Dripper","Tiny House"]},{"not_picked":["Runic Pyramid","Busted Crown","Astrolabe"]}],"items_purged_floors":[24,39,44],"is_endless":false,"potions_floor_spawned":[1,5,6,16,21,22,23,33,35],"killed_by":"Awakened One","ascension_level":0}