{"gold_per_floor":[109,109,32,52,52,52,68,68,115,129,129,156,156,106,106,209,209,220,220,72,92,112,112,211,211,235,247,247,247,14,14,14,115,115,129,129,129,53,67,87,106,106],"floor_reached":42,"playtime":1293,"items_purged":["Strike_G"],"score":394,"play_id":"8dfe1766-b143-49a5-bb48-20b1c970d6f0","local_time":"20211123231328","is_ascension_mode":false,"campfire_choices":[{"data":"Noxious Fumes","floor":6.0,"key":"SMITH"},{"data":"All Out Attack","floor":8.0,"key":"SMITH"},{"data":"Deadly Poison","floor":11.0,"key":"SMITH"},{"data":"Adrenaline","floor":13.0,"key":"SMITH"},{"data":"Predator","floor":15.0,"key":"SMITH"},{"data":"Footwork","floor":23,"key":"SMITH"},{"data":"Dodge and Roll","floor":25,"key":"SMITH"},{"data":"Survivor","floor":29,"key":"SMITH"},{"data":"Secret Technique","floor":32,"key":"SMITH"}],"neow_cost":"NONE","seed_source_timestamp":251103600257900,"circlet_count":0,"master_deck":["Strike_G","Strike_G","Defend_G","Defend_G","Defend_G","Defend_G","Defend_G","Survivor+1","Neutralize","Predator+1","Noxious Fumes+1","All Out Attack+1","Deadly Poison+1","Adrenaline+1","Venomology","Backflip+1","Footwork+1","Dodge and Roll+1","Footwork+1","Bouncing Flask","Secret Technique+1","Burst","Crippling Poison","Deadly Poison+1","Parasite","Deadly Poison+1"],"special_seed":0,"relics":["Ring of the Snake"],"potions_floor_usage":[22,27,33,33,33,40,41,41],"damage_taken":[{"damage":3.0,"enemies":"Small Slimes","floor":1.0,"turns":5.0},{"damage":0.0,"enemies":"Jaw Worm","floor":4.0,"turns":3.0},{"damage":0.0,"enemies":"Cultist","floor":7.0,"turns":4.0},{"damage":2.0,"enemies":"Looter","floor":10.0,"turns":4.0},{"damage":20.0,"enemies":"Gremlin Nob","floor":12.0,"turns":4.0},{"damage":28.0,"enemies":"Slime Boss","floor":16.0,"turns":9.0},{"damage":9.0,"enemies":"Shell Parasite","floor":18.0,"turns":5.0},{"damage":0,"enemies":"3 Byrds","floor":21,"turns":5},{"damage":8,"enemies":"Centurion and Healer","floor":22,"turns":5},{"damage":7,"enemies":"Snake Plant","floor":27,"turns":5},{"damage":37,"enemies":"Champ","floor":33,"turns":14},{"damage":0,"enemies":"3 Shapes","floor":35,"turns":5},{"damage":15,"enemies":"3 Darklings","floor":39,"turns":10},{"damage":12,"enemies":"Writhing Mass","floor":40,"turns":8},{"damage":36,"enemies":"Jaw Worm Horde","floor":41,"turns":5},{"damage":21,"enemies":"Reptomancer","floor":42,"turns":5}],"seed_played":"4811356446786920327","potions_obtained":[{"floor":4.0,"key":"LiquidMemories"},{"floor":10.0,"key":"Fire Potion"},{"floor":16.0,"key":"Swift Potion"},{"floor":18.0,"key":"Ancient Potion"},{"floor":21,"key":"DistilledChaos"},{"floor":35,"key":"LiquidMemories"}],"is_trial":false,"path_per_floor":["M","?","$","M","?","R","M","R","T","M","R","E","R","?","R","B",null,"M","?","$","M","M","R","?","R","T","M","?","R","$","?","R","B",null,"M","?","?","$","M","M","M","E"],"character_chosen":"THE_SILENT","items_purchased":["Noxious Fumes","Footwork","Bouncing Flask","Secret Technique","Crippling Poison"],"campfire_rested":0,"item_purchase_floors":[3,20,30,30,38],"current_hp_per_floor":[74,74,74,74,74,74,74,74,74,72,72,52,52,52,52,24,77,68,68,68,68,60,60,60,60,60,68,68,68,68,68,68,31,77,77,77,77,77,62,50,14,0],"gold":106,"neow_bonus":"TEN_PERCENT_HP_BONUS","is_prod":false,"is_daily":false,"chose_seed":false,"campfire_upgraded":9,"win_rate":0,"timestamp":1637705608,"path_taken":["M","?","$","M","?","R","M","R","T","?","R","E","R","?","R","BOSS","M","?","$","M","?","R","?","R","T","M","?","R","$","?","R","BOSS","M","?","?","$","M","M","?","E"],"build_version":"2020-12-22","purchased_purges":1,"victory":false,"max_hp_per_floor":[77,77,77,77,77,77,77,77,77,77,77,77,77,77,77,77,77,77,77,77,77,77,77,77,77,77,77,77,77,77,77,77,77,77,77,77,77,77,77,77,77,77],"card_choices":[{"not_picked":["Bane","Expertise"],"picked":"Predator","floor":1.0},{"not_picked":["Bane","Distraction"],"picked":"All Out Attack","floor":4.0},{"not_picked":["Deflect","Flying Knee","Predator"],"picked":"SKIP","floor":7.0},{"not_picked":["Escape Plan","PiercingWail"],"picked":"Deadly Poison","floor":10.0},{"not_picked":["Leg Sweep","Infinite Blades"],"picked":"Adrenaline","floor":12.0},{"not_picked":["Wraith Form v2","Grand Finale"],"picked":"Venomology","floor":16.0},{"not_picked":["Acrobatics","Deflect+1"],"picked":"Backflip+1","floor":18.0},{"not_picked":["Deflect","Quick Slash+1"],"picked":"Dodge and Roll","floor":21},{"not_picked":["Flechettes","Dagger Spray+1"],"picked":"Footwork+1","floor":22},{"not_picked":["Endless Agony","Dodge and Roll","Quick Slash+1"],"picked":"SKIP","floor":27},{"not_picked":["Doppelganger","Die Die Die"],"picked":"Burst","floor":33},{"not_picked":["Slice+1","Accuracy","Outmaneuver"],"picked":"SKIP","floor":35},{"not_picked":["Underhanded Strike","Bane+1"],"picked":"Deadly Poison+1","floor":39},{"not_picked":["Slice+1","Choke"],"picked":"Deadly Poison+1","floor":40},{"not_picked":["Deflect","Slice+1","Dagger Throw"],"picked":"SKIP","floor":41}],"player_experience":1674749,"relics_obtained":[],"event_choices":[{"damage_healed":0.0,"max_hp_gain":0.0,"max_hp_loss":0.0,"gold_gain":0.0,"event_name":"Golden Idol","player_choice":"Ignored","floor":2.0,"gold_loss":0.0,"damage_taken":0.0},{"damage_healed":0.0,"max_hp_gain":0.0,"max_hp_loss":0.0,"gold_gain":0.0,"event_name":"NoteForYourself","player_choice":"Ignored","floor":5.0,"gold_loss":0.0,"damage_taken":0.0},{"cards_removed":["Strike_G"],"damage_healed":0.0,"max_hp_gain":0.0,"max_hp_loss":0.0,"gold_gain":0.0,"event_name":"The Cleric","player_choice":"Card Removal","floor":14.0,"gold_loss":50.0,"damage_taken":0.0},{"damage_healed":0,"gold_gain":0,"player_choice":"Ignored","damage_taken":0,"max_hp_gain":0,"max_hp_loss":0,"event_name":"WeMeetAgain","floor":19,"gold_loss":0},{"damage_healed":0,"gold_gain":99,"player_choice":"Stole From Cult","damage_taken":0,"max_hp_gain":0,"max_hp_loss":0,"event_name":"Nest","floor":24,"gold_loss":0},{"damage_healed":0,"gold_gain":0,"player_choice":"Ignored","damage_taken":0,"max_hp_gain":0,"max_hp_loss":0,"event_name":"Vampires","floor":28,"gold_loss":0},{"damage_healed":0,"gold_gain":0,"player_choice":"Leave","damage_taken":0,"max_hp_gain":0,"max_hp_loss":0,"event_name":"FaceTrader","floor":31,"gold_loss":0},{"damage_healed":0,"gold_gain":0,"player_choice":"Ignored","damage_taken":0,"max_hp_gain":0,"max_hp_loss":0,"event_name":"Mysterious Sphere","floor":36,"gold_loss":0},{"cards_removed":["Strike_G"],"damage_healed":0,"gold_gain":0,"player_choice":"Purged","damage_taken":0,"max_hp_gain":0,"max_hp_loss":0,"event_name":"Purifier","floor":37,"gold_loss":0}],"is_beta":false,"boss_relics":[{"not_picked":["Runic Dome","Coffee Dripper","Calling Bell"]},{"not_picked":["Busted Crown","Pandora\u0027s Box","Runic Pyramid"]}],"items_purged_floors":[20],"is_endless":false,"potions_floor_spawned":[4,10,16,18,21,35,40],"killed_by":"Reptomancer","ascension_level":0}