{"gold_per_floor":[117,117,127,66,84,84,94,120,120,140,160,173,191,222,222,317,317,330,330,348,366,366,391,407,435,486,514,514,530,530,540,540,636,636,655,655,655,667,41,69,69,96,176,27,27,1,27,47,47,47],"floor_reached":51,"playtime":1866,"items_purged":["Strike_G"],"score":947,"play_id":"4f805314-4d44-4596-ad66-706d19cec235","local_time":"20211204181004","is_ascension_mode":true,"campfire_choices":[{"data":"Crippling Poison","floor":6,"key":"SMITH"},{"data":"Accuracy","floor":15,"key":"SMITH"},{"floor":30,"key":"REST"},{"floor":32,"key":"REST"},{"data":"1","floor":41,"key":"LIFT"},{"data":"2","floor":49,"key":"LIFT"}],"neow_cost":"NONE","seed_source_timestamp":1182721282751700,"circlet_count":0,"master_deck":["Strike_G+1","Strike_G+1","Defend_G","Defend_G+1","Defend_G","Defend_G+1","Defend_G","Survivor","Neutralize","Crippling Poison+1","Bane","Escape Plan","Dagger Throw","Reflex","Accuracy+1","Footwork","Blade Dance","Backstab","After Image","After Image","Cloak And Dagger","Accuracy","Phantasmal Killer","Bullet Time","Acrobatics+1","Cloak And Dagger+1","Bullet Time","Impatience","Tactician+1","Storm of Steel","Footwork"],"relics":["Ring of the Snake","NeowsBlessing","StoneCalendar","Lizard Tail","Dead Branch","Odd Mushroom","Oddly Smooth Stone","WristBlade","Mercury Hourglass","Centennial Puzzle","MealTicket","Dream Catcher","Question Card","Nilry\u0027s Codex","Snecko Eye","Matryoshka","Whetstone","Membership Card","Girya","War Paint","Art of War","Bottled Flame","Toolbox","Orichalcum","Smiling Mask"],"potions_floor_usage":[8,14,16,21,25,25,27,27,33,38,50,50,50],"damage_taken":[{"damage":0,"enemies":"Jaw Worm","floor":1,"turns":1},{"damage":0,"enemies":"Cultist","floor":3,"turns":1},{"damage":0,"enemies":"2 Louse","floor":5,"turns":1},{"damage":2,"enemies":"Red Slaver","floor":7,"turns":3},{"damage":6,"enemies":"3 Sentries","floor":8,"turns":7},{"damage":3,"enemies":"The Mushroom Lair","floor":10,"turns":3},{"damage":5,"enemies":"Large Slime","floor":11,"turns":7},{"damage":0,"enemies":"Blue Slaver","floor":12,"turns":6},{"damage":0,"enemies":"Exordium Thugs","floor":13,"turns":4},{"damage":0,"enemies":"Lagavulin","floor":14,"turns":4},{"damage":10,"enemies":"Slime Boss","floor":16,"turns":7},{"damage":10,"enemies":"Shell Parasite","floor":18,"turns":6},{"damage":5,"enemies":"2 Thieves","floor":20,"turns":2},{"damage":13,"enemies":"Snake Plant","floor":21,"turns":7},{"damage":2,"enemies":"Gremlin Leader","floor":23,"turns":6},{"damage":7,"enemies":"Shelled Parasite and Fungi","floor":24,"turns":4},{"damage":16,"enemies":"Slavers","floor":25,"turns":5},{"damage":26,"enemies":"Gremlin Leader","floor":27,"turns":4},{"damage":0,"enemies":"Centurion and Healer","floor":29,"turns":2},{"damage":0,"enemies":"Snake Plant","floor":31,"turns":4},{"damage":27,"enemies":"Champ","floor":33,"turns":8},{"damage":0,"enemies":"3 Darklings","floor":35,"turns":1},{"damage":2,"enemies":"3 Shapes","floor":38,"turns":4},{"damage":13,"enemies":"Reptomancer","floor":40,"turns":3},{"damage":6,"enemies":"Nemesis","floor":42,"turns":5},{"damage":3,"enemies":"Reptomancer","floor":47,"turns":3},{"damage":2,"enemies":"Writhing Mass","floor":48,"turns":2},{"damage":13,"enemies":"Awakened One","floor":50,"turns":6}],"seed_played":"-652819172026288309","potions_obtained":[{"floor":5,"key":"PowerPotion"},{"floor":7,"key":"DistilledChaos"},{"floor":10,"key":"DistilledChaos"},{"floor":12,"key":"DistilledChaos"},{"floor":16,"key":"Strength Potion"},{"floor":20,"key":"Block Potion"},{"floor":23,"key":"LiquidBronze"},{"floor":25,"key":"SpeedPotion"},{"floor":31,"key":"FearPotion"},{"floor":33,"key":"GamblersBrew"},{"floor":38,"key":"GhostInAJar"},{"floor":42,"key":"Fire Potion"}],"is_trial":false,"path_per_floor":["M","?","M","?","M","R","M","E","T","?","M","M","M","E","R","B",null,"M","?","M","M","T","E","M","E","T","E","?","M","R","M","R","B",null,"M","?","?","M","$","E","R","E","T","$","?","$","E","M","R","B",null],"character_chosen":"THE_SILENT","items_purchased":["Matryoshka","Whetstone","Membership Card","Toolbox","Orichalcum","Fire Potion"],"campfire_rested":2,"item_purchase_floors":[39,39,39,44,44,46],"current_hp_per_floor":[70,70,70,70,70,70,68,62,62,59,54,54,54,54,54,44,70,60,60,55,42,42,40,33,17,17,26,10,10,31,31,52,25,70,70,70,70,68,70,57,57,51,51,66,66,70,67,65,65,52],"gold":47,"neow_bonus":"THREE_ENEMY_KILL","is_prod":false,"is_daily":false,"chose_seed":false,"campfire_upgraded":2,"win_rate":0,"timestamp":1638637804,"path_taken":["M","?","?","?","M","R","?","E","T","?","M","M","M","E","R","BOSS","M","?","M","M","?","E","M","E","T","E","?","M","R","M","R","BOSS","M","?","?","M","$","E","R","E","T","$","?","?","E","M","R","BOSS"],"build_version":"2020-12-22","purchased_purges":1,"victory":true,"max_hp_per_floor":[70,70,70,70,70,70,70,70,70,70,70,70,70,70,70,70,70,70,70,70,70,70,70,70,70,70,70,70,70,70,70,70,70,70,70,70,70,70,70,70,70,70,70,70,70,70,70,70,70,70],"card_choices":[{"not_picked":["Bane","Slice"],"picked":"Crippling Poison","floor":1},{"not_picked":["Caltrops","Dagger Spray"],"picked":"Bane","floor":3},{"not_picked":["Unload","Bane"],"picked":"Escape Plan","floor":5},{"not_picked":["PiercingWail","Reflex"],"picked":"Dagger Throw","floor":7},{"not_picked":["Distraction","Leg Sweep"],"picked":"Reflex","floor":8},{"not_picked":["Flechettes","Backflip"],"picked":"Accuracy","floor":10},{"not_picked":["Deadly Poison","Dagger Throw"],"picked":"Footwork","floor":11},{"not_picked":["Flechettes","Prepared"],"picked":"Blade Dance","floor":12},{"not_picked":["Acrobatics","Backflip"],"picked":"Backstab","floor":13},{"not_picked":["Underhanded Strike","PiercingWail"],"picked":"After Image","floor":14},{"not_picked":["Phantasmal Killer","Envenom"],"picked":"After Image","floor":16},{"not_picked":["PiercingWail","Flechettes"],"picked":"Cloak And Dagger","floor":18},{"not_picked":["Flying Knee","Sucker Punch","Predator"],"picked":"SKIP","floor":20},{"not_picked":["Well Laid Plans","Deadly Poison+1"],"picked":"Phantasmal Killer","floor":21},{"not_picked":["Dagger Spray","Backflip","Reflex"],"picked":"SKIP","floor":23},{"not_picked":["Underhanded Strike","Deadly Poison","Quick Slash"],"picked":"SKIP","floor":24},{"not_picked":["Bane","Backflip","Predator"],"picked":"SKIP","floor":25},{"not_picked":["Caltrops","PiercingWail"],"picked":"Bullet Time","floor":27},{"not_picked":["Flying Knee+1","Bane+1","PiercingWail"],"picked":"Acrobatics+1","floor":29},{"not_picked":["Underhanded Strike","Flying Knee+1","Calculated Gamble"],"picked":"Cloak And Dagger+1","floor":30},{"not_picked":["Cloak And Dagger","Deadly Poison","Malaise","Setup"],"picked":"SKIP","floor":31},{"not_picked":["Grand Finale","Burst","Night Terror"],"picked":"Bullet Time","floor":33},{"not_picked":["Dodge and Roll+1","Quick Slash","Bouncing Flask","Dagger Spray"],"picked":"SKIP","floor":35},{"not_picked":["Thinking Ahead","Good Instincts","Secret Weapon"],"picked":"Impatience","floor":36},{"not_picked":["Sucker Punch+1","Eviscerate+1","Poisoned Stab","Dagger Throw"],"picked":"SKIP","floor":38},{"not_picked":["Calculated Gamble","Sucker Punch+1","Catalyst","Choke+1"],"picked":"SKIP","floor":40},{"not_picked":["Masterful Stab","Dodge and Roll+1","Flying Knee"],"picked":"Tactician+1","floor":42},{"not_picked":["Slice","Dagger Spray+1","Riddle With Holes"],"picked":"Storm of Steel","floor":47},{"not_picked":["Deadly Poison","Sucker Punch","Crippling Poison"],"picked":"Footwork","floor":48}],"player_experience":1694339,"relics_obtained":[{"floor":8,"key":"Lizard Tail"},{"floor":9,"key":"Dead Branch"},{"floor":10,"key":"Odd Mushroom"},{"floor":14,"key":"Oddly Smooth Stone"},{"floor":22,"key":"Mercury Hourglass"},{"floor":23,"key":"Centennial Puzzle"},{"floor":25,"key":"MealTicket"},{"floor":26,"key":"Dream Catcher"},{"floor":27,"key":"Question Card"},{"floor":28,"key":"Nilry\u0027s Codex"},{"floor":40,"key":"Girya"},{"floor":42,"key":"War Paint"},{"floor":43,"key":"Art of War"},{"floor":43,"key":"Bottled Flame"},{"floor":47,"key":"Smiling Mask"}],"event_choices":[{"cards_removed":["Strike_G"],"damage_healed":0,"gold_gain":0,"player_choice":"Offered Basic","damage_taken":0,"max_hp_gain":0,"max_hp_loss":0,"event_name":"Bonfire Elementals","floor":2,"gold_loss":0},{"damage_healed":0,"gold_gain":0,"player_choice":"Paid Gold","damage_taken":0,"relics_obtained":["StoneCalendar"],"max_hp_gain":0,"max_hp_loss":0,"event_name":"WeMeetAgain","floor":4,"gold_loss":61},{"damage_healed":0,"gold_gain":0,"player_choice":"Fought Mushrooms","damage_taken":0,"max_hp_gain":0,"max_hp_loss":0,"event_name":"Mushrooms","floor":10,"gold_loss":0},{"damage_healed":0,"gold_gain":0,"player_choice":"Read","damage_taken":0,"max_hp_gain":0,"max_hp_loss":0,"event_name":"The Library","floor":19,"gold_loss":0,"cards_obtained":["Accuracy"]},{"damage_healed":0,"gold_gain":0,"player_choice":"Obtained Book","damage_taken":16,"max_hp_gain":0,"max_hp_loss":0,"event_name":"Cursed Tome","floor":28,"gold_loss":0},{"damage_healed":0,"gold_gain":0,"player_choice":"Memory 1","damage_taken":0,"max_hp_gain":0,"max_hp_loss":0,"event_name":"SensoryStone","floor":36,"gold_loss":0},{"damage_healed":0,"gold_gain":0,"player_choice":"Ignored","damage_taken":0,"max_hp_gain":0,"max_hp_loss":0,"event_name":"Tomb of Lord Red Mask","floor":37,"gold_loss":0},{"cards_removed":["Strike_G"],"damage_healed":0,"gold_gain":0,"player_choice":"Removed Attack","damage_taken":0,"max_hp_gain":0,"max_hp_loss":0,"event_name":"Falling","floor":45,"gold_loss":0}],"is_beta":false,"boss_relics":[{"not_picked":["Tiny House","HoveringKite"],"picked":"WristBlade"},{"not_picked":["Ring of the Serpent","Black Star"],"picked":"Snecko Eye"}],"items_purged_floors":[39],"is_endless":false,"potions_floor_spawned":[5,7,10,12,16,20,23,25,31,33,38,42,47],"ascension_level":1}