{"gold_per_floor":[113,125,125,125,139,139,169,169,169,169,185,205,239,239,239,334,334,353,353,353,372,385,411,411,437,437,456,456,456,487,0,0,0],"floor_reached":33,"playtime":844,"items_purged":[],"score":355,"play_id":"57a3a77a-a2be-425a-bb09-7f3f26b87b4c","local_time":"20211204173450","is_ascension_mode":true,"campfire_choices":[{"data":"Corpse Explosion","floor":6,"key":"SMITH"},{"data":"Accuracy","floor":8,"key":"SMITH"},{"data":"Catalyst","floor":10,"key":"SMITH"},{"floor":15,"key":"REST"},{"data":"Accuracy","floor":24,"key":"SMITH"},{"floor":32,"key":"REST"}],"neow_cost":"NONE","seed_source_timestamp":1181661846773100,"circlet_count":0,"master_deck":["Strike_G+1","Strike_G+1","Strike_G+1","Defend_G+1","Defend_G+1","Defend_G+1","Defend_G+1","Defend_G+1","Survivor","Neutralize+1","Catalyst+1","All Out Attack+1","Underhanded Strike","Corpse Explosion+1","Accuracy+1","Tactician","Storm of Steel","Backflip","Burst","Escape Plan","Catalyst","Accuracy+1","Infinite Blades","Infinite Blades"],"relics":["Philosopher\u0027s Stone","Molten Egg 2","Orichalcum","Vajra","WristBlade","Bottled Flame","Paper Crane","Whetstone","Regal Pillow"],"potions_floor_usage":[11,18,20,22,30,30,30,30],"damage_taken":[{"damage":1,"enemies":"Small Slimes","floor":1,"turns":4},{"damage":0,"enemies":"2 Louse","floor":2,"turns":3},{"damage":2,"enemies":"Cultist","floor":5,"turns":3},{"damage":2,"enemies":"3 Sentries","floor":7,"turns":3},{"damage":0,"enemies":"Gremlin Gang","floor":11,"turns":3},{"damage":22,"enemies":"Large Slime","floor":12,"turns":7},{"damage":8,"enemies":"Lagavulin","floor":13,"turns":5},{"damage":25,"enemies":"The Guardian","floor":16,"turns":9},{"damage":0,"enemies":"Spheric Guardian","floor":18,"turns":1},{"damage":1,"enemies":"Chosen","floor":21,"turns":4},{"damage":1,"enemies":"Centurion and Healer","floor":22,"turns":4},{"damage":15,"enemies":"Gremlin Leader","floor":23,"turns":6},{"damage":44,"enemies":"Book of Stabbing","floor":25,"turns":5},{"damage":24,"enemies":"Shelled Parasite and Fungi","floor":27,"turns":5},{"damage":14,"enemies":"Slavers","floor":30,"turns":2},{"damage":44,"enemies":"Automaton","floor":33,"turns":6}],"seed_played":"-3613826776372362597","potions_obtained":[{"floor":7,"key":"Swift Potion"},{"floor":11,"key":"PowerPotion"},{"floor":12,"key":"Fire Potion"},{"floor":16,"key":"SneckoOil"},{"floor":18,"key":"FairyPotion"},{"floor":20,"key":"Fruit Juice"},{"floor":20,"key":"EntropicBrew"},{"floor":22,"key":"Energy Potion"},{"floor":30,"key":"Fire Potion"}],"is_trial":false,"path_per_floor":["M","M","?","?","M","R","E","R","T","R","M","M","E","?","R","B",null,"M","?","?","M","M","E","R","E","T","M","?","?","E","?","R","B"],"character_chosen":"THE_SILENT","items_purchased":[],"campfire_rested":2,"item_purchase_floors":[],"current_hp_per_floor":[69,69,62,62,60,60,58,58,58,58,58,36,28,28,49,24,70,70,70,75,74,73,58,58,14,14,17,17,17,3,3,40,0],"gold":0,"neow_bonus":"BOSS_RELIC","is_prod":false,"is_daily":false,"chose_seed":false,"campfire_upgraded":4,"win_rate":0,"timestamp":1638635690,"path_taken":["M","M","?","?","?","R","E","R","T","R","?","M","E","?","R","BOSS","M","?","?","?","M","E","R","E","T","M","?","?","E","?","R","BOSS"],"build_version":"2020-12-22","purchased_purges":0,"victory":false,"max_hp_per_floor":[70,70,70,70,70,70,70,70,70,70,70,70,70,70,70,70,70,70,70,75,75,75,75,75,75,75,75,75,75,75,75,75,75],"card_choices":[{"not_picked":["Cloak And Dagger","Acrobatics"],"picked":"Catalyst","floor":1},{"not_picked":["Slice","Blur"],"picked":"All Out Attack","floor":2},{"not_picked":["Flying Knee","Riddle With Holes","Terror"],"picked":"SKIP","floor":5},{"not_picked":["Expertise","Outmaneuver"],"picked":"Accuracy","floor":7},{"not_picked":["Backstab+1","Outmaneuver"],"picked":"Tactician","floor":11},{"not_picked":["PiercingWail","Bane+1","Quick Slash+1"],"picked":"SKIP","floor":12},{"not_picked":["Dodge and Roll","Skewer+1"],"picked":"Storm of Steel","floor":13},{"not_picked":["Wraith Form v2","After Image"],"picked":"Burst","floor":16},{"not_picked":["Dagger Spray+1","Sucker Punch+1"],"picked":"Escape Plan","floor":18},{"not_picked":["Bane+1","Dagger Spray+1"],"picked":"Catalyst","floor":21},{"not_picked":["Blade Dance+1","Acrobatics"],"picked":"Accuracy","floor":22},{"not_picked":["Backflip","Flying Knee+1"],"picked":"Infinite Blades","floor":23},{"not_picked":["Dagger Spray+1","Backflip","Choke+1"],"picked":"SKIP","floor":25},{"not_picked":["Reflex","Poisoned Stab+1","Sucker Punch+1"],"picked":"SKIP","floor":27},{"not_picked":["Caltrops+1","Eviscerate+1"],"picked":"Infinite Blades","floor":30}],"player_experience":1693295,"relics_obtained":[{"floor":7,"key":"Molten Egg 2"},{"floor":9,"key":"Orichalcum"},{"floor":13,"key":"Vajra"},{"floor":23,"key":"Bottled Flame"},{"floor":25,"key":"Paper Crane"},{"floor":26,"key":"Whetstone"},{"floor":30,"key":"Regal Pillow"}],"event_choices":[{"cards_removed":["Strike_G"],"damage_healed":0,"gold_gain":0,"player_choice":"Card Removal","damage_taken":7,"max_hp_gain":0,"max_hp_loss":0,"event_name":"Golden Wing","floor":3,"gold_loss":0},{"damage_healed":0,"gold_gain":0,"player_choice":"2 cards matched","damage_taken":0,"max_hp_gain":0,"max_hp_loss":0,"event_name":"Match and Keep!","floor":4,"gold_loss":0,"cards_obtained":["Underhanded Strike","Corpse Explosion"]},{"damage_healed":0,"gold_gain":0,"cards_transformed":["Strike_G"],"player_choice":"Change","damage_taken":0,"max_hp_gain":0,"max_hp_loss":0,"event_name":"Living Wall","floor":14,"gold_loss":0,"cards_obtained":["Backflip"]},{"damage_healed":0,"gold_gain":0,"player_choice":"Ignored","damage_taken":0,"max_hp_gain":0,"max_hp_loss":0,"event_name":"Vampires","floor":19,"gold_loss":0},{"damage_healed":0,"gold_gain":0,"player_choice":"Got Potions","damage_taken":0,"max_hp_gain":0,"max_hp_loss":0,"event_name":"Lab","floor":20,"gold_loss":0},{"damage_healed":0,"gold_gain":0,"player_choice":"Simplicity","damage_taken":0,"max_hp_gain":0,"max_hp_loss":0,"event_name":"Back to Basics","floor":28,"gold_loss":0,"cards_upgraded":["Strike_G","Strike_G","Strike_G","Defend_G","Defend_G","Defend_G","Defend_G","Defend_G"]},{"damage_healed":0,"gold_gain":0,"player_choice":"Ignored","damage_taken":0,"max_hp_gain":0,"max_hp_loss":0,"event_name":"Cursed Tome","floor":29,"gold_loss":0},{"damage_healed":0,"gold_gain":0,"player_choice":"Paid Fearfully","damage_taken":0,"max_hp_gain":0,"max_hp_loss":0,"event_name":"Masked Bandits","floor":31,"gold_loss":487}],"is_beta":false,"boss_relics":[{"not_picked":["Busted Crown","Calling Bell"],"picked":"WristBlade"}],"items_purged_floors":[],"is_endless":false,"potions_floor_spawned":[7,11,12,16,18,22,30],"killed_by":"Automaton","ascension_level":1}