{"gold_per_floor":[109,126,51,51,67,67,79,79,133,133,168,191,151,181,181,276,276,296,31,31,31,44,44],"floor_reached":23,"playtime":595,"items_purged":["Strike_G"],"score":233,"play_id":"c1e2ecc9-f7e1-4bec-a4d2-d384e9d0ce31","local_time":"20211206214144","is_ascension_mode":true,"campfire_choices":[{"data":"Deadly Poison","floor":6,"key":"SMITH"},{"data":"Bane","floor":8,"key":"SMITH"},{"data":"Neutralize","floor":10,"key":"SMITH"},{"data":"Deadly Poison","floor":15,"key":"SMITH"}],"neow_cost":"NONE","seed_source_timestamp":1369525351216900,"circlet_count":0,"master_deck":["Strike_G","Strike_G","Strike_G","Strike_G","Defend_G","Defend_G","Defend_G","Defend_G","Defend_G","Survivor","Neutralize+1","Deadly Poison+1","Infinite Blades","Bane+1","Deadly Poison+1","Deadly Poison+1"],"relics":["Busted Crown","Lantern","Snake Skull","Odd Mushroom","Boot","SlaversCollar","Toxic Egg 2","Pear"],"potions_floor_usage":[12,12,18,22,23],"damage_taken":[{"damage":4,"enemies":"Cultist","floor":1,"turns":4},{"damage":2,"enemies":"Small Slimes","floor":2,"turns":4},{"damage":0,"enemies":"2 Louse","floor":5,"turns":3},{"damage":4,"enemies":"Red Slaver","floor":7,"turns":3},{"damage":11,"enemies":"3 Sentries","floor":11,"turns":9},{"damage":0,"enemies":"The Mushroom Lair","floor":12,"turns":2},{"damage":0,"enemies":"Lagavulin","floor":14,"turns":6},{"damage":4,"enemies":"The Guardian","floor":16,"turns":7},{"damage":22,"enemies":"Spheric Guardian","floor":18,"turns":6},{"damage":7,"enemies":"Chosen","floor":22,"turns":4},{"damage":59,"enemies":"Gremlin Leader","floor":23,"turns":4}],"seed_played":"-2419107567334629584","potions_obtained":[{"floor":5,"key":"Fire Potion"},{"floor":11,"key":"GamblersBrew"},{"floor":13,"key":"SkillPotion"},{"floor":13,"key":"SkillPotion"},{"floor":13,"key":"GamblersBrew"},{"floor":18,"key":"EssenceOfSteel"}],"is_trial":false,"path_per_floor":["M","M","$","$","M","R","M","R","T","R","E","?","?","E","R","B",null,"M","$","?","?","M","E"],"character_chosen":"THE_SILENT","items_purchased":["Toxic Egg 2","Deadly Poison+1"],"campfire_rested":0,"item_purchase_floors":[19,19],"current_hp_per_floor":[66,64,64,64,64,64,60,60,60,60,49,49,49,49,49,45,70,48,48,48,58,51,0],"gold":44,"neow_bonus":"BOSS_RELIC","is_prod":false,"is_daily":false,"chose_seed":false,"campfire_upgraded":4,"win_rate":0,"timestamp":1638823304,"path_taken":["M","?","?","$","M","R","M","R","T","R","E","?","?","E","R","BOSS","M","$","?","?","M","E"],"build_version":"2020-12-22","purchased_purges":1,"victory":false,"max_hp_per_floor":[70,70,70,70,70,70,70,70,70,70,70,70,70,70,70,70,70,70,70,70,80,80,80],"card_choices":[{"not_picked":[],"picked":"Deadly Poison","floor":1},{"not_picked":[],"picked":"Infinite Blades","floor":2},{"not_picked":[],"picked":"Bane","floor":5},{"not_picked":["Setup"],"picked":"SKIP","floor":7},{"not_picked":["After Image"],"picked":"SKIP","floor":11},{"not_picked":[],"picked":"Deadly Poison","floor":12},{"not_picked":["Sucker Punch"],"picked":"SKIP","floor":14},{"not_picked":["Flying Knee+1"],"picked":"SKIP","floor":18},{"not_picked":["Cloak And Dagger+1"],"picked":"SKIP","floor":22}],"player_experience":1701461,"relics_obtained":[{"floor":9,"key":"Lantern"},{"floor":11,"key":"Snake Skull"},{"floor":12,"key":"Odd Mushroom"},{"floor":14,"key":"Boot"}],"event_choices":[{"damage_healed":0,"gold_gain":0,"player_choice":"Fought Mushrooms","damage_taken":0,"max_hp_gain":0,"max_hp_loss":0,"event_name":"Mushrooms","floor":12,"gold_loss":0},{"damage_healed":0,"gold_gain":0,"player_choice":"Bought 3 Potions","damage_taken":0,"max_hp_gain":0,"max_hp_loss":0,"event_name":"The Woman in Blue","floor":13,"gold_loss":0},{"damage_healed":0,"gold_gain":0,"player_choice":"Ignored","damage_taken":0,"max_hp_gain":0,"max_hp_loss":0,"event_name":"Vampires","floor":20,"gold_loss":0},{"damage_healed":0,"gold_gain":0,"player_choice":"Opened","damage_taken":0,"relics_obtained":["Pear"],"max_hp_gain":0,"max_hp_loss":0,"event_name":"The Mausoleum","floor":21,"gold_loss":0}],"is_beta":false,"boss_relics":[{"not_picked":["Runic Pyramid","Ectoplasm"],"picked":"SlaversCollar"}],"items_purged_floors":[3],"is_endless":false,"potions_floor_spawned":[5,11,14,18],"killed_by":"Gremlin Leader","ascension_level":1}