{"gold_per_floor":[15,30,30,30,30,30,45,84,84,84,100,136,150,175,175,300,300,325,350,375,60,79,79],"floor_reached":23,"playtime":995,"items_purged":["Injury"],"score":215,"play_id":"d65e6bfe-d119-4dd4-b217-72c8e078565c","local_time":"20211206215826","is_ascension_mode":true,"campfire_choices":[{"data":"Neutralize","floor":6,"key":"SMITH"},{"data":"Survivor","floor":10,"key":"SMITH"},{"floor":15,"key":"REST"}],"neow_cost":"NO_GOLD","seed_source_timestamp":1370128514062900,"circlet_count":0,"master_deck":["Strike_G","Strike_G","Strike_G","Defend_G","Defend_G","Defend_G","Defend_G","Survivor+1","Neutralize+1","Terror","Eviscerate+1","Well Laid Plans","Heel Hook","Outmaneuver","Distraction","A Thousand Cuts","Well Laid Plans+1","Slice+1","Leg Sweep+1","Backflip","Reflex","Caltrops"],"relics":["Ring of the Snake","Ice Cream","Golden Idol","Anchor","The Courier","Pen Nib","Astrolabe","Mummified Hand"],"potions_floor_usage":[18,20],"damage_taken":[{"damage":2,"enemies":"Small Slimes","floor":1,"turns":4},{"damage":1,"enemies":"Jaw Worm","floor":2,"turns":3},{"damage":1,"enemies":"Cultist","floor":7,"turns":3},{"damage":23,"enemies":"3 Sentries","floor":8,"turns":10},{"damage":16,"enemies":"Lots of Slimes","floor":11,"turns":7},{"damage":10,"enemies":"Gremlin Nob","floor":12,"turns":4},{"damage":0,"enemies":"2 Fungi Beasts","floor":13,"turns":3},{"damage":0,"enemies":"Looter","floor":14,"turns":3},{"damage":3,"enemies":"The Guardian","floor":16,"turns":11},{"damage":0,"enemies":"2 Thieves","floor":18,"turns":4},{"damage":4,"enemies":"Chosen","floor":19,"turns":6},{"damage":21,"enemies":"Snake Plant","floor":20,"turns":5},{"damage":8,"enemies":"Centurion and Healer","floor":22,"turns":8},{"damage":45,"enemies":"Slavers","floor":23,"turns":4}],"seed_played":"6895225273249395522","potions_obtained":[{"floor":1,"key":"SpeedPotion"},{"floor":8,"key":"Weak Potion"},{"floor":13,"key":"Explosive Potion"},{"floor":16,"key":"ColorlessPotion"},{"floor":18,"key":"Ancient Potion"},{"floor":20,"key":"SteroidPotion"}],"is_trial":false,"path_per_floor":["M","M","?","?","$","R","M","E","T","R","M","E","M","M","R","B",null,"M","M","M","$","M","E"],"character_chosen":"THE_SILENT","items_purchased":["Mummified Hand","Caltrops"],"campfire_rested":1,"item_purchase_floors":[21,21],"current_hp_per_floor":[68,67,67,67,67,67,66,43,43,43,27,17,17,17,38,35,70,70,66,45,45,37,0],"gold":79,"neow_bonus":"ONE_RARE_RELIC","is_prod":false,"is_daily":false,"chose_seed":false,"campfire_upgraded":2,"win_rate":0,"timestamp":1638824306,"path_taken":["M","M","?","?","$","R","M","E","T","R","M","E","?","M","R","BOSS","M","?","M","$","M","E"],"build_version":"2020-12-22","purchased_purges":1,"victory":false,"max_hp_per_floor":[70,70,70,70,70,70,70,70,70,70,70,70,70,70,70,70,70,70,70,70,70,70,70],"card_choices":[{"not_picked":["Backflip","Flying Knee"],"picked":"Terror","floor":1},{"not_picked":["Predator","Prepared"],"picked":"Eviscerate","floor":2},{"not_picked":["Poisoned Stab","Infinite Blades"],"picked":"Well Laid Plans","floor":7},{"not_picked":["Cloak And Dagger","Crippling Poison"],"picked":"Heel Hook","floor":8},{"not_picked":["PiercingWail","Dodge and Roll"],"picked":"Outmaneuver","floor":11},{"not_picked":["Burst","Catalyst"],"picked":"Distraction","floor":12},{"not_picked":["Catalyst","Cloak And Dagger","Dodge and Roll"],"picked":"SKIP","floor":13},{"not_picked":["Deadly Poison","PiercingWail","Dodge and Roll"],"picked":"SKIP","floor":14},{"not_picked":["Wraith Form v2","Bullet Time"],"picked":"A Thousand Cuts","floor":16},{"not_picked":["PiercingWail","Cloak And Dagger","Flying Knee"],"picked":"SKIP","floor":18},{"not_picked":["Slice","Skewer"],"picked":"Backflip","floor":19},{"not_picked":["Sucker Punch","Deflect+1"],"picked":"Reflex","floor":20},{"not_picked":["PiercingWail","Dodge and Roll","Sucker Punch"],"picked":"SKIP","floor":22}],"player_experience":1702056,"relics_obtained":[{"floor":8,"key":"Anchor"},{"floor":9,"key":"The Courier"},{"floor":12,"key":"Pen Nib"}],"event_choices":[{"damage_healed":0,"gold_gain":0,"player_choice":"Take Wound","damage_taken":0,"relics_obtained":["Golden Idol"],"max_hp_gain":0,"max_hp_loss":0,"event_name":"Golden Idol","floor":3,"gold_loss":0,"cards_obtained":["Injury"]},{"damage_healed":0,"gold_gain":0,"player_choice":"Forge","damage_taken":0,"max_hp_gain":0,"max_hp_loss":0,"event_name":"Accursed Blacksmith","floor":4,"gold_loss":0,"cards_upgraded":["Eviscerate"]}],"is_beta":false,"boss_relics":[{"not_picked":["Philosopher\u0027s Stone","Tiny House"],"picked":"Astrolabe"}],"items_purged_floors":[21],"is_endless":false,"potions_floor_spawned":[1,8,13,16,18,20],"killed_by":"Slavers","ascension_level":1}