{"gold_per_floor":[117,117,77,27,41,41,76,76,76,89,121,137,166,179,179,283,283,293,310,310,24,37,71,71,402,402,402,352,267,280,306,306,409,409,426,426,438,47,65,98,98,125,125,135,135,35,54,64,64,64],"floor_reached":51,"playtime":1684,"items_purged":["Strike_G","Writhe"],"score":926,"play_id":"0589fd0d-2bbf-4576-b5b0-b2c8b5681288","local_time":"20211204183823","is_ascension_mode":true,"campfire_choices":[{"data":"Blade Dance","floor":6,"key":"SMITH"},{"data":"Caltrops","floor":8,"key":"SMITH"},{"data":"Accuracy","floor":15,"key":"SMITH"},{"floor":24,"key":"REST"},{"floor":27,"key":"REST"},{"floor":32,"key":"REST"},{"data":"Cloak And Dagger","floor":41,"key":"SMITH"},{"data":"Envenom","floor":45,"key":"SMITH"},{"data":"Finisher","floor":49,"key":"SMITH"}],"neow_cost":"NONE","seed_source_timestamp":1184628127133800,"circlet_count":0,"master_deck":["Strike_G","Strike_G","Strike_G","Defend_G","Defend_G","Defend_G","Defend_G","Defend_G","Survivor","Neutralize","After Image","Blade Dance+1","Escape Plan","Caltrops+1","Backstab","Cloak And Dagger+1","Accuracy+1","Finisher+1","Envenom+1","Terror","Quick Slash+1","Backflip+1","After Image","Adrenaline+1","Blade Dance+1","Master of Strategy+1","Blade Dance+1","Acrobatics+1","Acrobatics+1","Distraction+1","Tactician+1","Blade Dance+1"],"relics":["Ring of the Snake","Juzu Bracelet","Kunai","Matryoshka","Happy Flower","Sozu","Blue Candle","Snake Skull","Pen Nib","Pantograph","Old Coin","Shuriken","Letter Opener","Toxic Egg 2","Tiny Chest","Cursed Key","Gambling Chip","Pocketwatch","Art of War","Blood Vial","Meat on the Bone"],"potions_floor_usage":[7,13],"damage_taken":[{"damage":0,"enemies":"Cultist","floor":1,"turns":5},{"damage":0,"enemies":"Small Slimes","floor":5,"turns":3},{"damage":0,"enemies":"Lagavulin","floor":7,"turns":10},{"damage":2,"enemies":"2 Louse","floor":10,"turns":2},{"damage":22,"enemies":"Gremlin Nob","floor":11,"turns":5},{"damage":0,"enemies":"Looter","floor":12,"turns":3},{"damage":15,"enemies":"3 Sentries","floor":13,"turns":6},{"damage":0,"enemies":"Exordium Thugs","floor":14,"turns":4},{"damage":11,"enemies":"Hexaghost","floor":16,"turns":9},{"damage":0,"enemies":"Spheric Guardian","floor":18,"turns":1},{"damage":0,"enemies":"Shell Parasite","floor":19,"turns":1},{"damage":14,"enemies":"Centurion and Healer","floor":22,"turns":5},{"damage":21,"enemies":"Gremlin Leader","floor":23,"turns":3},{"damage":14,"enemies":"Slavers","floor":25,"turns":5},{"damage":0,"enemies":"Cultist and Chosen","floor":30,"turns":5},{"damage":20,"enemies":"Gremlin Leader","floor":31,"turns":5},{"damage":17,"enemies":"Champ","floor":33,"turns":9},{"damage":0,"enemies":"3 Darklings","floor":35,"turns":5},{"damage":0,"enemies":"3 Shapes","floor":37,"turns":1},{"damage":5,"enemies":"Writhing Mass","floor":39,"turns":4},{"damage":5,"enemies":"Nemesis","floor":40,"turns":3},{"damage":0,"enemies":"Giant Head","floor":42,"turns":3},{"damage":0,"enemies":"Transient","floor":44,"turns":4},{"damage":0,"enemies":"Maw","floor":47,"turns":3},{"damage":0,"enemies":"Jaw Worm Horde","floor":48,"turns":1},{"damage":51,"enemies":"Time Eater","floor":50,"turns":5}],"seed_played":"6779356466855431399","potions_obtained":[{"floor":1,"key":"Explosive Potion"},{"floor":5,"key":"AttackPotion"},{"floor":12,"key":"Fire Potion"},{"floor":14,"key":"DuplicationPotion"},{"floor":16,"key":"Block Potion"}],"is_trial":false,"path_per_floor":["M","?","$","?","M","R","E","R","T","M","E","M","E","M","R","B",null,"M","M","?","$","M","E","R","E","T","R","?","?","M","E","R","B",null,"M","?","M","$","M","E","R","E","T","M","R","$","M","M","R","B",null],"character_chosen":"THE_SILENT","items_purchased":["Escape Plan","Snake Skull","Pen Nib","Acrobatics+1","Gambling Chip"],"campfire_rested":3,"item_purchase_floors":[3,21,21,38,38],"current_hp_per_floor":[70,70,70,70,70,70,70,70,70,68,46,46,31,31,31,20,70,70,70,70,70,56,35,56,42,42,63,63,63,63,43,64,53,70,70,70,70,70,65,60,60,60,60,62,62,62,64,66,66,31],"gold":64,"neow_bonus":"ONE_RANDOM_RARE_CARD","is_prod":false,"is_daily":false,"chose_seed":false,"campfire_upgraded":6,"win_rate":0,"timestamp":1638639503,"path_taken":["M","?","?","?","M","R","E","R","T","M","E","M","E","M","R","BOSS","M","M","?","$","M","E","R","E","T","R","?","?","M","E","R","BOSS","M","?","M","$","M","E","R","E","T","M","R","$","M","M","R","BOSS"],"build_version":"2020-12-22","purchased_purges":2,"victory":true,"max_hp_per_floor":[70,70,70,70,70,70,70,70,70,70,70,70,70,70,70,70,70,70,70,70,70,70,70,70,70,70,70,70,70,70,70,70,70,70,70,70,70,70,70,70,70,70,70,70,70,70,70,70,70,70],"card_choices":[{"not_picked":["Well Laid Plans","Deadly Poison"],"picked":"Blade Dance","floor":1},{"not_picked":["Dodge and Roll","Calculated Gamble","Outmaneuver"],"picked":"SKIP","floor":5},{"not_picked":["Well Laid Plans","Sucker Punch"],"picked":"Caltrops","floor":7},{"not_picked":["Prepared","Bane","Quick Slash"],"picked":"SKIP","floor":10},{"not_picked":["Flying Knee","Reflex"],"picked":"Backstab","floor":11},{"not_picked":["Slice","Deadly Poison"],"picked":"Cloak And Dagger","floor":12},{"not_picked":["Footwork","Prepared"],"picked":"Accuracy","floor":13},{"not_picked":["PiercingWail","Deadly Poison"],"picked":"Finisher","floor":14},{"not_picked":["Grand Finale","Bullet Time"],"picked":"Envenom","floor":16},{"not_picked":["Backflip","Deflect","Flying Knee+1"],"picked":"SKIP","floor":18},{"not_picked":["Deflect","All Out Attack"],"picked":"Terror","floor":19},{"not_picked":["Slice+1","Dodge and Roll"],"picked":"Quick Slash+1","floor":22},{"not_picked":["Expertise","PiercingWail"],"picked":"Backflip+1","floor":23},{"not_picked":["Heel Hook","All Out Attack"],"picked":"After Image","floor":25},{"not_picked":["Quick Slash","Sucker Punch+1","Deadly Poison+1"],"picked":"SKIP","floor":30},{"not_picked":["Sucker Punch","Reflex+1","Catalyst+1"],"picked":"SKIP","floor":31},{"not_picked":["Grand Finale","Phantasmal Killer+1"],"picked":"Adrenaline+1","floor":33},{"not_picked":["Slice+1","Dodge and Roll+1"],"picked":"Blade Dance+1","floor":35},{"not_picked":["Deep Breath+1","Good Instincts+1"],"picked":"Master of Strategy+1","floor":36},{"not_picked":["Escape Plan+1","Infinite Blades"],"picked":"Blade Dance+1","floor":37},{"not_picked":["Backstab","Masterful Stab+1"],"picked":"Acrobatics+1","floor":39},{"not_picked":["Underhanded Strike+1","Slice+1"],"picked":"Distraction+1","floor":40},{"not_picked":["Corpse Explosion+1","Dagger Throw+1","Quick Slash"],"picked":"SKIP","floor":42},{"not_picked":["Masterful Stab","Calculated Gamble+1"],"picked":"Tactician+1","floor":44},{"not_picked":["Infinite Blades","Dagger Throw+1"],"picked":"Blade Dance+1","floor":47},{"not_picked":["Doppelganger+1","Dagger Spray","Bane+1"],"picked":"SKIP","floor":48}],"player_experience":1696205,"relics_obtained":[{"floor":7,"key":"Juzu Bracelet"},{"floor":9,"key":"Kunai"},{"floor":11,"key":"Matryoshka"},{"floor":13,"key":"Happy Flower"},{"floor":23,"key":"Pantograph"},{"floor":25,"key":"Old Coin"},{"floor":26,"key":"Shuriken"},{"floor":26,"key":"Letter Opener"},{"floor":31,"key":"Tiny Chest"},{"floor":40,"key":"Pocketwatch"},{"floor":42,"key":"Art of War"},{"floor":43,"key":"Blood Vial"},{"floor":43,"key":"Meat on the Bone"}],"event_choices":[{"damage_healed":0,"gold_gain":0,"player_choice":"Ignored","damage_taken":0,"max_hp_gain":0,"max_hp_loss":0,"event_name":"NoteForYourself","floor":2,"gold_loss":0},{"cards_removed":["Strike_G"],"damage_healed":0,"gold_gain":0,"player_choice":"Card Removal","damage_taken":0,"max_hp_gain":0,"max_hp_loss":0,"event_name":"The Cleric","floor":4,"gold_loss":50},{"damage_healed":0,"gold_gain":0,"player_choice":"Opened","damage_taken":0,"relics_obtained":["Blue Candle"],"max_hp_gain":0,"max_hp_loss":0,"event_name":"The Mausoleum","floor":20,"gold_loss":0},{"damage_healed":0,"gold_gain":0,"player_choice":"Bet on Murderer","damage_taken":0,"max_hp_gain":0,"max_hp_loss":0,"event_name":"The Joust","floor":28,"gold_loss":50},{"damage_healed":0,"gold_gain":0,"player_choice":"Obtained Relic","damage_taken":0,"relics_obtained":["Toxic Egg 2"],"max_hp_gain":0,"max_hp_loss":0,"event_name":"Addict","floor":29,"gold_loss":85},{"damage_healed":0,"gold_gain":0,"player_choice":"Memory 1","damage_taken":0,"max_hp_gain":0,"max_hp_loss":0,"event_name":"SensoryStone","floor":36,"gold_loss":0}],"is_beta":false,"boss_relics":[{"not_picked":["Velvet Choker","Coffee Dripper"],"picked":"Sozu"},{"not_picked":["Calling Bell","Pandora\u0027s Box"],"picked":"Cursed Key"}],"items_purged_floors":[38,46],"is_endless":false,"potions_floor_spawned":[1,5,12,14,16,22,30,35,42,48],"ascension_level":1}