{"gold_per_floor":[113,130,150,150,160,188,204,229,229,229,9,9,84,111,111,111],"floor_reached":16,"playtime":371,"items_purged":["Strike_G"],"score":126,"play_id":"7dc441b9-48c6-4938-9a76-13a9a11d6ba2","local_time":"20211214191923","is_ascension_mode":true,"campfire_choices":[{"floor":10.0,"key":"REST"},{"floor":15.0,"key":"REST"}],"neow_cost":"NONE","seed_source_timestamp":0,"circlet_count":0,"master_deck":["Strike_G","Strike_G","Strike_G","Defend_G","Defend_G","Defend_G+1","Defend_G","Defend_G","Survivor","Neutralize","Heel Hook","Blade Dance+1","Footwork+1","Sucker Punch","Backflip"],"special_seed":0,"relics":["Ring of the Snake","NeowsBlessing","Frozen Egg 2","Lantern","Nunchaku","Oddly Smooth Stone","Pen Nib"],"potions_floor_usage":[],"damage_taken":[{"damage":0.0,"enemies":"Cultist","floor":1.0,"turns":1.0},{"damage":0.0,"enemies":"Small Slimes","floor":2.0,"turns":1.0},{"damage":0.0,"enemies":"Jaw Worm","floor":3.0,"turns":1.0},{"damage":0.0,"enemies":"Looter","floor":5.0,"turns":3.0},{"damage":19.0,"enemies":"Gremlin Nob","floor":6.0,"turns":4.0},{"damage":0.0,"enemies":"2 Fungi Beasts","floor":7.0,"turns":4.0},{"damage":20.0,"enemies":"3 Sentries","floor":8.0,"turns":11.0},{"damage":4.0,"enemies":"Lagavulin","floor":14.0,"turns":7.0},{"damage":0,"enemies":"The Guardian","floor":16,"turns":1}],"seed_played":"1271283185836497381","potions_obtained":[{"floor":2.0,"key":"Poison Potion"},{"floor":3.0,"key":"CunningPotion"},{"floor":6.0,"key":"CunningPotion"},{"floor":7.0,"key":"FearPotion"}],"is_trial":false,"path_per_floor":["M","M","M","?","M","E","M","E","T","R","$","?","?","E","R","B"],"character_chosen":"THE_SILENT","items_purchased":["Oddly Smooth Stone"],"campfire_rested":2,"item_purchase_floors":[11],"current_hp_per_floor":[70,70,70,70,70,51,51,31,31,52,52,38,27,23,44,44],"gold":111,"neow_bonus":"THREE_ENEMY_KILL","is_prod":false,"is_daily":false,"chose_seed":false,"campfire_upgraded":0,"win_rate":0,"timestamp":1639505963,"path_taken":["M","M","?","?","M","E","M","E","T","R","?","?","?","E","R","BOSS"],"build_version":"2020-12-22","purchased_purges":1,"victory":false,"max_hp_per_floor":[70,70,70,70,70,70,70,70,70,70,70,70,70,70,70,70],"card_choices":[{"not_picked":["Sucker Punch","Crippling Poison"],"picked":"Heel Hook","floor":1.0},{"not_picked":["Dagger Spray","Underhanded Strike"],"picked":"Blade Dance","floor":2.0},{"not_picked":["Dodge and Roll","Dagger Throw","Prepared"],"picked":"SKIP","floor":3.0},{"not_picked":["Outmaneuver","Dagger Spray","Flying Knee"],"picked":"SKIP","floor":5.0},{"not_picked":["PiercingWail","Deflect"],"picked":"Footwork+1","floor":6.0},{"not_picked":["Backstab","Deadly Poison"],"picked":"Sucker Punch","floor":7.0},{"not_picked":["Eviscerate","Dagger Throw"],"picked":"Backflip","floor":8.0},{"not_picked":["A Thousand Cuts+1","Endless Agony","Blade Dance"],"picked":"SKIP","floor":14.0}],"player_experience":1726004,"relics_obtained":[{"floor":6.0,"key":"Frozen Egg 2"},{"floor":8.0,"key":"Lantern"},{"floor":9.0,"key":"Nunchaku"},{"floor":14.0,"key":"Pen Nib"}],"event_choices":[{"cards_removed":["Strike_G"],"damage_healed":0.0,"max_hp_gain":0.0,"max_hp_loss":0.0,"gold_gain":0.0,"event_name":"Living Wall","player_choice":"Forget","floor":4.0,"gold_loss":0.0,"damage_taken":0.0},{"damage_healed":0.0,"max_hp_gain":0.0,"max_hp_loss":0.0,"gold_gain":0.0,"event_name":"Shining Light","player_choice":"Entered Light","floor":12.0,"gold_loss":0.0,"damage_taken":14.0,"cards_upgraded":["Defend_G","Blade Dance"]},{"damage_healed":0.0,"max_hp_gain":0.0,"max_hp_loss":0.0,"gold_gain":75.0,"event_name":"World of Goop","player_choice":"Gather Gold","floor":13.0,"gold_loss":0.0,"damage_taken":11.0}],"is_beta":false,"boss_relics":[],"items_purged_floors":[11],"is_endless":false,"potions_floor_spawned":[2,3,6,7,8],"killed_by":"The Guardian","ascension_level":1}