{"gold_per_floor":[115,115,190,213,236,236,236,270,270,289,320,320,320,320,320,90,90,214,214,214,60,60,60,60,60,60,60,60,60,60,60,60,60,60,60,60,60,60,60,0,0,0,0,0,0,0,0,0,0,0,0,0],"floor_reached":53,"playtime":2478,"items_purged":["Regret","Delirium"],"score":783,"play_id":"db6ea758-8217-4aef-9f55-3915a402bf65","local_time":"20211219125541","is_ascension_mode":true,"campfire_choices":[{"data":"Neutralize","floor":7,"key":"SMITH"},{"floor":14,"key":"REST"},{"data":"Draining Mist","floor":17,"key":"SMITH"},{"data":"Choke","floor":26,"key":"SMITH"},{"floor":32,"key":"REST"},{"floor":34,"key":"DIG"},{"data":"ReplayTheSpireMod:Necrosis","floor":43,"key":"SMITH"},{"data":"Replay:Bag of Tricks","floor":46,"key":"SMITH"}],"neow_cost":"NONE","seed_source_timestamp":594863699794600,"circlet_count":0,"master_deck":["Strike_G+1","Defend_G","Defend_G","Defend_G","Survivor","Neutralize+1","Choke+1","Replay:Poison Smokescreen","Draining Mist+1","ReplayTheSpireMod:Speed Training+1","Replay:Bag of Tricks+1","Dodge and Roll","Hidden Blade","Necronomicurse","Dodge and Roll","Tactician+1","Skewer","Die Die Die","Dodge and Roll+1","ReplayTheSpireMod:Necrosis+1","Expertise"],"relics":["Ring of the Snake","Replay:Bottled Steam","Golden Idol","Tough Bandages","Bottled Flame","Peace Pipe","Oddly Smooth Stone","Replay:Grab Bag","Busted Crown","Ectoplasm","Replay:Drink Me","ReplayTheSpireMod:CursedCoin","Necronomicon","Bird Faced Urn","Replay:Wax Seal","Strawberry","Gremlin Food","Replay:Rubber Ducky","WristBlade","Happy Flower","Red Mask","ReplayFunnel","Potion Belt","CeramicFish","Shuriken","Ring of Misfortune","Ring of Chaos"],"potions_floor_usage":[11,11,24,35,52,52],"damage_taken":[{"damage":8,"enemies":"Jaw Worm","floor":1,"turns":6},{"damage":0,"enemies":"2 Louse","floor":4,"turns":2},{"damage":0,"enemies":"Small Slimes","floor":5,"turns":3},{"damage":18,"enemies":"Gremlin Nob","floor":8,"turns":5},{"damage":14,"enemies":"Gremlin Gang","floor":10,"turns":6},{"damage":15,"enemies":"Lagavulin","floor":11,"turns":2},{"damage":20,"enemies":"Hexaghost","floor":18,"turns":14},{"damage":0,"enemies":"Spheric Guardian","floor":20,"turns":3},{"damage":0,"enemies":"Chosen","floor":22,"turns":4},{"damage":0,"enemies":"Sentry and Sphere","floor":24,"turns":3},{"damage":0,"enemies":"Book of Stabbing","floor":25,"turns":5},{"damage":1,"enemies":"Gremlin Leader","floor":27,"turns":6},{"damage":4,"enemies":"Slavers","floor":31,"turns":4},{"damage":19,"enemies":"Collector","floor":35,"turns":10},{"damage":0,"enemies":"3 Shapes","floor":37,"turns":5},{"damage":0,"enemies":"Orb Walker","floor":41,"turns":4},{"damage":14,"enemies":"Giant Head","floor":42,"turns":11},{"damage":8,"enemies":"R_Hoarder","floor":47,"turns":7},{"damage":1,"enemies":"Sphere and 2 Shapes","floor":49,"turns":6},{"damage":0,"enemies":"Maw","floor":50,"turns":6},{"damage":8,"enemies":"Replay:Hell Engine","floor":52,"turns":16}],"seed_played":"5845333229962226229","potions_obtained":[{"floor":5,"key":"SteroidPotion"},{"floor":6,"key":"Death Potion"},{"floor":6,"key":"Flashbang"},{"floor":11,"key":"Poison Potion"},{"floor":18,"key":"Adrenaline Potion"},{"floor":24,"key":"Block Potion"},{"floor":35,"key":"LifebloodPotion"},{"floor":47,"key":"SteroidPotion"}],"is_trial":false,"path_per_floor":["M","?","?","M","M","?","R","E","T","M","E","PTL","PTL","R","?","$","R","B",null,"M","$","M","?","M","E","R","E","T","?","?","E","R","?","R","B",null,"M","?","T","?","M","E","R","T","T","R","E","?","M","M","R","B",null],"character_chosen":"THE_SILENT","items_purchased":["Oddly Smooth Stone","ReplayTheSpireMod:CursedCoin","Hidden Blade"],"campfire_rested":2,"item_purchase_floors":[16,21,21],"current_hp_per_floor":[62,62,51,51,51,51,51,33,33,19,4,4,4,23,23,23,23,3,49,49,49,49,33,33,33,33,32,39,39,39,35,51,51,51,32,56,56,56,56,56,56,42,42,42,42,42,40,40,39,39,39,31],"gold":0,"neow_bonus":"RANDOM_EVENT","is_prod":false,"is_daily":false,"chose_seed":false,"campfire_upgraded":5,"win_rate":0,"timestamp":1639914941,"path_taken":["M","?","?","M","M","?","R","E","T","?","E","PTL","PTL","R","?","?","R","BOSS","M","$","M","?","M","E","R","E","T","?","?","E","R","?","R","BOSS","M","?","?","?","M","E","R","?","T","R","E","?","M","?","R","BOSS"],"build_version":"2020-12-22","purchased_purges":2,"victory":true,"max_hp_per_floor":[70,65,65,65,65,65,65,65,65,65,65,65,65,65,65,65,65,65,49,49,49,49,49,49,49,49,49,56,56,56,56,56,56,56,56,56,56,56,56,56,56,56,56,56,56,56,56,56,56,56,56,56],"card_choices":[{"not_picked":["Acrobatics","Eviscerate"],"picked":"Choke","floor":1},{"not_picked":["Bouncing Flask","Expertise","Bane"],"picked":"SKIP","floor":4},{"not_picked":["Sucker Punch","Dodge and Roll"],"picked":"Replay:Poison Smokescreen","floor":5},{"not_picked":["All Out Attack","PiercingWail"],"picked":"Draining Mist","floor":8},{"not_picked":["Leg Sweep","Underhanded Strike","Flying Knee"],"picked":"SKIP","floor":10},{"not_picked":["Concentrate","Flying Knee"],"picked":"ReplayTheSpireMod:Speed Training","floor":11},{"not_picked":["Die Die Die","Glass Knife"],"picked":"Replay:Bag of Tricks","floor":18},{"not_picked":[],"picked":"Dodge and Roll","floor":20},{"not_picked":["Deadly Poison"],"picked":"SKIP","floor":22},{"not_picked":["Dagger Spray+1"],"picked":"SKIP","floor":24},{"not_picked":[],"picked":"Dodge and Roll","floor":25},{"not_picked":[],"picked":"Tactician+1","floor":27},{"not_picked":[],"picked":"Dodge and Roll+1","floor":31},{"not_picked":[],"picked":"ReplayTheSpireMod:Necrosis","floor":35},{"not_picked":["Acrobatics+1"],"picked":"SKIP","floor":37},{"not_picked":["Outmaneuver"],"picked":"SKIP","floor":41},{"not_picked":["Footwork"],"picked":"SKIP","floor":42},{"not_picked":["Predator+1"],"picked":"SKIP","floor":47},{"not_picked":["Flying Knee"],"picked":"SKIP","floor":49},{"not_picked":["Blade Dance+1"],"picked":"SKIP","floor":50}],"player_experience":1737714,"relics_obtained":[{"floor":8,"key":"Tough Bandages"},{"floor":9,"key":"Bottled Flame"},{"floor":11,"key":"Peace Pipe"},{"floor":23,"key":"Necronomicon"},{"floor":25,"key":"Bird Faced Urn"},{"floor":27,"key":"Replay:Wax Seal"},{"floor":28,"key":"Strawberry"},{"floor":31,"key":"Gremlin Food"},{"floor":34,"key":"Replay:Rubber Ducky"},{"floor":39,"key":"Happy Flower"},{"floor":42,"key":"ReplayFunnel"},{"floor":44,"key":"Potion Belt"},{"floor":45,"key":"CeramicFish"},{"floor":47,"key":"Shuriken"},{"floor":51,"key":"Ring of Misfortune"},{"floor":51,"key":"Ring of Chaos"}],"event_choices":[{"damage_healed":0,"gold_gain":0,"player_choice":"Box","damage_taken":0,"relics_obtained":["Replay:Bottled Steam"],"max_hp_gain":0,"max_hp_loss":0,"event_name":"Big Fish","floor":0,"gold_loss":0,"cards_obtained":["Regret"]},{"damage_healed":0,"gold_gain":0,"player_choice":"Lose Max HP","damage_taken":0,"relics_obtained":["Golden Idol"],"max_hp_gain":0,"max_hp_loss":5,"event_name":"Golden Idol","floor":2,"gold_loss":0},{"damage_healed":0,"gold_gain":75,"player_choice":"Gather Gold","damage_taken":11,"max_hp_gain":0,"max_hp_loss":0,"event_name":"World of Goop","floor":3,"gold_loss":0},{"damage_healed":0,"gold_gain":0,"player_choice":"Got Potions","damage_taken":0,"max_hp_gain":0,"max_hp_loss":0,"event_name":"Lab","floor":6,"gold_loss":0},{"damage_healed":0,"gold_gain":0,"player_choice":"Obtained Book","damage_taken":16,"max_hp_gain":0,"max_hp_loss":0,"event_name":"Cursed Tome","floor":23,"gold_loss":0},{"damage_healed":0,"gold_gain":99,"player_choice":"Stole From Cult","damage_taken":0,"max_hp_gain":0,"max_hp_loss":0,"event_name":"Nest","floor":29,"gold_loss":0},{"damage_healed":0,"gold_gain":0,"cards_transformed":["Defend_G","Strike_G"],"player_choice":"Became Test Subject","damage_taken":0,"max_hp_gain":0,"max_hp_loss":0,"event_name":"Drug Dealer","floor":30,"gold_loss":0,"cards_obtained":["Skewer","Die Die Die"]},{"damage_healed":0,"gold_gain":0,"player_choice":"Ignored","damage_taken":0,"max_hp_gain":0,"max_hp_loss":0,"event_name":"Ghosts","floor":33,"gold_loss":0},{"damage_healed":0,"gold_gain":0,"player_choice":"Ignored","damage_taken":0,"max_hp_gain":0,"max_hp_loss":0,"event_name":"The Moai Head","floor":38,"gold_loss":0},{"damage_healed":0,"gold_gain":0,"player_choice":"Paid","damage_taken":0,"relics_obtained":["Red Mask"],"max_hp_gain":0,"max_hp_loss":0,"event_name":"Tomb of Lord Red Mask","floor":40,"gold_loss":60},{"damage_healed":0,"gold_gain":0,"cards_transformed":["Strike_G"],"player_choice":"Transformed","damage_taken":0,"max_hp_gain":0,"max_hp_loss":0,"event_name":"Transmorgrifier","floor":48,"gold_loss":0,"cards_obtained":["Expertise"]}],"is_beta":false,"boss_relics":[{"not_picked":["Snecko Scales","Ring of Chaos"],"picked":"Replay:Grab Bag"},{"not_picked":["Velvet Choker","Replay:Wanted Poster"],"picked":"Busted Crown"},{"not_picked":["Sozu","Runic Dome"],"picked":"Ectoplasm"},{"not_picked":["HoveringKite","Black Star"],"picked":"Replay:Drink Me"},{"not_picked":["Astrolabe","Snecko Eye"],"picked":"WristBlade"}],"items_purged_floors":[16,21],"is_endless":false,"potions_floor_spawned":[5,10,11,18,22,24,25,35,41,42,47],"ascension_level":1}