{"gold_per_floor":[15,15,29,40,40,71,71,104,104,104,91,120,120,135,135,235,235,249,164,89,89,188,188,216,216,268,295,295,97,127,14,14,117,117,129,129,129,177,177,177,195,228,283,333,345,195,230,7,7,7],"floor_reached":51,"playtime":2167,"items_purged":["Parasite","Strike_G","Defend_G","Strike_G","Strike_G"],"score":862,"play_id":"b98f4274-da82-4545-80c0-9e666315ec8e","local_time":"20211209010439","is_ascension_mode":true,"campfire_choices":[{"data":"1","floor":10,"key":"LIFT"},{"data":"2","floor":13,"key":"LIFT"},{"data":"3","floor":15,"key":"LIFT"},{"data":"Footwork","floor":23,"key":"SMITH"},{"data":"Envenom","floor":25,"key":"SMITH"},{"floor":32,"key":"REST"},{"floor":40,"key":"REST"},{"floor":49,"key":"REST"}],"neow_cost":"NO_GOLD","seed_source_timestamp":1552913292791500,"circlet_count":0,"master_deck":["Defend_G","Defend_G","Defend_G","Survivor","Neutralize","Sucker Punch","Footwork+1","Expertise","Blade Dance","Envenom+1","Heel Hook","Prepared+1","Backflip+1","Acrobatics+1","Blade Dance+1"],"relics":["Ring of the Snake","Eternal Feather","Pocketwatch","Girya","Centennial Puzzle","HoveringKite","Boot","Dream Catcher","Toy Ornithopter","Kunai","MawBank","SlaversCollar","Unceasing Top","Bottled Flame","Juzu Bracelet","Torii","Art of War"],"potions_floor_usage":[6,8,8,8,12,18,29,38,50,50],"damage_taken":[{"damage":0,"enemies":"2 Louse","floor":1,"turns":3},{"damage":0,"enemies":"Jaw Worm","floor":3,"turns":4},{"damage":0,"enemies":"Small Slimes","floor":4,"turns":5},{"damage":29,"enemies":"Gremlin Nob","floor":6,"turns":6},{"damage":18,"enemies":"Lagavulin","floor":8,"turns":8},{"damage":0,"enemies":"Exordium Thugs","floor":11,"turns":5},{"damage":13,"enemies":"3 Sentries","floor":12,"turns":9},{"damage":0,"enemies":"3 Louse","floor":14,"turns":3},{"damage":3,"enemies":"The Guardian","floor":16,"turns":10},{"damage":9,"enemies":"Shell Parasite","floor":18,"turns":5},{"damage":17,"enemies":"Book of Stabbing","floor":24,"turns":7},{"damage":22,"enemies":"Gremlin Leader","floor":27,"turns":5},{"damage":16,"enemies":"Slavers","floor":30,"turns":4},{"damage":21,"enemies":"Champ","floor":33,"turns":9},{"damage":7,"enemies":"3 Shapes","floor":35,"turns":5},{"damage":39,"enemies":"2 Orb Walkers","floor":38,"turns":6},{"damage":5,"enemies":"3 Darklings","floor":41,"turns":6},{"damage":0,"enemies":"Nemesis","floor":42,"turns":5},{"damage":5,"enemies":"Mind Bloom Boss Battle","floor":44,"turns":5},{"damage":9,"enemies":"Jaw Worm Horde","floor":45,"turns":5},{"damage":0,"enemies":"Giant Head","floor":47,"turns":7},{"damage":21,"enemies":"Awakened One","floor":50,"turns":8}],"seed_played":"6484496416111870796","potions_obtained":[{"floor":3,"key":"DuplicationPotion"},{"floor":4,"key":"EntropicBrew"},{"floor":6,"key":"Weak Potion"},{"floor":12,"key":"EssenceOfSteel"},{"floor":24,"key":"CunningPotion"},{"floor":33,"key":"SmokeBomb"},{"floor":41,"key":"BlessingOfTheForge"}],"is_trial":false,"path_per_floor":["M","?","M","M","$","E","?","E","T","R","M","E","R","M","R","B",null,"M","?","$","?","?","R","E","R","T","E","?","$","E","$","R","B",null,"M","?","$","?","?","R","M","E","T","?","M","$","E","$","R","B",null],"character_chosen":"THE_SILENT","items_purchased":["Fruit Juice","FearPotion"],"campfire_rested":3,"item_purchase_floors":[29,48],"current_hp_per_floor":[70,70,70,70,70,41,58,40,40,46,46,48,57,57,66,63,70,61,61,61,61,61,67,50,59,59,37,25,35,19,19,51,30,77,70,63,63,29,29,61,56,56,56,51,42,42,42,42,74,56],"gold":7,"neow_bonus":"REMOVE_TWO","is_prod":false,"is_daily":false,"chose_seed":false,"campfire_upgraded":2,"win_rate":0,"timestamp":1639008279,"path_taken":["M","?","M","M","$","E","?","E","T","R","M","E","R","M","R","BOSS","M","?","$","?","?","R","E","R","T","E","?","?","E","$","R","BOSS","M","?","?","?","?","R","?","E","T","?","M","$","E","$","R","BOSS"],"build_version":"2020-12-22","purchased_purges":5,"victory":true,"max_hp_per_floor":[70,70,70,70,70,70,70,70,70,70,70,70,70,70,70,70,70,70,70,67,67,67,67,67,67,67,67,72,77,77,77,77,77,77,77,77,77,77,77,77,77,77,77,77,77,77,77,77,77,77],"card_choices":[{"not_picked":["Underhanded Strike","Slice"],"picked":"Sucker Punch","floor":1},{"not_picked":["Well Laid Plans","Calculated Gamble"],"picked":"Footwork","floor":3},{"not_picked":["Infinite Blades","Prepared","Catalyst"],"picked":"SKIP","floor":4},{"not_picked":["Sucker Punch","Bouncing Flask"],"picked":"Expertise","floor":6},{"not_picked":["Bane","Deadly Poison","Poisoned Stab"],"picked":"SKIP","floor":8},{"not_picked":["Cloak And Dagger","Outmaneuver"],"picked":"Blade Dance","floor":11},{"not_picked":["Dodge and Roll","Catalyst"],"picked":"Envenom","floor":12},{"not_picked":["Footwork","Acrobatics"],"picked":"Heel Hook","floor":14},{"not_picked":["Quick Slash","Setup","Dash"],"picked":"SKIP","floor":18},{"not_picked":["Cloak And Dagger","Crippling Poison"],"picked":"Prepared+1","floor":24},{"not_picked":["Sucker Punch+1","Flying Knee+1","Poisoned Stab+1"],"picked":"SKIP","floor":27},{"not_picked":["Dash+1","Expertise+1"],"picked":"Backflip+1","floor":30},{"not_picked":["Cloak And Dagger","Expertise+1"],"picked":"Acrobatics+1","floor":32},{"not_picked":["Prepared+1","Finisher","Blade Dance"],"picked":"SKIP","floor":35},{"not_picked":["Dagger Spray+1","Predator","Quick Slash+1"],"picked":"SKIP","floor":41},{"not_picked":["Distraction+1","Flying Knee","Dodge and Roll"],"picked":"SKIP","floor":42},{"not_picked":["Deadly Poison","Terror","Eviscerate+1"],"picked":"SKIP","floor":45},{"not_picked":["Grand Finale","Sucker Punch"],"picked":"Blade Dance+1","floor":47}],"player_experience":1708844,"relics_obtained":[{"floor":6,"key":"Eternal Feather"},{"floor":8,"key":"Pocketwatch"},{"floor":9,"key":"Girya"},{"floor":12,"key":"Centennial Puzzle"},{"floor":24,"key":"Dream Catcher"},{"floor":26,"key":"Toy Ornithopter"},{"floor":27,"key":"Kunai"},{"floor":30,"key":"MawBank"},{"floor":38,"key":"Unceasing Top"},{"floor":42,"key":"Bottled Flame"},{"floor":43,"key":"Juzu Bracelet"},{"floor":44,"key":"Torii"},{"floor":47,"key":"Art of War"}],"event_choices":[{"cards_removed":["Strike_G"],"damage_healed":0,"gold_gain":0,"player_choice":"Forget","damage_taken":0,"max_hp_gain":0,"max_hp_loss":0,"event_name":"Living Wall","floor":2,"gold_loss":0},{"damage_healed":17,"gold_gain":0,"player_choice":"Healed and dodged fight","damage_taken":0,"max_hp_gain":0,"max_hp_loss":0,"event_name":"Mushrooms","floor":7,"gold_loss":0,"cards_obtained":["Parasite"]},{"damage_healed":0,"gold_gain":0,"player_choice":"Obtained Relic","damage_taken":0,"relics_obtained":["Boot"],"max_hp_gain":0,"max_hp_loss":0,"event_name":"Addict","floor":19,"gold_loss":85},{"damage_healed":0,"gold_gain":0,"player_choice":"Ignored","damage_taken":0,"max_hp_gain":0,"max_hp_loss":0,"event_name":"Ghosts","floor":21,"gold_loss":0},{"damage_healed":0,"gold_gain":99,"player_choice":"Stole From Cult","damage_taken":0,"max_hp_gain":0,"max_hp_loss":0,"event_name":"Nest","floor":22,"gold_loss":0},{"damage_healed":0,"gold_gain":0,"player_choice":"Shed Blood","damage_taken":17,"max_hp_gain":5,"max_hp_loss":0,"event_name":"Forgotten Altar","floor":28,"gold_loss":0},{"damage_healed":0,"gold_gain":0,"player_choice":"Damaged","damage_taken":7,"max_hp_gain":0,"max_hp_loss":0,"event_name":"Wheel of Change","floor":36,"gold_loss":0},{"damage_healed":0,"gold_gain":0,"player_choice":"Fight","damage_taken":0,"max_hp_gain":0,"max_hp_loss":0,"event_name":"Mysterious Sphere","floor":38,"gold_loss":0},{"damage_healed":0,"gold_gain":0,"player_choice":"Ignored","damage_taken":0,"max_hp_gain":0,"max_hp_loss":0,"event_name":"SecretPortal","floor":39,"gold_loss":0},{"damage_healed":0,"gold_gain":0,"player_choice":"Fight","damage_taken":0,"max_hp_gain":0,"max_hp_loss":0,"event_name":"MindBloom","floor":44,"gold_loss":0}],"is_beta":false,"boss_relics":[{"not_picked":["SacredBark","Ectoplasm"],"picked":"HoveringKite"},{"not_picked":["Tiny House","Pandora\u0027s Box"],"picked":"SlaversCollar"}],"items_purged_floors":[20,29,31,46,48],"is_endless":false,"potions_floor_spawned":[3,4,6,12,24,33,41,45],"ascension_level":1}