{"gold_per_floor":[115,115,127,179,254,280,294,294,366,394,394,64,94,113,113,187,187,205,205,205,205,216,250,250,284,284,298,324,324,358,368,368,441,441,459,37,54,54,79,114,114,133,133,164,164,198,3,18,18,18,18],"floor_reached":52,"playtime":2214,"items_purged":["Shame"],"score":2493,"play_id":"e3ef9bcd-e3ea-4889-affc-2aa250ec9b0d","local_time":"20211226224444","is_ascension_mode":true,"campfire_choices":[{"data":"Dash","floor":8,"key":"SMITH"},{"floor":11,"key":"REST"},{"data":"1","floor":15,"key":"LIFT"},{"data":"2","floor":29,"key":"LIFT"},{"floor":32,"key":"REST"},{"data":"3","floor":45,"key":"LIFT"},{"data":"Footwork","floor":49,"key":"SMITH"}],"neow_cost":"NONE","seed_source_timestamp":84716376618500,"circlet_count":0,"master_deck":["AscendersBane","Survivor","Escape Plan","Tactician+1","Backflip","Malaise","Underhanded Strike","Backstab","Die Die Die","Terror+1","Dash+1","Reflex+1","Escape Plan","Underhanded Strike","Footwork+1","Dagger Throw","After Image","Acrobatics","Underhanded Strike","Reflex","Acrobatics+1","Tools of the Trade","Parasite"],"relics":["Pandora\u0027s Box","War Paint","Ornamental Fan","Girya","PreservedInsect","OrangePellets","Lantern","Busted Crown","Regal Pillow","Pear","Thread and Needle","MealTicket","Art of War","Bottled Lightning","The Courier","SacredBark","Letter Opener","Kunai","Du-Vu Doll","Meat on the Bone","Mummified Hand","Gremlin Horn","Snake Skull","Akabeko"],"potions_floor_usage":[6,25,37,50],"damage_taken":[{"damage":0,"enemies":"Small Slimes","floor":1,"turns":1},{"damage":0,"enemies":"Cultist","floor":3,"turns":4},{"damage":21,"enemies":"Lagavulin","floor":6,"turns":4},{"damage":0,"enemies":"2 Louse","floor":7,"turns":4},{"damage":0,"enemies":"Gremlin Nob","floor":10,"turns":3},{"damage":2,"enemies":"3 Sentries","floor":13,"turns":4},{"damage":0,"enemies":"Blue Slaver","floor":14,"turns":1},{"damage":0,"enemies":"Slime Boss","floor":16,"turns":6},{"damage":8,"enemies":"Shell Parasite","floor":18,"turns":4},{"damage":0,"enemies":"Spheric Guardian","floor":22,"turns":1},{"damage":0,"enemies":"Slavers","floor":23,"turns":3},{"damage":0,"enemies":"Gremlin Leader","floor":25,"turns":3},{"damage":0,"enemies":"3 Cultists","floor":27,"turns":5},{"damage":12,"enemies":"Book of Stabbing","floor":28,"turns":3},{"damage":26,"enemies":"Slavers","floor":30,"turns":3},{"damage":2,"enemies":"Snake Plant","floor":31,"turns":2},{"damage":13,"enemies":"Automaton","floor":33,"turns":8},{"damage":0,"enemies":"Orb Walker","floor":35,"turns":2},{"damage":0,"enemies":"3 Shapes","floor":37,"turns":2},{"damage":0,"enemies":"Mind Bloom Boss Battle","floor":39,"turns":3},{"damage":8,"enemies":"Nemesis","floor":40,"turns":5},{"damage":5,"enemies":"Jaw Worm Horde","floor":42,"turns":3},{"damage":0,"enemies":"Giant Head","floor":44,"turns":3},{"damage":2,"enemies":"Nemesis","floor":46,"turns":3},{"damage":1,"enemies":"Writhing Mass","floor":48,"turns":3},{"damage":0,"enemies":"Awakened One","floor":50,"turns":5},{"damage":45,"enemies":"Time Eater","floor":51,"turns":10}],"seed_played":"6075433254051535593","potions_obtained":[{"floor":1,"key":"AttackPotion"},{"floor":7,"key":"FairyPotion"},{"floor":13,"key":"Swift Potion"},{"floor":24,"key":"SkillPotion"},{"floor":25,"key":"Energy Potion"},{"floor":31,"key":"Block Potion"},{"floor":37,"key":"Fruit Juice"},{"floor":44,"key":"FearPotion"}],"is_trial":false,"path_per_floor":["M","?","M","?","?","E","M","R","T","E","R","$","E","M","R","B",null,"M","?","T","?","M","E","?","E","T","M","E","R","E","M","R","B",null,"M","$","M","?","?","E","?","M","T","E","R","E","$","M","R","B","B",null],"character_chosen":"THE_SILENT","items_purchased":["PreservedInsect","OrangePellets","Letter Opener","Kunai","Akabeko"],"campfire_rested":2,"item_purchase_floors":[12,12,36,36,47],"current_hp_per_floor":[59,59,59,59,48,27,27,27,27,27,46,46,44,44,44,44,61,53,53,63,63,63,63,63,63,63,63,51,51,25,23,60,47,69,69,76,86,82,82,74,74,69,69,69,69,67,82,81,81,81,48],"gold":18,"neow_bonus":"BOSS_RELIC","is_prod":false,"is_daily":false,"chose_seed":false,"campfire_upgraded":2,"win_rate":0,"timestamp":1640555084,"path_taken":["M","?","?","?","?","E","M","R","T","E","R","?","E","M","R","BOSS","M","?","?","?","?","E","?","E","T","M","E","R","E","?","R","BOSS","M","?","M","?","?","E","?","M","T","E","R","E","$","?","R","BOSS","BOSS"],"build_version":"2020-12-22","purchased_purges":1,"victory":true,"max_hp_per_floor":[66,66,66,66,66,66,66,66,66,66,66,66,66,66,66,66,66,66,66,76,76,76,76,76,76,76,76,76,76,76,76,76,76,76,76,76,86,82,82,82,82,82,82,82,82,82,82,82,82,82,82],"card_choices":[{"not_picked":["Deadly Poison","Sucker Punch"],"picked":"Escape Plan","floor":1},{"not_picked":["Outmaneuver","Slice"],"picked":"Underhanded Strike","floor":3},{"not_picked":["Cloak And Dagger","Skewer"],"picked":"Footwork","floor":6},{"not_picked":["Heel Hook","Choke"],"picked":"Dagger Throw","floor":7},{"not_picked":["Prepared","Escape Plan"],"picked":"After Image","floor":10},{"not_picked":["Expertise","Flying Knee"],"picked":"Acrobatics","floor":13},{"not_picked":["Bane","Poisoned Stab","Well Laid Plans"],"picked":"SKIP","floor":14},{"not_picked":["Outmaneuver"],"picked":"SKIP","floor":18},{"not_picked":[],"picked":"Reflex","floor":22},{"not_picked":["Terror"],"picked":"SKIP","floor":23},{"not_picked":["Expertise"],"picked":"SKIP","floor":25},{"not_picked":["Deadly Poison"],"picked":"SKIP","floor":27},{"not_picked":["Underhanded Strike"],"picked":"SKIP","floor":28},{"not_picked":["Deflect"],"picked":"SKIP","floor":30},{"not_picked":["Outmaneuver"],"picked":"SKIP","floor":31},{"not_picked":["Leg Sweep"],"picked":"SKIP","floor":35},{"not_picked":[],"picked":"Acrobatics+1","floor":37},{"not_picked":["Tools of the Trade"],"picked":"SKIP","floor":40},{"not_picked":[],"picked":"Tools of the Trade","floor":40},{"not_picked":["Choke+1"],"picked":"SKIP","floor":42},{"not_picked":["Die Die Die"],"picked":"SKIP","floor":44},{"not_picked":["Dagger Spray"],"picked":"SKIP","floor":46},{"not_picked":["PiercingWail+1"],"picked":"SKIP","floor":48}],"player_experience":1768073,"relics_obtained":[{"floor":6,"key":"War Paint"},{"floor":9,"key":"Ornamental Fan"},{"floor":10,"key":"Girya"},{"floor":13,"key":"Lantern"},{"floor":20,"key":"Pear"},{"floor":23,"key":"Thread and Needle"},{"floor":25,"key":"MealTicket"},{"floor":26,"key":"Art of War"},{"floor":28,"key":"Bottled Lightning"},{"floor":30,"key":"The Courier"},{"floor":39,"key":"Du-Vu Doll"},{"floor":40,"key":"Meat on the Bone"},{"floor":43,"key":"Mummified Hand"},{"floor":44,"key":"Gremlin Horn"},{"floor":46,"key":"Snake Skull"}],"event_choices":[{"cards_removed":["Neutralize"],"damage_healed":0,"gold_gain":0,"player_choice":"Purged","damage_taken":0,"max_hp_gain":0,"max_hp_loss":0,"event_name":"Purifier","floor":2,"gold_loss":0},{"damage_healed":0,"gold_gain":52,"player_choice":"Gained Gold","damage_taken":0,"max_hp_gain":0,"max_hp_loss":0,"event_name":"Golden Wing","floor":4,"gold_loss":0},{"damage_healed":0,"gold_gain":75,"player_choice":"Gather Gold","damage_taken":11,"max_hp_gain":0,"max_hp_loss":0,"event_name":"World of Goop","floor":5,"gold_loss":0},{"damage_healed":0,"gold_gain":0,"player_choice":"Stole Relic","damage_taken":0,"relics_obtained":["Regal Pillow"],"max_hp_gain":0,"max_hp_loss":0,"event_name":"Addict","floor":19,"gold_loss":0,"cards_obtained":["Shame"]},{"damage_healed":0,"gold_gain":0,"player_choice":"1 cards matched","damage_taken":0,"max_hp_gain":0,"max_hp_loss":0,"event_name":"Match and Keep!","floor":21,"gold_loss":0,"cards_obtained":["Underhanded Strike"]},{"damage_healed":0,"gold_gain":0,"player_choice":"Got Potions","damage_taken":0,"max_hp_gain":0,"max_hp_loss":0,"event_name":"Lab","floor":24,"gold_loss":0},{"damage_healed":0,"gold_gain":0,"player_choice":"Max HP","damage_taken":0,"max_hp_gain":0,"max_hp_loss":4,"event_name":"Winding Halls","floor":38,"gold_loss":0},{"damage_healed":0,"gold_gain":0,"player_choice":"Fight","damage_taken":0,"max_hp_gain":0,"max_hp_loss":0,"event_name":"MindBloom","floor":39,"gold_loss":0},{"damage_healed":0,"gold_gain":0,"player_choice":"Forge","damage_taken":0,"max_hp_gain":0,"max_hp_loss":0,"event_name":"Accursed Blacksmith","floor":41,"gold_loss":0,"cards_upgraded":["Tactician"]}],"is_beta":false,"boss_relics":[{"not_picked":["Coffee Dripper","Ectoplasm"],"picked":"Busted Crown"},{"not_picked":["Runic Pyramid","SlaversCollar"],"picked":"SacredBark"}],"items_purged_floors":[47],"is_endless":false,"potions_floor_spawned":[1,7,13,16,22,25,27,31,37,44,46,48],"ascension_level":20}