{"gold_per_floor":[115,190,190,340,10,43,43,71,71,71,71,71,108,133,133,133],"floor_reached":16,"playtime":405,"items_purged":["Regret"],"score":328,"play_id":"d630c50f-9257-49a6-bca4-6e638c034605","local_time":"20211226214645","is_ascension_mode":true,"campfire_choices":[{"data":"Malaise","floor":11,"key":"SMITH"},{"data":"Footwork","floor":15,"key":"SMITH"}],"neow_cost":"NONE","seed_source_timestamp":83059675707600,"circlet_count":0,"master_deck":["AscendersBane","Strike_G","Strike_G","Strike_G","Strike_G","Strike_G","Defend_G","Defend_G","Defend_G","Defend_G","Defend_G","Survivor","Neutralize","Dash","Footwork+1","Malaise+1","Flying Knee","Blur","Flechettes"],"relics":["Ring of the Snake","NeowsBlessing","Strawberry","Oddly Smooth Stone","White Beast Statue","Gambling Chip","CeramicFish","Happy Flower"],"potions_floor_usage":[13,13,16],"damage_taken":[{"damage":0,"enemies":"2 Louse","floor":1,"turns":1},{"damage":0,"enemies":"Gremlin Nob","floor":6,"turns":1},{"damage":0,"enemies":"3 Sentries","floor":8,"turns":1},{"damage":11,"enemies":"Lagavulin","floor":13,"turns":13},{"damage":0,"enemies":"Jaw Worm","floor":14,"turns":6},{"damage":45,"enemies":"Slime Boss","floor":16,"turns":10}],"seed_played":"3685726500306702168","potions_obtained":[{"floor":1,"key":"SteroidPotion"},{"floor":8,"key":"Strength Potion"},{"floor":13,"key":"LiquidBronze"},{"floor":14,"key":"PowerPotion"}],"is_trial":false,"path_per_floor":["M","?","?","?","$","E","?","E","T","?","R","$","E","M","R","B"],"character_chosen":"THE_SILENT","items_purchased":["Oddly Smooth Stone","Footwork"],"campfire_rested":0,"item_purchase_floors":[5,5],"current_hp_per_floor":[59,48,55,55,55,55,55,55,55,55,55,55,44,44,44,0],"gold":133,"neow_bonus":"THREE_ENEMY_KILL","is_prod":false,"is_daily":false,"chose_seed":false,"campfire_upgraded":2,"win_rate":0,"timestamp":1640551605,"path_taken":["M","?","?","?","$","E","?","E","T","?","R","$","E","M","R","BOSS"],"build_version":"2020-12-22","purchased_purges":1,"victory":false,"max_hp_per_floor":[66,66,73,73,73,73,73,73,73,73,73,73,73,73,73,73],"card_choices":[{"not_picked":["Setup","Deadly Poison"],"picked":"Dash","floor":1},{"not_picked":["Storm of Steel","Expertise"],"picked":"Malaise","floor":6},{"not_picked":["Deadly Poison","Predator"],"picked":"Flying Knee","floor":8},{"not_picked":["Flying Knee","Poisoned Stab"],"picked":"Blur","floor":13},{"not_picked":["Choke","Prepared"],"picked":"Flechettes","floor":14}],"player_experience":1766461,"relics_obtained":[{"floor":6,"key":"White Beast Statue"},{"floor":8,"key":"Gambling Chip"},{"floor":9,"key":"CeramicFish"},{"floor":13,"key":"Happy Flower"}],"event_choices":[{"damage_healed":0,"gold_gain":75,"player_choice":"Gather Gold","damage_taken":11,"max_hp_gain":0,"max_hp_loss":0,"event_name":"World of Goop","floor":2,"gold_loss":0},{"damage_healed":0,"gold_gain":0,"player_choice":"Box","damage_taken":0,"relics_obtained":["Strawberry"],"max_hp_gain":0,"max_hp_loss":0,"event_name":"Big Fish","floor":3,"gold_loss":0,"cards_obtained":["Regret"]},{"damage_healed":0,"gold_gain":150,"player_choice":"AGREE","damage_taken":0,"max_hp_gain":0,"max_hp_loss":0,"event_name":"Liars Game","floor":4,"gold_loss":0,"cards_obtained":["Doubt"]},{"damage_healed":0,"gold_gain":0,"player_choice":"Searched \u00270\u0027 times","damage_taken":0,"max_hp_gain":0,"max_hp_loss":0,"event_name":"Dead Adventurer","floor":7,"gold_loss":0},{"cards_removed":["Doubt"],"damage_healed":0,"gold_gain":0,"player_choice":"Forget","damage_taken":0,"max_hp_gain":0,"max_hp_loss":0,"event_name":"Living Wall","floor":10,"gold_loss":0}],"is_beta":false,"boss_relics":[],"items_purged_floors":[5],"is_endless":false,"potions_floor_spawned":[1,8,13,14],"killed_by":"Slime Boss","ascension_level":20}