{"gold_per_floor":[111,36,111,13,31,60,60,60,60,95,95,7,7],"floor_reached":13,"playtime":617,"items_purged":[],"score":178,"play_id":"e7e37f90-6299-437c-a576-5ccaaf3d554f","local_time":"20211226215710","is_ascension_mode":true,"campfire_choices":[{"floor":7,"key":"REST"}],"neow_cost":"PERCENT_DAMAGE","seed_source_timestamp":83472930261500,"circlet_count":0,"master_deck":["AscendersBane","Strike_G","Strike_G","Strike_G","Defend_G","Defend_G","Defend_G","Defend_G","Defend_G","Survivor","Neutralize","Infinite Blades","Finesse","Terror","Malaise","Escape Plan","Predator","Accuracy"],"relics":["Ring of the Snake","Incense Burner","Orichalcum","Eternal Feather","The Specimen"],"potions_floor_usage":[6],"damage_taken":[{"damage":0,"enemies":"2 Louse","floor":1,"turns":5},{"damage":2,"enemies":"Jaw Worm","floor":5,"turns":5},{"damage":26,"enemies":"3 Sentries","floor":6,"turns":12},{"damage":30,"enemies":"Gremlin Nob","floor":10,"turns":5},{"damage":19,"enemies":"Lagavulin","floor":13,"turns":5}],"seed_played":"-2105347074401512113","potions_obtained":[{"floor":1,"key":"Dexterity Potion"}],"is_trial":false,"path_per_floor":["M","?","?","$","M","E","R","?","T","E","?","$","E"],"character_chosen":"THE_SILENT","items_purchased":["Finesse","Accuracy"],"campfire_rested":1,"item_purchase_floors":[4,12],"current_hp_per_floor":[44,44,33,33,31,5,24,46,46,16,16,16,0],"gold":7,"neow_bonus":"ONE_RARE_RELIC","is_prod":false,"is_daily":false,"chose_seed":false,"campfire_upgraded":0,"win_rate":0,"timestamp":1640552230,"path_taken":["M","?","?","?","M","E","R","?","T","E","?","$","E"],"build_version":"2020-12-22","purchased_purges":0,"victory":false,"max_hp_per_floor":[66,66,66,66,66,66,66,66,66,66,66,66,66],"card_choices":[{"not_picked":["Flying Knee","Dagger Spray"],"picked":"Infinite Blades","floor":1},{"not_picked":["Backstab","Calculated Gamble"],"picked":"Terror","floor":5},{"not_picked":["Dodge and Roll","Infinite Blades"],"picked":"Malaise","floor":6},{"not_picked":["Acrobatics","Infinite Blades"],"picked":"Escape Plan","floor":10}],"player_experience":1766866,"relics_obtained":[{"floor":6,"key":"Orichalcum"},{"floor":9,"key":"Eternal Feather"},{"floor":10,"key":"The Specimen"}],"event_choices":[{"cards_removed":["Strike_G"],"damage_healed":0,"gold_gain":0,"player_choice":"Card Removal","damage_taken":0,"max_hp_gain":0,"max_hp_loss":0,"event_name":"The Cleric","floor":2,"gold_loss":75},{"damage_healed":0,"gold_gain":75,"player_choice":"Gather Gold","damage_taken":11,"max_hp_gain":0,"max_hp_loss":0,"event_name":"World of Goop","floor":3,"gold_loss":0},{"damage_healed":22,"gold_gain":0,"player_choice":"Banana","damage_taken":0,"max_hp_gain":0,"max_hp_loss":0,"event_name":"Big Fish","floor":8,"gold_loss":0},{"damage_healed":0,"gold_gain":0,"cards_transformed":["Strike_G"],"player_choice":"Change","damage_taken":0,"max_hp_gain":0,"max_hp_loss":0,"event_name":"Living Wall","floor":11,"gold_loss":0,"cards_obtained":["Predator"]}],"is_beta":false,"boss_relics":[],"items_purged_floors":[],"is_endless":false,"potions_floor_spawned":[1],"killed_by":"Lagavulin","ascension_level":20}