{"gold_per_floor":[109,34,45,45,60,76,107,107,107,107],"floor_reached":10,"playtime":228,"items_purged":[],"score":136,"play_id":"34370e7d-a99e-4308-b4fc-bc138168a27c","local_time":"20211226213726","is_ascension_mode":true,"campfire_choices":[{"data":"Neutralize","floor":8,"key":"SMITH"}],"neow_cost":"NONE","seed_source_timestamp":82678020593700,"circlet_count":0,"master_deck":["AscendersBane","Strike_G","Strike_G","Strike_G","Strike_G","Defend_G","Defend_G","Defend_G","Defend_G","Defend_G","Survivor","Neutralize+1","Deadly Poison","Underhanded Strike","Backstab","Acrobatics"],"relics":["Ring of the Snake","NeowsBlessing","Shuriken","Ancient Tea Set","HornCleat"],"potions_floor_usage":[7],"damage_taken":[{"damage":0,"enemies":"Small Slimes","floor":1,"turns":1},{"damage":0,"enemies":"Jaw Worm","floor":3,"turns":1},{"damage":0,"enemies":"Cultist","floor":5,"turns":1},{"damage":1,"enemies":"2 Fungi Beasts","floor":6,"turns":4},{"damage":19,"enemies":"3 Sentries","floor":7,"turns":9},{"damage":41,"enemies":"Gremlin Nob","floor":10,"turns":4}],"seed_played":"-6319367302414684978","potions_obtained":[{"floor":1,"key":"Energy Potion"},{"floor":3,"key":"Strength Potion"}],"is_trial":false,"path_per_floor":["M","?","M","T","M","M","E","R","T","E"],"character_chosen":"THE_SILENT","items_purchased":[],"campfire_rested":0,"item_purchase_floors":[],"current_hp_per_floor":[59,59,59,59,59,58,39,39,39,0],"gold":107,"neow_bonus":"THREE_ENEMY_KILL","is_prod":false,"is_daily":false,"chose_seed":false,"campfire_upgraded":1,"win_rate":0,"timestamp":1640551046,"path_taken":["M","?","M","?","M","M","E","R","T","E"],"build_version":"2020-12-22","purchased_purges":0,"victory":false,"max_hp_per_floor":[66,66,66,66,66,66,66,66,66,66],"card_choices":[{"not_picked":["Backstab","Bane"],"picked":"Deadly Poison","floor":1},{"not_picked":["Infinite Blades","Slice"],"picked":"Underhanded Strike","floor":3},{"not_picked":["Bane","Prepared"],"picked":"Backstab","floor":5},{"not_picked":["Outmaneuver","Distraction","PiercingWail"],"picked":"SKIP","floor":6},{"not_picked":["Dagger Throw","Backstab"],"picked":"Acrobatics","floor":7}],"player_experience":1766107,"relics_obtained":[{"floor":4,"key":"Shuriken"},{"floor":7,"key":"Ancient Tea Set"},{"floor":9,"key":"HornCleat"}],"event_choices":[{"cards_removed":["Strike_G"],"damage_healed":0,"gold_gain":0,"player_choice":"Card Removal","damage_taken":0,"max_hp_gain":0,"max_hp_loss":0,"event_name":"The Cleric","floor":2,"gold_loss":75}],"is_beta":false,"boss_relics":[],"items_purged_floors":[],"is_endless":false,"potions_floor_spawned":[1,3],"killed_by":"Gremlin Nob","ascension_level":20}