{"gold_per_floor":[60,60,79,118,68,68,150,212,281,206,206,43,43,134,134,207,207,219,309,344,344,78,109,109,165,211,211],"floor_reached":27,"playtime":913,"items_purged":["Strike_G","Bane"],"score":548,"play_id":"fac435f7-43af-4aaf-8534-e0bee7ebc426","local_time":"20220213194523","is_ascension_mode":true,"campfire_choices":[{"data":"HandOfGreed","floor":6,"key":"SMITH"},{"floor":11,"key":"REST"},{"floor":13,"key":"REST"},{"data":"Accuracy","floor":15,"key":"SMITH"},{"floor":24,"key":"REST"}],"neow_cost":"NO_GOLD","seed_source_timestamp":3176551348000,"circlet_count":0,"master_deck":["AscendersBane","Survivor","Neutralize","HandOfGreed+1","Accuracy+1","Terror","Blade Dance","Escape Plan","Cloak And Dagger","Well Laid Plans","Acrobatics","Underhanded Strike","Flechettes","Expertise","Blade Dance","Deadly Poison","Deflect+1","Cloak And Dagger"],"relics":["Ring of the Snake","Dead Branch","Pantograph","Omamori","Pandora\u0027s Box","Pen Nib","Regal Pillow","Tiny Chest","Lantern"],"potions_floor_usage":[16,16,23,25],"damage_taken":[{"damage":7,"enemies":"Small Slimes","floor":1,"turns":4},{"damage":2,"enemies":"Cultist","floor":3,"turns":4},{"damage":0,"enemies":"Jaw Worm","floor":4,"turns":4},{"damage":37,"enemies":"3 Sentries","floor":7,"turns":10},{"damage":10,"enemies":"Lots of Slimes","floor":8,"turns":5},{"damage":6,"enemies":"3 Louse","floor":14,"turns":7},{"damage":27,"enemies":"Hexaghost","floor":16,"turns":6},{"damage":0,"enemies":"Chosen","floor":18,"turns":3},{"damage":23,"enemies":"2 Thieves","floor":20,"turns":4},{"damage":0,"enemies":"Gremlin Leader","floor":23,"turns":3},{"damage":50,"enemies":"Slavers","floor":25,"turns":6},{"damage":7,"enemies":"Shelled Parasite and Fungi","floor":27,"turns":2}],"seed_played":"-2793152633451936108","potions_obtained":[{"floor":3,"key":"BlessingOfTheForge"},{"floor":8,"key":"PowerPotion"},{"floor":14,"key":"SkillPotion"},{"floor":16,"key":"SteroidPotion"},{"floor":18,"key":"EssenceOfSteel"},{"floor":23,"key":"CunningPotion"}],"is_trial":false,"path_per_floor":["M","?","M","M","$","R","E","M","T","$","R","$","R","M","R","B",null,"M","?","M","?","$","E","R","E","T","M"],"character_chosen":"THE_SILENT","items_purchased":["Blade Dance","Omamori","Pen Nib"],"campfire_rested":3,"item_purchase_floors":[5,12,22],"current_hp_per_floor":[52,52,50,50,50,50,13,3,3,3,22,22,41,35,35,33,58,58,46,23,23,23,23,57,7,7,0],"gold":211,"neow_bonus":"RANDOM_COLORLESS_2","is_prod":false,"is_daily":false,"chose_seed":false,"campfire_upgraded":2,"win_rate":0,"timestamp":1644777923,"path_taken":["M","?","M","M","$","R","E","M","T","?","R","$","R","M","R","BOSS","M","?","?","?","$","E","R","E","T","M"],"build_version":"2020-12-22","purchased_purges":2,"victory":false,"max_hp_per_floor":[66,66,66,66,66,66,66,66,66,66,66,66,66,66,66,66,66,66,66,66,66,66,66,66,66,66,66],"card_choices":[{"not_picked":["Metamorphosis","The Bomb"],"picked":"HandOfGreed","floor":0},{"not_picked":["Outmaneuver","Underhanded Strike"],"picked":"Accuracy","floor":1},{"not_picked":["Choke","Dash","Outmaneuver"],"picked":"SKIP","floor":3},{"not_picked":["Outmaneuver","Poisoned Stab"],"picked":"Terror","floor":4},{"not_picked":["Footwork","Poisoned Stab"],"picked":"Escape Plan","floor":7},{"not_picked":["Calculated Gamble","Choke"],"picked":"Cloak And Dagger","floor":8},{"not_picked":["Concentrate","Calculated Gamble","Tools of the Trade"],"picked":"SKIP","floor":14},{"not_picked":["Dash","Outmaneuver"],"picked":"Deflect+1","floor":18},{"not_picked":["Dodge and Roll","Outmaneuver","Flying Knee"],"picked":"SKIP","floor":20},{"not_picked":["Dagger Spray","Heel Hook"],"picked":"Cloak And Dagger","floor":23},{"not_picked":["Concentrate","Catalyst","Reflex"],"picked":"SKIP","floor":25}],"player_experience":1777117,"relics_obtained":[{"floor":7,"key":"Dead Branch"},{"floor":9,"key":"Pantograph"},{"floor":23,"key":"Regal Pillow"},{"floor":25,"key":"Tiny Chest"},{"floor":26,"key":"Lantern"}],"event_choices":[{"cards_removed":["Strike_G"],"damage_healed":0,"gold_gain":0,"player_choice":"Card Removal","damage_taken":0,"max_hp_gain":0,"max_hp_loss":0,"event_name":"Wheel of Change","floor":2,"gold_loss":0},{"damage_healed":0,"gold_gain":90,"player_choice":"GOLD ","damage_taken":12,"max_hp_gain":0,"max_hp_loss":0,"event_name":"Knowing Skull","floor":19,"potions_obtained":[],"gold_loss":0,"cards_obtained":[]},{"damage_healed":0,"gold_gain":0,"player_choice":"Smashed Altar","damage_taken":0,"max_hp_gain":0,"max_hp_loss":0,"event_name":"Forgotten Altar","floor":21,"gold_loss":0,"cards_obtained":["Decay"]}],"is_beta":false,"boss_relics":[{"not_picked":["Ectoplasm","Tiny House"],"picked":"Pandora\u0027s Box"}],"items_purged_floors":[10,22],"is_endless":false,"potions_floor_spawned":[3,8,14,16,18,20,23],"killed_by":"Shelled Parasite and Fungi","ascension_level":20}