{"gold_per_floor":[110,110,35,35,48,82,82,95,95,113,127,163,88,107,107,196,196,175,13,13,13],"floor_reached":21,"playtime":632,"items_purged":["Defend_G"],"score":428,"play_id":"7c638cd5-b1bd-47e8-8aa7-98bcbf836411","local_time":"20220210001532","is_ascension_mode":true,"campfire_choices":[{"data":"Footwork","floor":7,"key":"SMITH"},{"floor":15,"key":"REST"}],"neow_cost":"NONE","seed_source_timestamp":1235393893098900,"circlet_count":0,"master_deck":["AscendersBane","Strike_G","Strike_G","Strike_G","Strike_G","Defend_G","Defend_G+1","Defend_G","Defend_G+1","Survivor","Neutralize","Caltrops+1","Underhanded Strike","Footwork+1","All Out Attack","Acrobatics","Dodge and Roll","A Thousand Cuts","CurseOfTheBell","Concentrate"],"relics":["Ring of the Snake","NeowsBlessing","Golden Idol","Unceasing Top","The Specimen","War Paint","Calling Bell","Vajra","Matryoshka","Dead Branch","PreservedInsect"],"potions_floor_usage":[11,16,16],"damage_taken":[{"damage":0,"enemies":"Small Slimes","floor":1,"turns":1},{"damage":0,"enemies":"2 Louse","floor":5,"turns":1},{"damage":0,"enemies":"Lagavulin","floor":6,"turns":1},{"damage":0,"enemies":"Cultist","floor":8,"turns":5},{"damage":12,"enemies":"Lots of Slimes","floor":10,"turns":3},{"damage":1,"enemies":"Gremlin Gang","floor":11,"turns":3},{"damage":25,"enemies":"3 Sentries","floor":12,"turns":8},{"damage":6,"enemies":"Blue Slaver","floor":14,"turns":4},{"damage":26,"enemies":"The Guardian","floor":16,"turns":12},{"damage":25,"enemies":"2 Thieves","floor":18,"turns":4},{"damage":23,"enemies":"Chosen","floor":21,"turns":5}],"seed_played":"1511955911469688618","potions_obtained":[{"floor":1,"key":"LiquidMemories"},{"floor":5,"key":"Energy Potion"},{"floor":14,"key":"Strength Potion"}],"is_trial":false,"path_per_floor":["M","?","?","?","M","E","R","M","T","M","M","E","$","M","R","B",null,"M","$","$","M"],"character_chosen":"THE_SILENT","items_purchased":["PreservedInsect"],"campfire_rested":1,"item_purchase_floors":[19],"current_hp_per_floor":[59,59,59,59,59,59,59,59,59,47,46,21,21,15,33,7,47,22,22,22,0],"gold":13,"neow_bonus":"THREE_ENEMY_KILL","is_prod":false,"is_daily":false,"chose_seed":false,"campfire_upgraded":1,"win_rate":0,"timestamp":1644448532,"path_taken":["M","?","?","?","?","E","R","?","T","M","?","E","$","M","R","BOSS","M","?","$","M"],"build_version":"2020-12-22","purchased_purges":1,"victory":false,"max_hp_per_floor":[66,60,60,60,60,60,60,60,60,60,60,60,60,60,60,60,60,60,60,60,60],"card_choices":[{"not_picked":["Crippling Poison","Deflect"],"picked":"Caltrops","floor":1},{"not_picked":["Cloak And Dagger","Flying Knee"],"picked":"Underhanded Strike","floor":5},{"not_picked":["Deflect","PiercingWail"],"picked":"Footwork","floor":6},{"not_picked":["Caltrops","Setup"],"picked":"All Out Attack","floor":8},{"not_picked":["Riddle With Holes","Quick Slash"],"picked":"Acrobatics","floor":10},{"not_picked":["Setup","Accuracy","Crippling Poison"],"picked":"SKIP","floor":11},{"not_picked":["Masterful Stab","Acrobatics"],"picked":"Dodge and Roll","floor":12},{"not_picked":["Heel Hook","Cloak And Dagger","PiercingWail"],"picked":"SKIP","floor":14},{"not_picked":["Die Die Die","Storm of Steel"],"picked":"A Thousand Cuts","floor":16},{"not_picked":["Sucker Punch","Slice"],"picked":"Concentrate","floor":18}],"player_experience":1773613,"relics_obtained":[{"floor":6,"key":"Unceasing Top"},{"floor":9,"key":"The Specimen"},{"floor":12,"key":"War Paint"},{"floor":17,"key":"Vajra"},{"floor":17,"key":"Matryoshka"},{"floor":17,"key":"Dead Branch"}],"event_choices":[{"damage_healed":0,"gold_gain":0,"player_choice":"Lose Max HP","damage_taken":0,"relics_obtained":["Golden Idol"],"max_hp_gain":0,"max_hp_loss":6,"event_name":"Golden Idol","floor":2,"gold_loss":0},{"cards_removed":["Strike_G"],"damage_healed":0,"gold_gain":0,"player_choice":"Card Removal","damage_taken":0,"max_hp_gain":0,"max_hp_loss":0,"event_name":"The Cleric","floor":3,"gold_loss":75},{"damage_healed":0,"gold_gain":0,"player_choice":"Forge","damage_taken":0,"max_hp_gain":0,"max_hp_loss":0,"event_name":"Accursed Blacksmith","floor":4,"gold_loss":0,"cards_upgraded":["Caltrops"]}],"is_beta":false,"boss_relics":[{"not_picked":["Runic Pyramid","Empty Cage"],"picked":"Calling Bell"}],"items_purged_floors":[13],"is_endless":false,"potions_floor_spawned":[1,5,14],"killed_by":"Chosen","ascension_level":20}