{"gold_per_floor":[116,133,133,58,72,72,85,120,120,152,152,302,302,302,302,373,373,373,87,101,101,151,151,177,177],"floor_reached":25,"playtime":673,"items_purged":["Defend_G"],"score":458,"play_id":"e7622457-d054-41a9-9576-82e40c6ecda8","local_time":"20220220003328","is_ascension_mode":true,"campfire_choices":[{"data":"Sucker Punch","floor":6,"key":"SMITH"},{"floor":13,"key":"REST"},{"floor":15,"key":"REST"},{"floor":23,"key":"REST"}],"neow_cost":"NONE","seed_source_timestamp":180671291202500,"circlet_count":0,"master_deck":["AscendersBane","Strike_G","Strike_G","Strike_G","Strike_G","Defend_G","Defend_G","Defend_G","Defend_G","Survivor","Neutralize","Sucker Punch+1","Escape Plan","Heel Hook","Choke","Venomology","Doubt","Phantasmal Killer","Blade Dance","Decay"],"relics":["Ring of the Snake","NeowsBlessing","Ice Cream","Blue Candle","Kunai","Cursed Key","Darkstone Periapt","Nunchaku"],"potions_floor_usage":[8,10,14,18,24,24],"damage_taken":[{"damage":0,"enemies":"Jaw Worm","floor":1,"turns":1},{"damage":0,"enemies":"Cultist","floor":2,"turns":1},{"damage":0,"enemies":"2 Louse","floor":5,"turns":1},{"damage":14,"enemies":"Exordium Thugs","floor":7,"turns":5},{"damage":14,"enemies":"3 Sentries","floor":8,"turns":11},{"damage":24,"enemies":"Gremlin Nob","floor":10,"turns":4},{"damage":0,"enemies":"Large Slime","floor":14,"turns":1},{"damage":43,"enemies":"The Guardian","floor":16,"turns":17},{"damage":0,"enemies":"3 Byrds","floor":18,"turns":1},{"damage":21,"enemies":"Shell Parasite","floor":20,"turns":5},{"damage":32,"enemies":"Slavers","floor":24,"turns":7},{"damage":26,"enemies":"Shelled Parasite and Fungi","floor":25,"turns":2}],"seed_played":"-6757067803666983497","potions_obtained":[{"floor":5,"key":"SkillPotion"},{"floor":7,"key":"AttackPotion"},{"floor":8,"key":"SmokeBomb"},{"floor":10,"key":"SmokeBomb"}],"is_trial":false,"path_per_floor":["M","M","?","$","M","R","M","E","T","E","?","?","R","M","R","B",null,"M","$","M","?","?","R","E","M"],"character_chosen":"THE_SILENT","items_purchased":["Darkstone Periapt"],"campfire_rested":3,"item_purchase_floors":[19],"current_hp_per_floor":[59,59,59,59,59,59,45,31,31,7,7,7,26,26,45,2,50,50,50,29,35,35,56,24,0],"gold":177,"neow_bonus":"THREE_ENEMY_KILL","is_prod":false,"is_daily":false,"chose_seed":false,"campfire_upgraded":1,"win_rate":0,"timestamp":1645313608,"path_taken":["M","M","?","$","?","R","M","E","T","E","?","?","R","M","R","BOSS","M","$","M","?","?","R","E","M"],"build_version":"2020-12-22","purchased_purges":1,"victory":false,"max_hp_per_floor":[66,66,66,66,66,66,66,66,66,66,66,66,66,66,66,66,66,66,66,66,72,72,72,72,72],"card_choices":[{"not_picked":["Slice","Deadly Poison"],"picked":"Sucker Punch","floor":1},{"not_picked":["Flying Knee","Sucker Punch"],"picked":"Escape Plan","floor":2},{"not_picked":["Deadly Poison","Crippling Poison"],"picked":"Heel Hook","floor":5},{"not_picked":["Backflip","Eviscerate","Finisher"],"picked":"SKIP","floor":7},{"not_picked":["Dodge and Roll","Backstab"],"picked":"Choke","floor":8},{"not_picked":["Dagger Throw","Prepared"],"picked":"Venomology","floor":10},{"not_picked":["After Image","Unload"],"picked":"Phantasmal Killer","floor":16},{"not_picked":["Prepared","Predator"],"picked":"Blade Dance","floor":20},{"not_picked":["PiercingWail","All Out Attack","Bane"],"picked":"SKIP","floor":24}],"player_experience":1787121,"relics_obtained":[{"floor":8,"key":"Ice Cream"},{"floor":9,"key":"Blue Candle"},{"floor":10,"key":"Kunai"},{"floor":24,"key":"Nunchaku"}],"event_choices":[{"cards_removed":["Strike_G"],"damage_healed":0,"gold_gain":0,"player_choice":"Offered Basic","damage_taken":0,"max_hp_gain":0,"max_hp_loss":0,"event_name":"Bonfire Elementals","floor":3,"gold_loss":0},{"damage_healed":0,"gold_gain":0,"player_choice":"Ignored","damage_taken":0,"max_hp_gain":0,"max_hp_loss":0,"event_name":"Shining Light","floor":11,"gold_loss":0},{"damage_healed":0,"gold_gain":150,"player_choice":"AGREE","damage_taken":0,"max_hp_gain":0,"max_hp_loss":0,"event_name":"Liars Game","floor":12,"gold_loss":0,"cards_obtained":["Doubt"]},{"damage_healed":0,"gold_gain":0,"player_choice":"Smashed Altar","damage_taken":0,"max_hp_gain":0,"max_hp_loss":0,"event_name":"Forgotten Altar","floor":21,"gold_loss":0,"cards_obtained":["Decay"]},{"damage_healed":0,"gold_gain":50,"player_choice":"Stole From Cult","damage_taken":0,"max_hp_gain":0,"max_hp_loss":0,"event_name":"Nest","floor":22,"gold_loss":0}],"is_beta":false,"boss_relics":[{"not_picked":["Velvet Choker","Runic Pyramid"],"picked":"Cursed Key"}],"items_purged_floors":[4],"is_endless":false,"potions_floor_spawned":[5,7,8,10,14,18],"killed_by":"Shelled Parasite and Fungi","ascension_level":20}