{"gold_per_floor":[133,16,75,129,179,179,239,314,314,314,354,354],"floor_reached":12,"playtime":344,"items_purged":["Strike_G"],"score":160,"play_id":"0db7ee2b-c942-41fc-8bc9-38c772fbb00d","local_time":"20220220003919","is_ascension_mode":true,"campfire_choices":[{"data":"HandOfGreed","floor":6,"key":"SMITH"}],"neow_cost":"PERCENT_DAMAGE","seed_source_timestamp":181352236084100,"circlet_count":0,"master_deck":["AscendersBane","Strike_G","Strike_G","Strike_G","Strike_G","Defend_G","Defend_G","Defend_G","Defend_G","Defend_G","Survivor","Neutralize","HandOfGreed+1","Footwork+1","Slice","Die Die Die"],"relics":["Ring of the Snake","Unceasing Top","Bird Faced Urn"],"potions_floor_usage":[7,12],"damage_taken":[{"damage":0,"enemies":"Cultist","floor":1,"turns":3},{"damage":0,"enemies":"2 Louse","floor":3,"turns":3},{"damage":0,"enemies":"Small Slimes","floor":4,"turns":4},{"damage":0,"enemies":"Exordium Wildlife","floor":5,"turns":3},{"damage":13,"enemies":"Lagavulin","floor":7,"turns":7},{"damage":0,"enemies":"Looter","floor":11,"turns":3},{"damage":35,"enemies":"Gremlin Nob","floor":12,"turns":4}],"seed_played":"-2462191743773814257","potions_obtained":[{"floor":1,"key":"ColorlessPotion"},{"floor":4,"key":"Block Potion"}],"is_trial":false,"path_per_floor":["M","$","M","M","M","R","E","?","T","?","M","E"],"character_chosen":"THE_SILENT","items_purchased":["Footwork"],"campfire_rested":0,"item_purchase_floors":[2],"current_hp_per_floor":[44,44,44,44,44,44,31,20,20,20,22,0],"gold":354,"neow_bonus":"RANDOM_COLORLESS_2","is_prod":false,"is_daily":false,"chose_seed":false,"campfire_upgraded":1,"win_rate":0,"timestamp":1645313959,"path_taken":["M","?","?","?","M","R","E","?","T","?","?","E"],"build_version":"2020-12-22","purchased_purges":1,"victory":false,"max_hp_per_floor":[66,66,66,66,66,66,66,66,66,66,66,66],"card_choices":[{"not_picked":["Secret Weapon","Apotheosis"],"picked":"HandOfGreed","floor":0},{"not_picked":["Acrobatics","Deadly Poison","Poisoned Stab"],"picked":"SKIP","floor":1},{"not_picked":["Calculated Gamble","Acrobatics","Dodge and Roll"],"picked":"SKIP","floor":3},{"not_picked":["Predator","Bane"],"picked":"Slice","floor":4},{"not_picked":["Outmaneuver","Cloak And Dagger","Prepared"],"picked":"SKIP","floor":5},{"not_picked":["Acrobatics","Bouncing Flask","Quick Slash"],"picked":"SKIP","floor":7},{"not_picked":["Poisoned Stab","Catalyst"],"picked":"Die Die Die","floor":11}],"player_experience":1787794,"relics_obtained":[{"floor":7,"key":"Unceasing Top"},{"floor":9,"key":"Bird Faced Urn"}],"event_choices":[{"damage_healed":0,"gold_gain":75,"player_choice":"Gather Gold","damage_taken":11,"max_hp_gain":0,"max_hp_loss":0,"event_name":"World of Goop","floor":8,"gold_loss":0},{"damage_healed":0,"gold_gain":0,"player_choice":"Forge","damage_taken":0,"max_hp_gain":0,"max_hp_loss":0,"event_name":"Accursed Blacksmith","floor":10,"gold_loss":0,"cards_upgraded":["Footwork"]}],"is_beta":false,"boss_relics":[],"items_purged_floors":[2],"is_endless":false,"potions_floor_spawned":[1,4],"killed_by":"Gremlin Nob","ascension_level":20}