{"gold_per_floor":[113,26,36,36,7,35,35,62,62,62,82,82],"floor_reached":12,"playtime":199,"items_purged":[],"score":222,"play_id":"e06da9f6-a8ee-4df0-96c8-324f77d68451","local_time":"20220219170852","is_ascension_mode":true,"campfire_choices":[{"data":"Accuracy","floor":10,"key":"SMITH"}],"neow_cost":"NONE","seed_source_timestamp":154462711296200,"circlet_count":0,"master_deck":["AscendersBane","Strike_G","Strike_G","Strike_G","Strike_G","Strike_G","Defend_G","Defend_G","Defend_G","Defend_G","Defend_G","Survivor","Neutralize","PiercingWail","Accuracy+1","Escape Plan","Blade Dance"],"relics":["Ring of the Snake","NeowsBlessing","Letter Opener","Shuriken","Gremlin Horn","TungstenRod"],"potions_floor_usage":[8,12],"damage_taken":[{"damage":0,"enemies":"Cultist","floor":1,"turns":1},{"damage":0,"enemies":"Jaw Worm","floor":3,"turns":1},{"damage":0,"enemies":"Lagavulin","floor":6,"turns":1},{"damage":5,"enemies":"3 Sentries","floor":8,"turns":6},{"damage":0,"enemies":"2 Louse","floor":11,"turns":3},{"damage":46,"enemies":"Gremlin Nob","floor":12,"turns":4}],"seed_played":"-5420488874195297682","potions_obtained":[{"floor":1,"key":"PowerPotion"},{"floor":8,"key":"Dexterity Potion"},{"floor":11,"key":"CunningPotion"}],"is_trial":false,"path_per_floor":["M","$","M","?","$","E","?","E","T","R","M","E"],"character_chosen":"THE_SILENT","items_purchased":["Accuracy","Blade Dance"],"campfire_rested":0,"item_purchase_floors":[2,5],"current_hp_per_floor":[59,59,59,48,48,48,48,43,43,43,43,0],"gold":82,"neow_bonus":"THREE_ENEMY_KILL","is_prod":false,"is_daily":false,"chose_seed":false,"campfire_upgraded":1,"win_rate":0,"timestamp":1645286932,"path_taken":["M","$","?","?","$","E","?","E","T","R","M","E"],"build_version":"2020-12-22","purchased_purges":0,"victory":false,"max_hp_per_floor":[66,66,66,66,66,66,66,66,66,66,66,66],"card_choices":[{"not_picked":["Crippling Poison","Bane"],"picked":"PiercingWail","floor":1},{"not_picked":["Expertise","Flying Knee"],"picked":"Escape Plan","floor":3},{"not_picked":["Noxious Fumes","Bane","Prepared"],"picked":"SKIP","floor":6},{"not_picked":["Blur","Deadly Poison","Dagger Throw"],"picked":"SKIP","floor":8},{"not_picked":["Poisoned Stab","Dagger Spray","Bullet Time"],"picked":"SKIP","floor":11}],"player_experience":1783267,"relics_obtained":[{"floor":6,"key":"Shuriken"},{"floor":8,"key":"Gremlin Horn"},{"floor":9,"key":"TungstenRod"}],"event_choices":[{"damage_healed":0,"gold_gain":0,"player_choice":"Success","damage_taken":11,"relics_obtained":["Letter Opener"],"max_hp_gain":0,"max_hp_loss":0,"event_name":"Scrap Ooze","floor":4,"gold_loss":0},{"damage_healed":0,"gold_gain":0,"player_choice":"Ignored","damage_taken":0,"max_hp_gain":0,"max_hp_loss":0,"event_name":"Liars Game","floor":7,"gold_loss":0}],"is_beta":false,"boss_relics":[],"items_purged_floors":[],"is_endless":false,"potions_floor_spawned":[1,8,11],"killed_by":"Gremlin Nob","ascension_level":20}