{"gold_per_floor":[116,266,266,13,13,38,38,38,92,117,117,117,117,142,142,219,219,232,232,282,282,300,300],"floor_reached":23,"playtime":447,"items_purged":[],"score":502,"play_id":"9d8b4671-8e0e-40b7-9b4a-12c055771775","local_time":"20220220001505","is_ascension_mode":true,"campfire_choices":[{"data":"Accuracy","floor":7,"key":"SMITH"},{"data":"All Out Attack","floor":11,"key":"SMITH"},{"data":"Adrenaline","floor":13,"key":"SMITH"},{"floor":15,"key":"REST"}],"neow_cost":"NONE","seed_source_timestamp":179793699132800,"circlet_count":0,"master_deck":["AscendersBane","Strike_G+1","Strike_G","Strike_G+1","Strike_G","Defend_G+1","Defend_G","Defend_G","Defend_G","Survivor","Neutralize","Acrobatics+1","Accuracy+1","All Out Attack+1","Adrenaline+1","Envenom","Finisher+1"],"relics":["Ring of the Snake","NeowsBlessing","Ninja Scroll","Chemical X","Whetstone","Pen Nib","Strawberry","Oddly Smooth Stone","Empty Cage"],"potions_floor_usage":[16],"damage_taken":[{"damage":0,"enemies":"2 Louse","floor":1,"turns":1},{"damage":0,"enemies":"3 Sentries","floor":6,"turns":1},{"damage":0,"enemies":"Lagavulin","floor":10,"turns":1},{"damage":4,"enemies":"3 Sentries","floor":14,"turns":5},{"damage":60,"enemies":"The Guardian","floor":16,"turns":14},{"damage":19,"enemies":"Shell Parasite","floor":18,"turns":5},{"damage":0,"enemies":"Spheric Guardian","floor":22,"turns":1},{"damage":57,"enemies":"Slavers","floor":23,"turns":3}],"seed_played":"2510171956432309145","potions_obtained":[{"floor":10,"key":"LiquidBronze"},{"floor":14,"key":"Strength Potion"}],"is_trial":false,"path_per_floor":["M","?","?","$","?","E","R","?","T","E","R","?","R","E","R","B",null,"M","?","?","?","M","E"],"character_chosen":"THE_SILENT","items_purchased":["Accuracy","Chemical X"],"campfire_rested":1,"item_purchase_floors":[4,4],"current_hp_per_floor":[59,59,54,54,54,54,54,59,59,66,66,43,43,39,62,2,59,40,56,56,56,56,0],"gold":300,"neow_bonus":"THREE_ENEMY_KILL","is_prod":false,"is_daily":false,"chose_seed":false,"campfire_upgraded":3,"win_rate":0,"timestamp":1645312505,"path_taken":["M","?","?","$","?","E","R","?","T","E","R","?","R","E","R","BOSS","M","?","?","?","M","E"],"build_version":"2020-12-22","purchased_purges":0,"victory":false,"max_hp_per_floor":[66,66,66,66,66,66,66,71,71,78,78,78,78,78,78,78,78,78,78,78,78,78,78],"card_choices":[{"not_picked":["Flying Knee","Dagger Spray"],"picked":"Acrobatics","floor":1},{"not_picked":["PiercingWail","Riddle With Holes"],"picked":"All Out Attack","floor":6},{"not_picked":["Bouncing Flask","Terror"],"picked":"Adrenaline","floor":10},{"not_picked":["Predator","Acrobatics","Outmaneuver"],"picked":"SKIP","floor":14},{"not_picked":["Glass Knife","Unload"],"picked":"Envenom","floor":16},{"not_picked":["Riddle With Holes","Deflect+1"],"picked":"Finisher+1","floor":18},{"not_picked":["Dagger Spray","Calculated Gamble","PiercingWail"],"picked":"SKIP","floor":22}],"player_experience":1786261,"relics_obtained":[{"floor":6,"key":"Whetstone"},{"floor":9,"key":"Pen Nib"},{"floor":10,"key":"Strawberry"},{"floor":14,"key":"Oddly Smooth Stone"}],"event_choices":[{"damage_healed":0,"gold_gain":150,"player_choice":"AGREE","damage_taken":0,"max_hp_gain":0,"max_hp_loss":0,"event_name":"Liars Game","floor":2,"gold_loss":0,"cards_obtained":["Doubt"]},{"damage_healed":0,"gold_gain":0,"player_choice":"Success","damage_taken":5,"relics_obtained":["Ninja Scroll"],"max_hp_gain":0,"max_hp_loss":0,"event_name":"Scrap Ooze","floor":3,"gold_loss":0},{"cards_removed":["Doubt"],"damage_healed":0,"gold_gain":0,"player_choice":"Forget","damage_taken":0,"max_hp_gain":0,"max_hp_loss":0,"event_name":"Living Wall","floor":5,"gold_loss":0},{"damage_healed":0,"gold_gain":0,"player_choice":"Donut","damage_taken":0,"max_hp_gain":5,"max_hp_loss":0,"event_name":"Big Fish","floor":8,"gold_loss":0},{"damage_healed":0,"gold_gain":0,"player_choice":"Entered Light","damage_taken":23,"max_hp_gain":0,"max_hp_loss":0,"event_name":"Shining Light","floor":12,"gold_loss":0,"cards_upgraded":["Acrobatics","Defend_G"]},{"damage_healed":16,"gold_gain":0,"player_choice":"Heal","damage_taken":0,"max_hp_gain":0,"max_hp_loss":0,"event_name":"The Library","floor":19,"gold_loss":0},{"damage_healed":0,"gold_gain":50,"player_choice":"Stole From Cult","damage_taken":0,"max_hp_gain":0,"max_hp_loss":0,"event_name":"Nest","floor":20,"gold_loss":0},{"damage_healed":0,"gold_gain":0,"player_choice":"Ignored","damage_taken":0,"max_hp_gain":0,"max_hp_loss":0,"event_name":"The Mausoleum","floor":21,"gold_loss":0}],"is_beta":false,"boss_relics":[{"not_picked":["Sozu","Busted Crown"],"picked":"Empty Cage"}],"items_purged_floors":[],"is_endless":false,"potions_floor_spawned":[10,14],"killed_by":"Slavers","ascension_level":20}