{"gold_per_floor":[10,10,10,10,24,24,55,80,104,104],"floor_reached":10,"playtime":233,"items_purged":[],"score":132,"play_id":"cbedb1f1-11e4-427d-9cab-369dc42bcbc1","local_time":"20220306151944","is_ascension_mode":true,"campfire_choices":[{"data":"All Out Attack","floor":6,"key":"SMITH"}],"neow_cost":"NO_GOLD","seed_source_timestamp":40044237937100,"circlet_count":0,"master_deck":["AscendersBane","Strike_G","Strike_G","Strike_G","Strike_G","Strike_G","Defend_G","Defend_G","Defend_G","Defend_G","Survivor","Neutralize","Leg Sweep","Injury","Grand Finale","All Out Attack+1"],"relics":["Ring of the Snake","Thread and Needle","Golden Idol","CeramicFish","Blood Vial"],"potions_floor_usage":[1,7],"damage_taken":[{"damage":0,"enemies":"Small Slimes","floor":1,"turns":3},{"damage":0,"enemies":"Cultist","floor":5,"turns":4},{"damage":41,"enemies":"Lagavulin","floor":7,"turns":8},{"damage":0,"enemies":"Jaw Worm","floor":8,"turns":4},{"damage":35,"enemies":"Gremlin Nob","floor":10,"turns":4}],"seed_played":"2384794598475532660","potions_obtained":[{"floor":1,"key":"EntropicBrew"}],"is_trial":false,"path_per_floor":["M","?","$","?","M","R","E","M","T","E"],"character_chosen":"THE_SILENT","items_purchased":[],"campfire_rested":0,"item_purchase_floors":[],"current_hp_per_floor":[59,59,59,59,59,59,18,18,18,0],"gold":104,"neow_bonus":"ONE_RARE_RELIC","is_prod":false,"is_daily":false,"chose_seed":false,"campfire_upgraded":1,"win_rate":0,"timestamp":1646576384,"path_taken":["M","?","$","?","M","R","E","?","T","E"],"build_version":"2022-02-27","purchased_purges":0,"victory":false,"max_hp_per_floor":[66,66,66,66,66,66,66,66,66,66],"card_choices":[{"not_picked":["Prepared","Deflect"],"picked":"Leg Sweep","floor":1},{"not_picked":["Infinite Blades","Prepared"],"picked":"All Out Attack","floor":5},{"not_picked":["Cloak And Dagger","Endless Agony","Deadly Poison"],"picked":"SKIP","floor":7},{"not_picked":["Bane","Noxious Fumes","Flying Knee"],"picked":"SKIP","floor":8}],"player_experience":1807025,"relics_obtained":[{"floor":7,"key":"CeramicFish"},{"floor":9,"key":"Blood Vial"}],"event_choices":[{"damage_healed":0,"gold_gain":0,"player_choice":"Take Wound","damage_taken":0,"relics_obtained":["Golden Idol"],"max_hp_gain":0,"max_hp_loss":0,"event_name":"Golden Idol","floor":2,"gold_loss":0,"cards_obtained":["Injury"]},{"damage_healed":0,"gold_gain":0,"cards_transformed":["Defend_G"],"player_choice":"Transformed","damage_taken":0,"max_hp_gain":0,"max_hp_loss":0,"event_name":"Transmorgrifier","floor":4,"gold_loss":0,"cards_obtained":["Grand Finale"]}],"is_beta":false,"boss_relics":[],"items_purged_floors":[],"is_endless":false,"potions_floor_spawned":[1,5],"killed_by":"Gremlin Nob","ascension_level":20}