{"gold_per_floor":[109,109,74,90,90,90,106,121,121,9,52,52,85,105,105,198,198,223,223,242,242],"floor_reached":21,"playtime":751,"items_purged":["Injury"],"score":378,"play_id":"2f807f0b-6736-45b5-a9b7-ec843e30ce6a","local_time":"20220303235403","is_ascension_mode":true,"campfire_choices":[{"data":"Quick Slash","floor":6,"key":"SMITH"},{"floor":12,"key":"REST"},{"floor":15,"key":"REST"}],"neow_cost":"NONE","seed_source_timestamp":559156225879700,"circlet_count":0,"master_deck":["AscendersBane","Strike_G","Strike_G","Defend_G","Defend_G","Defend_G","Defend_G+1","Survivor","Neutralize","Caltrops+1","Quick Slash+1","Crippling Poison","Doppelganger","Footwork","Setup","Venomology","Sucker Punch+1","Storm of Steel+1","Bouncing Flask+1","Underhanded Strike","Terror+1"],"relics":["Ring of the Snake","NeowsBlessing","Golden Idol","Bottled Flame","StoneCalendar","Question Card","Astrolabe"],"potions_floor_usage":[11,14,16],"damage_taken":[{"damage":0,"enemies":"Small Slimes","floor":1,"turns":1},{"damage":0,"enemies":"2 Louse","floor":4,"turns":1},{"damage":0,"enemies":"Jaw Worm","floor":7,"turns":1},{"damage":7,"enemies":"Lots of Slimes","floor":8,"turns":4},{"damage":30,"enemies":"3 Sentries","floor":11,"turns":11},{"damage":10,"enemies":"Lagavulin","floor":13,"turns":7},{"damage":12,"enemies":"Exordium Wildlife","floor":14,"turns":6},{"damage":2,"enemies":"Slime Boss","floor":16,"turns":9},{"damage":30,"enemies":"3 Byrds","floor":18,"turns":4},{"damage":18,"enemies":"Spheric Guardian","floor":20,"turns":5},{"damage":14,"enemies":"Snake Plant","floor":21,"turns":2}],"seed_played":"-8488429608181785829","potions_obtained":[{"floor":1,"key":"PowerPotion"},{"floor":11,"key":"GhostInAJar"},{"floor":14,"key":"Weak Potion"},{"floor":16,"key":"EssenceOfSteel"}],"is_trial":false,"path_per_floor":["M","?","?","M","?","R","M","M","T","$","E","R","E","M","R","B",null,"M","?","M","M"],"character_chosen":"THE_SILENT","items_purchased":["Footwork"],"campfire_rested":2,"item_purchase_floors":[10],"current_hp_per_floor":[59,39,55,55,55,55,55,48,48,48,18,37,27,15,34,32,58,28,28,10,0],"gold":242,"neow_bonus":"THREE_ENEMY_KILL","is_prod":false,"is_daily":false,"chose_seed":false,"campfire_upgraded":1,"win_rate":0,"timestamp":1646348043,"path_taken":["M","?","?","M","?","R","?","M","T","?","E","R","E","M","R","BOSS","M","?","?","M"],"build_version":"2022-02-27","purchased_purges":1,"victory":false,"max_hp_per_floor":[66,66,66,66,66,66,66,66,66,66,66,66,66,66,66,66,66,66,66,66,66],"card_choices":[{"not_picked":["Bane","PiercingWail"],"picked":"Caltrops","floor":1},{"not_picked":["PiercingWail","Outmaneuver"],"picked":"Quick Slash","floor":4},{"not_picked":["Dagger Spray","Acrobatics"],"picked":"Crippling Poison","floor":7},{"not_picked":["Choke","Flying Knee"],"picked":"Doppelganger","floor":8},{"not_picked":["Cloak And Dagger","Poisoned Stab"],"picked":"Setup","floor":11},{"not_picked":["Poisoned Stab","Quick Slash","Eviscerate"],"picked":"SKIP","floor":13},{"not_picked":["PiercingWail","Bane","Deflect","Dodge and Roll"],"picked":"SKIP","floor":14},{"not_picked":["Burst","Tools of the Trade","Phantasmal Killer"],"picked":"Venomology","floor":16},{"not_picked":["Poisoned Stab","All Out Attack","Reflex","Outmaneuver"],"picked":"SKIP","floor":18},{"not_picked":["Tactician","Skewer","Blade Dance"],"picked":"Terror+1","floor":20}],"player_experience":1799350,"relics_obtained":[{"floor":9,"key":"Bottled Flame"},{"floor":11,"key":"StoneCalendar"},{"floor":13,"key":"Question Card"}],"event_choices":[{"damage_healed":0,"gold_gain":0,"player_choice":"Entered Light","damage_taken":20,"max_hp_gain":0,"max_hp_loss":0,"event_name":"Shining Light","floor":2,"gold_loss":0,"cards_upgraded":["Defend_G","Caltrops"]},{"damage_healed":16,"gold_gain":0,"player_choice":"Healed","damage_taken":0,"max_hp_gain":0,"max_hp_loss":0,"event_name":"The Cleric","floor":3,"gold_loss":35},{"damage_healed":0,"gold_gain":0,"player_choice":"Take Wound","damage_taken":0,"relics_obtained":["Golden Idol"],"max_hp_gain":0,"max_hp_loss":0,"event_name":"Golden Idol","floor":5,"gold_loss":0,"cards_obtained":["Injury"]},{"damage_healed":0,"gold_gain":0,"cards_transformed":["Strike_G"],"player_choice":"Transformed","damage_taken":0,"max_hp_gain":0,"max_hp_loss":0,"event_name":"Transmorgrifier","floor":19,"gold_loss":0,"cards_obtained":["Underhanded Strike"]}],"is_beta":false,"boss_relics":[{"not_picked":["Ring of the Serpent","Snecko Eye"],"picked":"Astrolabe"}],"items_purged_floors":[10],"is_endless":false,"potions_floor_spawned":[1,11,14,16],"killed_by":"Snake Plant","ascension_level":20}