{"gold_per_floor":[116,74,74,85,85,116,132,132,132,57,57],"floor_reached":11,"playtime":1019,"items_purged":["Defend_G"],"score":192,"play_id":"5be82fdd-ef0a-417f-911e-17f3022a2651","local_time":"20220318004103","is_ascension_mode":true,"campfire_choices":[{"data":"Footwork","floor":8,"key":"SMITH"}],"neow_cost":"NONE","seed_source_timestamp":182917600194700,"circlet_count":0,"master_deck":["AscendersBane","Strike_G","Strike_G","Strike_G","Strike_G","Defend_G","Defend_G","Defend_G","Defend_G","Survivor","Neutralize","Heel Hook","Footwork+1","Blade Dance","Cloak And Dagger"],"relics":["Ring of the Snake","NeowsBlessing","StoneCalendar","WingedGreaves"],"potions_floor_usage":[],"damage_taken":[{"damage":0,"enemies":"Jaw Worm","floor":1,"turns":1},{"damage":0,"enemies":"Small Slimes","floor":4,"turns":1},{"damage":0,"enemies":"3 Sentries","floor":6,"turns":1},{"damage":1,"enemies":"Cultist","floor":7,"turns":4},{"damage":31,"enemies":"Lagavulin","floor":11,"turns":13}],"seed_played":"7325820153974546191","potions_obtained":[{"floor":7,"key":"SpeedPotion"}],"is_trial":false,"path_per_floor":["M","$","?","M","?","E","M","R","T","$","E"],"character_chosen":"THE_SILENT","items_purchased":["Footwork"],"campfire_rested":0,"item_purchase_floors":[2],"current_hp_per_floor":[59,59,59,59,59,59,58,58,58,58,27],"gold":57,"neow_bonus":"THREE_ENEMY_KILL","is_prod":false,"is_daily":false,"chose_seed":false,"campfire_upgraded":1,"win_rate":0,"timestamp":1647560463,"path_taken":["M","$","?","M","?","E","M","R","T","?","E"],"build_version":"2022-03-07","purchased_purges":1,"victory":false,"max_hp_per_floor":[66,66,66,66,66,66,66,66,66,66,66],"card_choices":[{"not_picked":["Bane","Quick Slash"],"picked":"Heel Hook","floor":1},{"not_picked":["Slice","Concentrate","Cloak And Dagger"],"picked":"SKIP","floor":4},{"not_picked":["Cloak And Dagger","Footwork"],"picked":"Blade Dance","floor":6},{"not_picked":["Expertise","Well Laid Plans"],"picked":"Cloak And Dagger","floor":7}],"player_experience":1834104,"relics_obtained":[{"floor":6,"key":"StoneCalendar"},{"floor":9,"key":"WingedGreaves"}],"event_choices":[{"damage_healed":0,"gold_gain":0,"player_choice":"Leave","damage_taken":0,"max_hp_gain":0,"max_hp_loss":0,"event_name":"The Cleric","floor":3,"gold_loss":0},{"cards_removed":["Strike_G"],"damage_healed":0,"gold_gain":0,"player_choice":"Forget","damage_taken":0,"max_hp_gain":0,"max_hp_loss":0,"event_name":"Living Wall","floor":5,"gold_loss":0}],"is_beta":false,"boss_relics":[],"items_purged_floors":[10],"is_endless":false,"potions_floor_spawned":[7],"killed_by":"Lagavulin","ascension_level":20}