{"gold_per_floor":[110,110,5,155,80,113,113,128,210,240,240,259,276,302,302,379,379,397,397,19,19,19,19,19],"floor_reached":24,"playtime":655,"items_purged":["Doubt","Strike_G"],"score":470,"play_id":"f0a05a97-124d-4233-9f7e-84c240dfa116","local_time":"20220320001829","is_ascension_mode":true,"campfire_choices":[{"data":"Accuracy","floor":7,"key":"SMITH"},{"floor":15,"key":"REST"},{"data":"Storm of Steel","floor":23,"key":"SMITH"}],"neow_cost":"NONE","seed_source_timestamp":354727918627900,"circlet_count":0,"master_deck":["AscendersBane","Strike_G","Strike_G","Strike_G","Strike_G","Defend_G","Defend_G","Defend_G","Defend_G+1","Defend_G","Survivor","Neutralize","Catalyst","Accuracy+1","Cloak And Dagger","Backflip+1","Storm of Steel+1","Choke","Finisher","J.A.X.","Shame"],"relics":["Ring of the Snake","NeowsBlessing","Gremlin Horn","Matryoshka","MealTicket","Meat on the Bone","Black Star","Membership Card","War Paint","Juzu Bracelet","Nilry\u0027s Codex","Ornamental Fan"],"potions_floor_usage":[14,16,24],"damage_taken":[{"damage":0,"enemies":"Cultist","floor":1,"turns":1},{"damage":0,"enemies":"Gremlin Nob","floor":6,"turns":1},{"damage":0,"enemies":"Small Slimes","floor":8,"turns":1},{"damage":45,"enemies":"3 Sentries","floor":10,"turns":16},{"damage":7,"enemies":"Jaw Worm","floor":12,"turns":4},{"damage":0,"enemies":"Exordium Wildlife","floor":13,"turns":2},{"damage":17,"enemies":"Lagavulin","floor":14,"turns":6},{"damage":25,"enemies":"The Guardian","floor":16,"turns":13},{"damage":17,"enemies":"3 Byrds","floor":18,"turns":6},{"damage":32,"enemies":"Gremlin Leader","floor":24,"turns":4}],"seed_played":"5003357104999471402","potions_obtained":[{"floor":6,"key":"Energy Potion"},{"floor":12,"key":"Fire Potion"},{"floor":14,"key":"CultistPotion"},{"floor":16,"key":"Dexterity Potion"}],"is_trial":false,"path_per_floor":["M","$","$","?","$","E","R","M","T","E","?","M","M","E","R","B",null,"M","?","$","?","?","R","E"],"character_chosen":"THE_SILENT","items_purchased":["Accuracy","Cloak And Dagger","Membership Card","War Paint","Juzu Bracelet"],"campfire_rested":1,"item_purchase_floors":[3,3,20,20,20],"current_hp_per_floor":[59,59,59,59,59,59,59,59,59,14,36,29,29,12,31,18,54,37,37,52,31,31,31,0],"gold":19,"neow_bonus":"THREE_ENEMY_KILL","is_prod":false,"is_daily":false,"chose_seed":false,"campfire_upgraded":2,"win_rate":0,"timestamp":1647731909,"path_taken":["M","?","$","?","$","E","R","M","T","E","?","?","M","E","R","BOSS","M","?","$","?","?","R","E"],"build_version":"2022-03-07","purchased_purges":2,"victory":false,"max_hp_per_floor":[66,66,66,66,66,66,66,66,66,66,66,66,66,66,66,66,66,66,66,66,66,66,66,66],"card_choices":[{"not_picked":["Acrobatics","Dodge and Roll"],"picked":"Catalyst","floor":1},{"not_picked":["Prepared","Distraction"],"picked":"Backflip","floor":6},{"not_picked":["Blur","Backstab","Expertise"],"picked":"SKIP","floor":8},{"not_picked":["Underhanded Strike","Cloak And Dagger"],"picked":"Storm of Steel","floor":10},{"not_picked":["Poisoned Stab","PiercingWail"],"picked":"Choke","floor":12},{"not_picked":["Poisoned Stab","Quick Slash"],"picked":"Finisher","floor":13},{"not_picked":["Expertise","Choke","Grand Finale"],"picked":"SKIP","floor":14},{"not_picked":["Prepared","Well Laid Plans+1","Outmaneuver"],"picked":"SKIP","floor":18}],"player_experience":1837615,"relics_obtained":[{"floor":6,"key":"Gremlin Horn"},{"floor":9,"key":"Matryoshka"},{"floor":10,"key":"MealTicket"},{"floor":14,"key":"Meat on the Bone"},{"floor":21,"key":"Nilry\u0027s Codex"}],"event_choices":[{"damage_healed":0,"gold_gain":150,"player_choice":"AGREE","damage_taken":0,"max_hp_gain":0,"max_hp_loss":0,"event_name":"Liars Game","floor":4,"gold_loss":0,"cards_obtained":["Doubt"]},{"damage_healed":22,"gold_gain":0,"player_choice":"Banana","damage_taken":0,"max_hp_gain":0,"max_hp_loss":0,"event_name":"Big Fish","floor":11,"gold_loss":0},{"damage_healed":0,"gold_gain":0,"player_choice":"Obtain J.A.X.","damage_taken":0,"max_hp_gain":0,"max_hp_loss":0,"event_name":"Drug Dealer","floor":19,"gold_loss":0,"cards_obtained":["J.A.X."]},{"damage_healed":0,"gold_gain":0,"player_choice":"Obtained Book","damage_taken":21,"max_hp_gain":0,"max_hp_loss":0,"event_name":"Cursed Tome","floor":21,"gold_loss":0},{"damage_healed":0,"gold_gain":0,"player_choice":"Stole Relic","damage_taken":0,"relics_obtained":["Ornamental Fan"],"max_hp_gain":0,"max_hp_loss":0,"event_name":"Addict","floor":22,"gold_loss":0,"cards_obtained":["Shame"]}],"is_beta":false,"boss_relics":[{"not_picked":["Cursed Key","Runic Pyramid"],"picked":"Black Star"}],"items_purged_floors":[5,20],"is_endless":false,"potions_floor_spawned":[6,12,14,16],"killed_by":"Gremlin Leader","ascension_level":20}