{"gold_per_floor":[112,112,37,37,57,83,83,110,110,129,129,157,157,168,168,242,242,199,199,199,218,143,143],"floor_reached":23,"playtime":683,"items_purged":["Regret"],"score":464,"play_id":"571a5a35-4adf-456d-afd8-d64da59df904","local_time":"20220311145830","is_ascension_mode":true,"campfire_choices":[{"data":"All Out Attack","floor":7,"key":"SMITH"},{"data":"Sucker Punch","floor":11,"key":"SMITH"},{"floor":13,"key":"REST"},{"data":"Survivor","floor":15,"key":"SMITH"}],"neow_cost":"NONE","seed_source_timestamp":318429322107700,"circlet_count":0,"master_deck":["AscendersBane","Strike_G","Strike_G","Strike_G","Defend_G","Defend_G","Defend_G","Survivor+1","Neutralize","Sucker Punch+1","All Out Attack+1","Dodge and Roll+1","Backflip+1","Concentrate+1","Reflex+1","Crippling Poison+1","Malaise+1","Tactician+1","Corpse Explosion+1","Expertise+1","Adrenaline+1"],"relics":["Ring of the Snake","NeowsBlessing","Toxic Egg 2","Regal Pillow","Meat on the Bone","Prayer Wheel","Black Star","Nloth\u0027s Gift"],"potions_floor_usage":[8,12,18,23],"damage_taken":[{"damage":0,"enemies":"Jaw Worm","floor":1,"turns":1},{"damage":0,"enemies":"2 Louse","floor":5,"turns":1},{"damage":0,"enemies":"Lagavulin","floor":6,"turns":1},{"damage":28,"enemies":"3 Sentries","floor":8,"turns":9},{"damage":0,"enemies":"Small Slimes","floor":10,"turns":3},{"damage":28,"enemies":"Gremlin Nob","floor":12,"turns":6},{"damage":2,"enemies":"Blue Slaver","floor":14,"turns":4},{"damage":40,"enemies":"The Guardian","floor":16,"turns":21},{"damage":15,"enemies":"2 Thieves","floor":18,"turns":5},{"damage":26,"enemies":"Chosen","floor":21,"turns":6},{"damage":31,"enemies":"Slavers","floor":23,"turns":2}],"seed_played":"-1387148148214935766","potions_obtained":[{"floor":6,"key":"EssenceOfSteel"},{"floor":8,"key":"GhostInAJar"},{"floor":12,"key":"EssenceOfSteel"},{"floor":16,"key":"Block Potion"},{"floor":18,"key":"Energy Potion"}],"is_trial":false,"path_per_floor":["M","?","?","?","M","E","R","E","T","M","R","E","R","M","R","B",null,"M","?","?","M","$","E"],"character_chosen":"THE_SILENT","items_purchased":[],"campfire_rested":1,"item_purchase_floors":[],"current_hp_per_floor":[59,52,52,52,52,52,52,24,24,36,36,20,54,52,52,24,56,41,41,41,27,27,0],"gold":143,"neow_bonus":"THREE_ENEMY_KILL","is_prod":false,"is_daily":false,"chose_seed":false,"campfire_upgraded":3,"win_rate":0,"timestamp":1647007110,"path_taken":["M","?","?","?","?","E","R","E","T","M","R","E","R","M","R","BOSS","M","?","?","?","?","E"],"build_version":"2022-03-07","purchased_purges":1,"victory":false,"max_hp_per_floor":[66,66,66,66,66,66,66,66,66,66,66,66,66,66,66,66,66,66,66,66,66,66,66],"card_choices":[{"not_picked":["Dagger Throw","Deflect"],"picked":"Sucker Punch","floor":1},{"not_picked":["Skewer","Poisoned Stab"],"picked":"All Out Attack","floor":5},{"not_picked":["Acrobatics+1","Flying Knee"],"picked":"Dodge and Roll+1","floor":6},{"not_picked":["Predator","Quick Slash","Sucker Punch"],"picked":"SKIP","floor":8},{"not_picked":["All Out Attack","Deflect+1"],"picked":"Backflip+1","floor":10},{"not_picked":["Backstab","Sucker Punch"],"picked":"Concentrate+1","floor":12},{"not_picked":["Acrobatics+1","Poisoned Stab"],"picked":"Reflex+1","floor":14},{"not_picked":["Setup+1","Choke"],"picked":"Crippling Poison+1","floor":14},{"not_picked":["Night Terror+1","Tools of the Trade"],"picked":"Malaise+1","floor":16},{"not_picked":["Skewer","Eviscerate"],"picked":"Tactician+1","floor":18},{"not_picked":["Flying Knee","Dash","Outmaneuver+1"],"picked":"SKIP","floor":18},{"not_picked":["Outmaneuver+1","Finisher"],"picked":"Adrenaline+1","floor":21},{"not_picked":["Deflect+1","Bane+1","Flying Knee"],"picked":"SKIP","floor":21}],"player_experience":1819020,"relics_obtained":[{"floor":6,"key":"Regal Pillow"},{"floor":8,"key":"HornCleat"},{"floor":9,"key":"Meat on the Bone"},{"floor":12,"key":"Prayer Wheel"}],"event_choices":[{"cards_removed":["Strike_G"],"damage_healed":0,"gold_gain":0,"player_choice":"Card Removal","damage_taken":7,"max_hp_gain":0,"max_hp_loss":0,"event_name":"Golden Wing","floor":2,"gold_loss":0},{"cards_removed":["Defend_G"],"damage_healed":0,"gold_gain":0,"player_choice":"Card Removal","damage_taken":0,"max_hp_gain":0,"max_hp_loss":0,"event_name":"The Cleric","floor":3,"gold_loss":75},{"damage_healed":0,"gold_gain":0,"player_choice":"Box","damage_taken":0,"relics_obtained":["Toxic Egg 2"],"max_hp_gain":0,"max_hp_loss":0,"event_name":"Big Fish","floor":4,"gold_loss":0,"cards_obtained":["Regret"]},{"damage_healed":0,"gold_gain":0,"cards_transformed":["Defend_G","Strike_G"],"player_choice":"Became Test Subject","damage_taken":0,"max_hp_gain":0,"max_hp_loss":0,"event_name":"Drug Dealer","floor":19,"gold_loss":0,"cards_obtained":["Corpse Explosion","Expertise"]},{"damage_healed":0,"gold_gain":0,"player_choice":"Traded Relic","damage_taken":0,"relics_obtained":["Nloth\u0027s Gift"],"max_hp_gain":0,"max_hp_loss":0,"event_name":"N\u0027loth","floor":20,"relics_lost":["HornCleat"],"gold_loss":0}],"is_beta":false,"boss_relics":[{"not_picked":["Velvet Choker","Runic Pyramid"],"picked":"Black Star"}],"items_purged_floors":[22],"is_endless":false,"potions_floor_spawned":[6,8,12,16,18],"killed_by":"Slavers","ascension_level":20}