{"gold_per_floor":[15,30,30,30,49,49,77,77,152,152],"floor_reached":10,"playtime":366,"items_purged":[],"score":132,"play_id":"dce3d520-2506-4174-97eb-ec4bd182a64e","local_time":"20220409141122","is_ascension_mode":true,"campfire_choices":[{"floor":6,"key":"REST"},{"floor":8,"key":"REST"}],"neow_cost":"NO_GOLD","seed_source_timestamp":2118390162900,"circlet_count":0,"master_deck":["AscendersBane","Strike_G","Strike_G","Strike_G","Defend_G","Defend_G","Defend_G","Defend_G","Survivor","Neutralize","Cloak And Dagger","PiercingWail","Underhanded Strike","Dagger Throw","Bullet Time"],"relics":["Ring of the Snake","Tiny Chest","Dream Catcher","Singing Bowl"],"potions_floor_usage":[7,10],"damage_taken":[{"damage":0,"enemies":"Jaw Worm","floor":1,"turns":6},{"damage":7,"enemies":"Small Slimes","floor":2,"turns":3},{"damage":0,"enemies":"2 Louse","floor":5,"turns":3},{"damage":49,"enemies":"Lagavulin","floor":7,"turns":10},{"damage":24,"enemies":"3 Sentries","floor":10,"turns":7}],"seed_played":"4725424010983410845","potions_obtained":[{"floor":5,"key":"DistilledChaos"},{"floor":7,"key":"DistilledChaos"}],"is_trial":false,"path_per_floor":["M","M","?","?","M","R","E","R","T","E"],"character_chosen":"THE_SILENT","items_purchased":[],"campfire_rested":2,"item_purchase_floors":[],"current_hp_per_floor":[59,52,52,34,34,53,4,23,23,0],"gold":152,"neow_bonus":"TRANSFORM_TWO_CARDS","is_prod":false,"is_daily":false,"chose_seed":false,"campfire_upgraded":0,"win_rate":0,"timestamp":1649506282,"path_taken":["M","M","?","?","M","R","E","R","T","E"],"build_version":"2022-03-07","purchased_purges":0,"victory":false,"max_hp_per_floor":[66,66,66,66,66,66,66,66,66,66],"card_choices":[{"not_picked":["Bane","Deadly Poison"],"picked":"Underhanded Strike","floor":1},{"not_picked":["Underhanded Strike","Poisoned Stab"],"picked":"Dagger Throw","floor":2},{"not_picked":["Outmaneuver","Dagger Throw","Backstab"],"picked":"SKIP","floor":5},{"not_picked":["Outmaneuver","Sucker Punch","Corpse Explosion"],"picked":"SKIP","floor":7}],"player_experience":1862530,"relics_obtained":[{"floor":7,"key":"Dream Catcher"},{"floor":9,"key":"Singing Bowl"}],"event_choices":[{"damage_healed":0,"gold_gain":0,"cards_transformed":["Strike_G"],"player_choice":"Change","damage_taken":0,"max_hp_gain":0,"max_hp_loss":0,"event_name":"Living Wall","floor":3,"gold_loss":0,"cards_obtained":["Bullet Time"]},{"damage_healed":0,"gold_gain":0,"player_choice":"Success","damage_taken":18,"relics_obtained":["Tiny Chest"],"max_hp_gain":0,"max_hp_loss":0,"event_name":"Scrap Ooze","floor":4,"gold_loss":0}],"is_beta":false,"boss_relics":[],"items_purged_floors":[],"is_endless":false,"potions_floor_spawned":[5,7],"killed_by":"3 Sentries","ascension_level":20}