{"gold_per_floor":[113,188,207,225,57,88,88,101,101,164,189,189,206,240,240,314,314,326,326,376,376,388,95,95,129,155,198,212,212,247,257,257,257],"floor_reached":33,"playtime":968,"items_purged":[],"score":646,"play_id":"c703dcf7-9b37-4a0e-b979-502f46da0b65","local_time":"20220407230758","is_ascension_mode":true,"campfire_choices":[{"floor":7,"key":"REST"},{"floor":12,"key":"REST"},{"data":"Deadly Poison","floor":15,"key":"SMITH"},{"floor":29,"key":"REST"},{"floor":32,"key":"REST"}],"neow_cost":"NONE","seed_source_timestamp":95759115659900,"circlet_count":0,"master_deck":["AscendersBane","Strike_G+1","Strike_G+1","Strike_G+1","Strike_G+1","Strike_G+1","Defend_G+1","Defend_G+1","Defend_G+1","Defend_G+1","Defend_G+1","Neutralize","Sucker Punch","Bane","Crippling Poison","Footwork","Deadly Poison+1","Dash","Corpse Explosion","Deadly Poison","Catalyst","Heel Hook+1"],"relics":["Ring of the Snake","NeowsBlessing","TwistedFunnel","Ancient Tea Set","PreservedInsect","Paper Crane","StoneCalendar","Black Star","ClockworkSouvenir","Nloth\u0027s Gift","Ornamental Fan","CeramicFish","Omamori","Bronze Scales","Vajra","Centennial Puzzle","Nunchaku"],"potions_floor_usage":[3,11,16,18,22,25,27,27,33],"damage_taken":[{"damage":0,"enemies":"Small Slimes","floor":1,"turns":1},{"damage":0,"enemies":"2 Louse","floor":3,"turns":1},{"damage":0,"enemies":"Cultist","floor":4,"turns":1},{"damage":36,"enemies":"Lagavulin","floor":6,"turns":7},{"damage":0,"enemies":"Red Slaver","floor":8,"turns":3},{"damage":6,"enemies":"Gremlin Nob","floor":10,"turns":3},{"damage":6,"enemies":"3 Sentries","floor":11,"turns":8},{"damage":3,"enemies":"Exordium Wildlife","floor":13,"turns":3},{"damage":9,"enemies":"Lagavulin","floor":14,"turns":5},{"damage":6,"enemies":"Hexaghost","floor":16,"turns":10},{"damage":5,"enemies":"Shell Parasite","floor":18,"turns":7},{"damage":10,"enemies":"2 Thieves","floor":22,"turns":4},{"damage":4,"enemies":"Book of Stabbing","floor":25,"turns":5},{"damage":14,"enemies":"Slavers","floor":27,"turns":4},{"damage":9,"enemies":"Snecko","floor":28,"turns":5},{"damage":16,"enemies":"Book of Stabbing","floor":30,"turns":4},{"damage":0,"enemies":"3 Cultists","floor":31,"turns":3},{"damage":57,"enemies":"Collector","floor":33,"turns":6}],"seed_played":"-8789100890056056208","potions_obtained":[{"floor":3,"key":"Fruit Juice"},{"floor":6,"key":"SkillPotion"},{"floor":13,"key":"Dexterity Potion"},{"floor":14,"key":"Dexterity Potion"},{"floor":16,"key":"Fire Potion"},{"floor":18,"key":"FearPotion"},{"floor":25,"key":"Explosive Potion"},{"floor":27,"key":"FearPotion"},{"floor":31,"key":"FearPotion"}],"is_trial":false,"path_per_floor":["M","?","M","M","$","E","R","M","T","?","E","R","M","E","R","B",null,"M","?","?","?","M","$","?","E","T","E","M","R","E","M","R","B"],"character_chosen":"THE_SILENT","items_purchased":["TwistedFunnel","ClockworkSouvenir","Catalyst","Block Potion"],"campfire_rested":4,"item_purchase_floors":[5,23,23,23],"current_hp_per_floor":[59,48,53,53,53,17,38,38,38,32,26,47,44,35,35,29,61,56,56,56,56,46,46,46,42,42,28,19,40,24,24,45,0],"gold":257,"neow_bonus":"THREE_ENEMY_KILL","is_prod":false,"is_daily":false,"chose_seed":false,"campfire_upgraded":1,"win_rate":0,"timestamp":1649365678,"path_taken":["M","?","M","M","$","E","R","M","T","?","E","R","M","E","R","BOSS","M","?","?","?","?","?","?","E","T","E","?","R","E","M","R","BOSS"],"build_version":"2022-03-07","purchased_purges":0,"victory":false,"max_hp_per_floor":[66,66,71,71,71,71,71,71,71,71,71,71,71,71,71,71,71,71,71,71,71,71,71,71,71,71,71,71,71,71,71,71,71],"card_choices":[{"not_picked":["Prepared","Acrobatics"],"picked":"Sucker Punch","floor":1},{"not_picked":["Cloak And Dagger","Deflect"],"picked":"Bane","floor":3},{"not_picked":["Setup","Dodge and Roll"],"picked":"Crippling Poison","floor":4},{"not_picked":["Flying Knee","Underhanded Strike"],"picked":"Footwork","floor":6},{"not_picked":["Setup","Predator"],"picked":"Deadly Poison","floor":8},{"not_picked":["Flechettes","Cloak And Dagger"],"picked":"Dash","floor":11},{"not_picked":["Deadly Poison","Finisher","Dagger Throw"],"picked":"SKIP","floor":13},{"not_picked":["Masterful Stab","Cloak And Dagger","Skewer"],"picked":"SKIP","floor":14},{"not_picked":["Burst","Wraith Form v2","Bullet Time"],"picked":"Corpse Explosion","floor":16},{"not_picked":["Prepared","Flechettes","Endless Agony","Crippling Poison"],"picked":"SKIP","floor":18},{"not_picked":["Backflip","Underhanded Strike","Deflect","Cloak And Dagger"],"picked":"SKIP","floor":22},{"not_picked":["Poisoned Stab","Accuracy","Finisher"],"picked":"SKIP","floor":25},{"not_picked":["Distraction","Grand Finale"],"picked":"Heel Hook+1","floor":27},{"not_picked":["Quick Slash","Flying Knee+1","Dash"],"picked":"SKIP","floor":28},{"not_picked":["Skewer","Burst","Quick Slash"],"picked":"SKIP","floor":30},{"not_picked":["Dagger Spray","Tactician","Expertise"],"picked":"SKIP","floor":31}],"player_experience":1859698,"relics_obtained":[{"floor":6,"key":"Ancient Tea Set"},{"floor":9,"key":"PreservedInsect"},{"floor":10,"key":"Paper Crane"},{"floor":11,"key":"StoneCalendar"},{"floor":14,"key":"Question Card"},{"floor":25,"key":"Ornamental Fan"},{"floor":25,"key":"CeramicFish"},{"floor":26,"key":"Omamori"},{"floor":27,"key":"Bronze Scales"},{"floor":27,"key":"Vajra"},{"floor":30,"key":"Centennial Puzzle"},{"floor":30,"key":"Nunchaku"}],"event_choices":[{"damage_healed":0,"gold_gain":75,"player_choice":"Gather Gold","damage_taken":11,"max_hp_gain":0,"max_hp_loss":0,"event_name":"World of Goop","floor":2,"gold_loss":0},{"damage_healed":0,"gold_gain":0,"player_choice":"Searched \u00271\u0027 times","damage_taken":0,"max_hp_gain":0,"max_hp_loss":0,"event_name":"Dead Adventurer","floor":10,"gold_loss":0},{"damage_healed":0,"gold_gain":0,"player_choice":"Simplicity","damage_taken":0,"max_hp_gain":0,"max_hp_loss":0,"event_name":"Back to Basics","floor":19,"gold_loss":0,"cards_upgraded":["Strike_G","Strike_G","Strike_G","Strike_G","Strike_G","Defend_G","Defend_G","Defend_G","Defend_G","Defend_G"]},{"damage_healed":0,"gold_gain":50,"player_choice":"Stole From Cult","damage_taken":0,"max_hp_gain":0,"max_hp_loss":0,"event_name":"Nest","floor":20,"gold_loss":0},{"damage_healed":0,"gold_gain":0,"cards_transformed":["Survivor"],"player_choice":"Transformed","damage_taken":0,"max_hp_gain":0,"max_hp_loss":0,"event_name":"Transmorgrifier","floor":21,"gold_loss":0,"cards_obtained":["Deadly Poison"]},{"damage_healed":0,"gold_gain":0,"player_choice":"Traded Relic","damage_taken":0,"relics_obtained":["Nloth\u0027s Gift"],"max_hp_gain":0,"max_hp_loss":0,"event_name":"N\u0027loth","floor":24,"relics_lost":["Question Card"],"gold_loss":0}],"is_beta":false,"boss_relics":[{"not_picked":["Philosopher\u0027s Stone","Fusion Hammer"],"picked":"Black Star"}],"items_purged_floors":[],"is_endless":false,"potions_floor_spawned":[3,6,13,14,16,18,25,27,31],"killed_by":"Collector","ascension_level":20}