{"gold_per_floor":[20,20,20,34,34,67,67,67,137,137,137,154,183,199,199,270,270,281,164,114,74,91,122,122,142,142,176,192,192,204,238,238,315,315,325,371,94,94,94,124,134,134,134,134,149,149,176,192,192,192,192,192,192,18,49,49],"floor_reached":56,"playtime":1669,"items_purged":["Regret"],"score":1992,"play_id":"0ead19b2-911c-43f9-a698-396e9344ec21","local_time":"20220408001948","is_ascension_mode":true,"campfire_choices":[{"floor":7,"key":"REST"},{"data":"Die Die Die","floor":10,"key":"SMITH"},{"data":"Blade Dance","floor":15,"key":"SMITH"},{"floor":24,"key":"REST"},{"floor":32,"key":"REST"},{"floor":42,"key":"RECALL"},{"data":"Adrenaline","floor":44,"key":"SMITH"},{"data":"Malaise","floor":46,"key":"SMITH"},{"data":"Blade Dance","floor":49,"key":"SMITH"},{"data":"Survivor","floor":53,"key":"SMITH"}],"neow_cost":"NO_GOLD","seed_source_timestamp":99367260153900,"circlet_count":0,"master_deck":["AscendersBane","Strike_G","Strike_G","Strike_G+1","Strike_G","Defend_G","Defend_G","Defend_G+1","Defend_G","Defend_G+1","Survivor+1","Neutralize+1","Blade Dance+1","Slice+1","All Out Attack+1","Die Die Die+1","Accuracy+1","Malaise+1","Blade Dance+1","Accuracy+1","Caltrops+1","Blade Dance+1","Adrenaline+1","Footwork+1","Master of Strategy"],"relics":["Ring of the Snake","Incense Burner","InkBottle","Blood Vial","Frozen Egg 2","Singing Bowl","Mummified Hand","Black Star","Tingsha","MealTicket","HornCleat","Bird Faced Urn","The Courier","Akabeko","Whetstone","StrikeDummy","HoveringKite","Mango","Shuriken","Happy Flower","War Paint","Eternal Feather","Toxic Egg 2","Bronze Scales","Tough Bandages","Lantern"],"potions_floor_usage":[6,23,33,36,45,51,56,56],"damage_taken":[{"damage":1,"enemies":"Cultist","floor":1,"turns":4},{"damage":3,"enemies":"2 Louse","floor":4,"turns":3},{"damage":15,"enemies":"Lagavulin","floor":6,"turns":6},{"damage":0,"enemies":"Jaw Worm","floor":12,"turns":2},{"damage":2,"enemies":"Gremlin Nob","floor":13,"turns":3},{"damage":0,"enemies":"Red Slaver","floor":14,"turns":1},{"damage":29,"enemies":"The Guardian","floor":16,"turns":10},{"damage":20,"enemies":"Spheric Guardian","floor":18,"turns":4},{"damage":1,"enemies":"Chosen","floor":22,"turns":4},{"damage":8,"enemies":"Gremlin Leader","floor":23,"turns":4},{"damage":15,"enemies":"Shelled Parasite and Fungi","floor":25,"turns":4},{"damage":5,"enemies":"Book of Stabbing","floor":27,"turns":4},{"damage":27,"enemies":"Snecko","floor":28,"turns":4},{"damage":0,"enemies":"Sentry and Sphere","floor":30,"turns":3},{"damage":21,"enemies":"Slavers","floor":31,"turns":3},{"damage":34,"enemies":"Collector","floor":33,"turns":6},{"damage":18,"enemies":"3 Darklings","floor":35,"turns":4},{"damage":25,"enemies":"2 Orb Walkers","floor":36,"turns":3},{"damage":32,"enemies":"Nemesis","floor":40,"turns":5},{"damage":0,"enemies":"3 Shapes","floor":41,"turns":1},{"damage":3,"enemies":"3 Darklings","floor":45,"turns":2},{"damage":1,"enemies":"Giant Head","floor":47,"turns":5},{"damage":0,"enemies":"Maw","floor":48,"turns":4},{"damage":43,"enemies":"Donu and Deca","floor":50,"turns":6},{"damage":41,"enemies":"Awakened One","floor":51,"turns":8},{"damage":67,"enemies":"Shield and Spear","floor":55,"turns":5},{"damage":80,"enemies":"The Heart","floor":56,"turns":3}],"seed_played":"1632305994661638594","potions_obtained":[{"floor":1,"key":"LiquidBronze"},{"floor":4,"key":"LiquidMemories"},{"floor":12,"key":"Energy Potion"},{"floor":22,"key":"AttackPotion"},{"floor":28,"key":"DuplicationPotion"},{"floor":33,"key":"LiquidBronze"},{"floor":36,"key":"Energy Potion"},{"floor":48,"key":"Dexterity Potion"}],"is_trial":false,"path_per_floor":["M","?","?","M","?","E","R","$","T","R","T","M","E","M","R","B",null,"M","$","?","$","M","E","R","M","T","E","M","T","M","E","R","B",null,"M","?","$","?","?","E","M","R","T","R","M","R","E","M","R","B","B",null,"R","$","E","B"],"character_chosen":"THE_SILENT","items_purchased":["Accuracy+1","Caltrops+1","Shuriken","Footwork+1","Bronze Scales","Dexterity Potion"],"campfire_rested":3,"item_purchase_floors":[19,21,37,37,54,54],"current_hp_per_floor":[58,58,58,55,35,20,39,39,39,39,39,41,41,43,43,18,56,40,40,40,40,41,37,58,47,47,46,27,27,37,22,46,20,67,57,56,71,71,71,51,57,57,57,57,62,62,73,85,100,67,36,88,103,105,46,0],"gold":49,"neow_bonus":"ONE_RARE_RELIC","is_prod":false,"is_daily":false,"chose_seed":false,"campfire_upgraded":6,"win_rate":0,"timestamp":1649369988,"path_taken":["M","?","?","M","?","E","R","$","T","R","?","?","E","M","R","BOSS","M","$","?","$","M","E","R","?","T","E","M","?","M","E","R","BOSS","M","?","$","?","?","E","M","R","T","R","?","R","E","M","R","BOSS","BOSS","R","$","E","BOSS"],"build_version":"2022-03-07","purchased_purges":1,"victory":false,"max_hp_per_floor":[66,66,66,66,66,66,66,66,66,66,66,66,66,66,66,68,68,70,70,70,70,70,72,72,74,74,76,78,78,80,82,82,82,82,84,100,100,95,95,97,99,99,99,99,101,101,103,105,105,105,105,105,105,105,107,107],"card_choices":[{"not_picked":["Expertise","Dodge and Roll"],"picked":"Blade Dance","floor":1},{"not_picked":["Backflip","Cloak And Dagger"],"picked":"All Out Attack","floor":4},{"not_picked":["All Out Attack","Flying Knee"],"picked":"Die Die Die","floor":6},{"not_picked":["Acrobatics","Bane"],"picked":"Accuracy+1","floor":12},{"not_picked":["Quick Slash","Escape Plan"],"picked":"Malaise","floor":13},{"not_picked":["Slice","Poisoned Stab"],"picked":"Blade Dance","floor":14},{"not_picked":["Burst","Night Terror","Die Die Die"],"picked":"Singing Bowl","floor":16},{"not_picked":["Prepared","Backflip","Deflect"],"picked":"Singing Bowl","floor":18},{"not_picked":["Deflect","Leg Sweep"],"picked":"Blade Dance+1","floor":22},{"not_picked":["Backflip","Dodge and Roll","Blade Dance"],"picked":"Singing Bowl","floor":23},{"not_picked":["Distraction","Underhanded Strike","Skewer"],"picked":"Singing Bowl","floor":25},{"not_picked":["Setup","Outmaneuver","Underhanded Strike"],"picked":"Singing Bowl","floor":27},{"not_picked":["Backflip","Skewer","Slice"],"picked":"Singing Bowl","floor":28},{"not_picked":["Well Laid Plans+1","Bane","Quick Slash"],"picked":"Singing Bowl","floor":30},{"not_picked":["Prepared","Flying Knee","Masterful Stab"],"picked":"Singing Bowl","floor":31},{"not_picked":["Unload","Doppelganger"],"picked":"Adrenaline","floor":33},{"not_picked":["Backflip","Dagger Spray","Prepared"],"picked":"Singing Bowl","floor":35},{"not_picked":["Dodge and Roll","Deadly Poison+1","Caltrops+1"],"picked":"Singing Bowl","floor":36},{"not_picked":["Good Instincts","Flash of Steel"],"picked":"Master of Strategy","floor":39},{"not_picked":["Prepared+1","Backflip","Leg Sweep"],"picked":"Singing Bowl","floor":40},{"not_picked":["Blade Dance","Heel Hook","Crippling Poison"],"picked":"Singing Bowl","floor":41},{"not_picked":["Dagger Spray","Sucker Punch","Leg Sweep"],"picked":"Singing Bowl","floor":45},{"not_picked":["Blade Dance+1","Dash","Predator+1"],"picked":"Singing Bowl","floor":47},{"not_picked":["Dodge and Roll+1","Dagger Spray","Quick Slash"],"picked":"Singing Bowl","floor":48},{"not_picked":["PiercingWail+1","Doppelganger+1","Heel Hook"],"picked":"Singing Bowl","floor":55}],"player_experience":1860666,"relics_obtained":[{"floor":6,"key":"Blood Vial"},{"floor":9,"key":"Frozen Egg 2"},{"floor":11,"key":"Singing Bowl"},{"floor":13,"key":"Mummified Hand"},{"floor":23,"key":"Tingsha"},{"floor":23,"key":"MealTicket"},{"floor":26,"key":"HornCleat"},{"floor":27,"key":"Bird Faced Urn"},{"floor":27,"key":"The Courier"},{"floor":29,"key":"Akabeko"},{"floor":31,"key":"Whetstone"},{"floor":31,"key":"StrikeDummy"},{"floor":36,"key":"Mango"},{"floor":40,"key":"Happy Flower"},{"floor":40,"key":"War Paint"},{"floor":47,"key":"Eternal Feather"},{"floor":47,"key":"Toxic Egg 2"},{"floor":55,"key":"Tough Bandages"},{"floor":55,"key":"Lantern"}],"event_choices":[{"damage_healed":0,"gold_gain":0,"cards_transformed":["Strike_G"],"player_choice":"Change","damage_taken":0,"max_hp_gain":0,"max_hp_loss":0,"event_name":"Living Wall","floor":2,"gold_loss":0,"cards_obtained":["Slice"]},{"damage_healed":0,"gold_gain":0,"player_choice":"Box","damage_taken":0,"relics_obtained":["InkBottle"],"max_hp_gain":0,"max_hp_loss":0,"event_name":"Big Fish","floor":3,"gold_loss":0,"cards_obtained":["Regret"]},{"damage_healed":0,"gold_gain":0,"player_choice":"Entered Light","damage_taken":20,"max_hp_gain":0,"max_hp_loss":0,"event_name":"Shining Light","floor":5,"gold_loss":0,"cards_upgraded":["All Out Attack","Neutralize"]},{"damage_healed":0,"gold_gain":0,"player_choice":"Bet on Murderer","damage_taken":0,"max_hp_gain":0,"max_hp_loss":0,"event_name":"The Joust","floor":20,"gold_loss":50},{"damage_healed":0,"gold_gain":0,"player_choice":"Fight","damage_taken":0,"max_hp_gain":0,"max_hp_loss":0,"event_name":"Mysterious Sphere","floor":36,"gold_loss":0},{"damage_healed":0,"gold_gain":0,"player_choice":"Max HP","damage_taken":0,"max_hp_gain":0,"max_hp_loss":5,"event_name":"Winding Halls","floor":38,"gold_loss":0},{"damage_healed":0,"gold_gain":0,"player_choice":"Memory 1","damage_taken":0,"max_hp_gain":0,"max_hp_loss":0,"event_name":"SensoryStone","floor":39,"gold_loss":0}],"is_beta":false,"boss_relics":[{"not_picked":["Runic Pyramid","Philosopher\u0027s Stone"],"picked":"Black Star"},{"not_picked":["Coffee Dripper","Sozu"],"picked":"HoveringKite"}],"items_purged_floors":[19],"is_endless":false,"potions_floor_spawned":[1,4,12,22,28,33,36,40,48,55],"killed_by":"The Heart","ascension_level":20}