{"gold_per_floor":[115,126,126,51,63,95,95,121,121,121],"floor_reached":10,"playtime":286,"items_purged":["Defend_G"],"score":152,"play_id":"d00168ba-9156-4a1a-a74e-a38bd0ea3c57","local_time":"20220707192055","is_ascension_mode":true,"campfire_choices":[{"floor":7,"key":"REST"}],"neow_cost":"NONE","seed_source_timestamp":958738086728500,"circlet_count":0,"master_deck":["AscendersBane","Strike_G","Strike_G","Strike_G","Strike_G","Defend_G","Defend_G","Defend_G","Defend_G","Survivor","Neutralize","Backstab","Underhanded Strike","Quick Slash","After Image","Escape Plan"],"relics":["Ring of the Snake","NeowsBlessing","Bag of Marbles","Ice Cream"],"potions_floor_usage":[6],"damage_taken":[{"damage":0,"enemies":"Jaw Worm","floor":1,"turns":1},{"damage":0,"enemies":"Cultist","floor":2,"turns":1},{"damage":0,"enemies":"2 Louse","floor":5,"turns":1},{"damage":41,"enemies":"Lagavulin","floor":6,"turns":8},{"damage":32,"enemies":"3 Sentries","floor":8,"turns":13},{"damage":6,"enemies":"Exordium Wildlife","floor":10,"turns":2}],"seed_played":"5380252876895872422","potions_obtained":[{"floor":1,"key":"Fire Potion"},{"floor":2,"key":"SpeedPotion"}],"is_trial":false,"path_per_floor":["M","M","?","$","M","E","R","E","T","M"],"character_chosen":"THE_SILENT","items_purchased":[],"campfire_rested":1,"item_purchase_floors":[],"current_hp_per_floor":[59,59,59,59,59,18,37,5,5,0],"gold":121,"neow_bonus":"THREE_ENEMY_KILL","is_prod":false,"is_daily":false,"chose_seed":false,"campfire_upgraded":0,"win_rate":0,"timestamp":1657214455,"path_taken":["M","M","?","?","?","E","R","E","T","M"],"build_version":"2022-03-07","purchased_purges":1,"victory":false,"max_hp_per_floor":[66,66,66,66,66,66,66,66,66,66],"card_choices":[{"not_picked":["Dodge and Roll","Calculated Gamble"],"picked":"Backstab","floor":1},{"not_picked":["Masterful Stab","Slice"],"picked":"Underhanded Strike","floor":2},{"not_picked":["Outmaneuver","Deadly Poison"],"picked":"Quick Slash","floor":5},{"not_picked":["Catalyst","Acrobatics"],"picked":"After Image","floor":6},{"not_picked":["Deadly Poison","Dagger Throw"],"picked":"Escape Plan","floor":8}],"player_experience":1881505,"relics_obtained":[{"floor":6,"key":"Bag of Marbles"},{"floor":8,"key":"Ice Cream"}],"event_choices":[{"cards_removed":["Strike_G"],"damage_healed":0,"gold_gain":0,"player_choice":"Forget","damage_taken":0,"max_hp_gain":0,"max_hp_loss":0,"event_name":"Living Wall","floor":3,"gold_loss":0}],"is_beta":false,"boss_relics":[],"items_purged_floors":[4],"is_endless":false,"potions_floor_spawned":[1,2],"killed_by":"Exordium Wildlife","ascension_level":20}