{"gold_per_floor":[116,127,202,5,5,5,44,44,44,44,6,49,76,76,76,76],"floor_reached":16,"playtime":297,"items_purged":["Strike_G"],"score":262,"play_id":"ccb72a0d-5f76-4950-9206-f179fe919ded","local_time":"20220709200641","is_ascension_mode":true,"campfire_choices":[{"data":"Tactician","floor":6,"key":"SMITH"},{"data":"Acrobatics","floor":8,"key":"SMITH"},{"data":"Predator","floor":10,"key":"SMITH"},{"data":"Backflip","floor":15,"key":"SMITH"}],"neow_cost":"NONE","seed_source_timestamp":1134275332550900,"circlet_count":0,"master_deck":["AscendersBane","Strike_G","Strike_G","Strike_G","Defend_G","Defend_G","Defend_G","Defend_G","Defend_G","Survivor","Neutralize","Underhanded Strike","Tactician+1","Acrobatics+1","Predator+1","Concentrate","Dagger Throw","Backflip+1"],"relics":["Ring of the Snake","NeowsBlessing","Membership Card","CeramicFish","Nunchaku","PreservedInsect"],"potions_floor_usage":[12,16,16],"damage_taken":[{"damage":0,"enemies":"Cultist","floor":1,"turns":1},{"damage":0,"enemies":"Jaw Worm","floor":2,"turns":1},{"damage":0,"enemies":"3 Sentries","floor":7,"turns":1},{"damage":20,"enemies":"Gremlin Nob","floor":12,"turns":4},{"damage":0,"enemies":"2 Louse","floor":13,"turns":2},{"damage":31,"enemies":"Hexaghost","floor":16,"turns":11}],"seed_played":"489367343745147696","potions_obtained":[{"floor":7,"key":"Block Potion"},{"floor":12,"key":"AttackPotion"},{"floor":13,"key":"Weak Potion"},{"floor":14,"key":"DistilledChaos"}],"is_trial":false,"path_per_floor":["M","M","?","$","?","R","E","R","T","R","$","E","M","?","R","B"],"character_chosen":"THE_SILENT","items_purchased":["Membership Card","Acrobatics"],"campfire_rested":0,"item_purchase_floors":[4,4],"current_hp_per_floor":[59,59,48,48,48,48,48,48,48,48,48,28,28,28,28,0],"gold":76,"neow_bonus":"THREE_ENEMY_KILL","is_prod":false,"is_daily":false,"chose_seed":false,"campfire_upgraded":4,"win_rate":0,"timestamp":1657390001,"path_taken":["M","?","?","$","?","R","E","R","T","R","$","E","?","?","R","BOSS"],"build_version":"2022-03-07","purchased_purges":1,"victory":false,"max_hp_per_floor":[66,66,66,66,66,66,66,66,66,66,66,66,66,66,66,66],"card_choices":[{"not_picked":["Outmaneuver","Slice"],"picked":"Underhanded Strike","floor":1},{"not_picked":["Endless Agony","Cloak And Dagger"],"picked":"Tactician","floor":2},{"not_picked":["Sucker Punch","Storm of Steel"],"picked":"Concentrate","floor":7},{"not_picked":["Concentrate","Infinite Blades"],"picked":"Dagger Throw","floor":12},{"not_picked":["Bouncing Flask","Concentrate"],"picked":"Backflip","floor":13}],"player_experience":1881791,"relics_obtained":[{"floor":7,"key":"CeramicFish"},{"floor":9,"key":"Nunchaku"},{"floor":12,"key":"PreservedInsect"}],"event_choices":[{"damage_healed":0,"gold_gain":75,"player_choice":"Gather Gold","damage_taken":11,"max_hp_gain":0,"max_hp_loss":0,"event_name":"World of Goop","floor":3,"gold_loss":0},{"damage_healed":0,"gold_gain":0,"cards_transformed":["Strike_G"],"player_choice":"Transformed","damage_taken":0,"max_hp_gain":0,"max_hp_loss":0,"event_name":"Transmorgrifier","floor":5,"gold_loss":0,"cards_obtained":["Predator"]},{"damage_healed":0,"gold_gain":0,"player_choice":"Got Potions","damage_taken":0,"max_hp_gain":0,"max_hp_loss":0,"event_name":"Lab","floor":14,"gold_loss":0}],"is_beta":false,"boss_relics":[],"items_purged_floors":[11],"is_endless":false,"potions_floor_spawned":[7,12,13],"killed_by":"Hexaghost","ascension_level":20}