{"gold_per_floor":[114,114,189,189,202,230,230,256,256,406,2,13,28,28,28,28],"floor_reached":16,"playtime":338,"items_purged":["Doubt"],"score":266,"play_id":"24c13461-e80e-4eff-864f-87ab119cc53f","local_time":"20220706124220","is_ascension_mode":true,"campfire_choices":[{"data":"Die Die Die","floor":7,"key":"SMITH"},{"data":"Tactician","floor":15,"key":"SMITH"}],"neow_cost":"NONE","seed_source_timestamp":848369528712700,"circlet_count":0,"master_deck":["AscendersBane","Strike_G","Strike_G","Strike_G","Strike_G","Defend_G","Defend_G","Defend_G","Defend_G","Defend_G","Survivor","Neutralize","Tactician+1","Acrobatics","Die Die Die+1","Underhanded Strike","Underhanded Strike","Prepared"],"relics":["Ring of the Snake","NeowsBlessing","Sundial","Nunchaku","InkBottle","Mummified Hand","Lee\u0027s Waffle","Omamori"],"potions_floor_usage":[8],"damage_taken":[{"damage":0,"enemies":"Jaw Worm","floor":1,"turns":1},{"damage":0,"enemies":"2 Louse","floor":5,"turns":1},{"damage":0,"enemies":"3 Sentries","floor":6,"turns":2},{"damage":36,"enemies":"Gremlin Nob","floor":8,"turns":4},{"damage":0,"enemies":"Small Slimes","floor":12,"turns":2},{"damage":14,"enemies":"3 Louse","floor":13,"turns":3},{"damage":64,"enemies":"Slime Boss","floor":16,"turns":9}],"seed_played":"7089877111830429526","potions_obtained":[{"floor":1,"key":"Energy Potion"},{"floor":6,"key":"BlessingOfTheForge"},{"floor":13,"key":"Ancient Potion"}],"is_trial":false,"path_per_floor":["M","?","?","?","M","E","R","E","T","?","$","M","M","?","R","B"],"character_chosen":"THE_SILENT","items_purchased":["Lee\u0027s Waffle","Omamori"],"campfire_rested":0,"item_purchase_floors":[11,11],"current_hp_per_floor":[59,41,30,52,52,52,52,16,16,16,73,73,59,59,59,0],"gold":28,"neow_bonus":"THREE_ENEMY_KILL","is_prod":false,"is_daily":false,"chose_seed":false,"campfire_upgraded":2,"win_rate":0,"timestamp":1657104140,"path_taken":["M","?","?","?","M","E","R","E","T","?","$","M","?","?","R","BOSS"],"build_version":"2022-03-07","purchased_purges":1,"victory":false,"max_hp_per_floor":[66,66,66,66,66,66,66,66,66,66,73,73,73,73,73,73],"card_choices":[{"not_picked":["PiercingWail","Slice"],"picked":"Tactician","floor":1},{"not_picked":["Cloak And Dagger","Calculated Gamble"],"picked":"Acrobatics","floor":5},{"not_picked":["Heel Hook","Riddle With Holes"],"picked":"Die Die Die","floor":6},{"not_picked":["Acrobatics","Escape Plan"],"picked":"Underhanded Strike","floor":8},{"not_picked":["Accuracy","Cloak And Dagger"],"picked":"Underhanded Strike","floor":12},{"not_picked":["Dagger Throw","Dagger Spray","Masterful Stab"],"picked":"SKIP","floor":13}],"player_experience":1880026,"relics_obtained":[{"floor":6,"key":"Nunchaku"},{"floor":8,"key":"InkBottle"},{"floor":9,"key":"Mummified Hand"}],"event_choices":[{"damage_healed":0,"gold_gain":0,"player_choice":"Success","damage_taken":18,"relics_obtained":["Sundial"],"max_hp_gain":0,"max_hp_loss":0,"event_name":"Scrap Ooze","floor":2,"gold_loss":0},{"damage_healed":0,"gold_gain":75,"player_choice":"Gather Gold","damage_taken":11,"max_hp_gain":0,"max_hp_loss":0,"event_name":"World of Goop","floor":3,"gold_loss":0},{"damage_healed":22,"gold_gain":0,"player_choice":"Banana","damage_taken":0,"max_hp_gain":0,"max_hp_loss":0,"event_name":"Big Fish","floor":4,"gold_loss":0},{"damage_healed":0,"gold_gain":150,"player_choice":"AGREE","damage_taken":0,"max_hp_gain":0,"max_hp_loss":0,"event_name":"Liars Game","floor":10,"gold_loss":0,"cards_obtained":["Doubt"]},{"damage_healed":0,"gold_gain":0,"cards_transformed":["Strike_G"],"player_choice":"Change","damage_taken":0,"max_hp_gain":0,"max_hp_loss":0,"event_name":"Living Wall","floor":14,"gold_loss":0,"cards_obtained":["Prepared"]}],"is_beta":false,"boss_relics":[],"items_purged_floors":[11],"is_endless":false,"potions_floor_spawned":[1,6,13],"killed_by":"Slime Boss","ascension_level":20}