{"gold_per_floor":[109,73,148,39,51,51,51,51,119,154,154,183,195,214,214,291,291,303,303,303,322,1,1,29,53,53,53,86,86,96,39,39,112,112,131,142,189,17,17,17,33,33],"floor_reached":42,"playtime":1488,"items_purged":[],"score":980,"play_id":"fbb29b97-12a5-447b-99be-bcb57e293709","local_time":"20220828210823","is_ascension_mode":true,"campfire_choices":[{"data":"Noxious Fumes","floor":6,"key":"SMITH"},{"data":"Footwork","floor":11,"key":"SMITH"},{"floor":15,"key":"REST"},{"data":"Burst","floor":23,"key":"SMITH"},{"floor":27,"key":"REST"},{"data":"Catalyst","floor":29,"key":"SMITH"},{"data":"Caltrops","floor":32,"key":"SMITH"},{"floor":40,"key":"DIG"}],"neow_cost":"NONE","seed_source_timestamp":9285157915000,"circlet_count":0,"master_deck":["AscendersBane","Strike_G","Strike_G","Strike_G","Strike_G+1","Strike_G+1","Defend_G","Defend_G","Defend_G","Defend_G","Defend_G","Survivor","Neutralize","Backflip","Footwork+1","Dodge and Roll","Noxious Fumes+1","Catalyst+1","Caltrops+1","Burst+1","Corpse Explosion","Deadly Poison","Venomology","Outmaneuver+1","Escape Plan","Flash of Steel"],"relics":["Ring of the Snake","NeowsBlessing","Gremlin Horn","StrikeDummy","Eternal Feather","Potion Belt","Runic Pyramid","TheAbacus","Juzu Bracelet","Gambling Chip","Regal Pillow","Oddly Smooth Stone","Whetstone","Philosopher\u0027s Stone","Shovel","PreservedInsect","Dead Branch"],"potions_floor_usage":[14,21,21,28,36,37,41,42,42,42],"damage_taken":[{"damage":0,"enemies":"Small Slimes","floor":1,"turns":1},{"damage":0,"enemies":"2 Louse","floor":5,"turns":1},{"damage":0,"enemies":"Lagavulin","floor":10,"turns":1},{"damage":55,"enemies":"Gremlin Nob","floor":12,"turns":6},{"damage":0,"enemies":"Cultist","floor":13,"turns":4},{"damage":0,"enemies":"Gremlin Gang","floor":14,"turns":5},{"damage":21,"enemies":"The Guardian","floor":16,"turns":13},{"damage":9,"enemies":"Spheric Guardian","floor":18,"turns":6},{"damage":12,"enemies":"Shell Parasite","floor":21,"turns":5},{"damage":42,"enemies":"Gremlin Leader","floor":24,"turns":7},{"damage":5,"enemies":"Book of Stabbing","floor":28,"turns":6},{"damage":14,"enemies":"Snake Plant","floor":30,"turns":5},{"damage":24,"enemies":"Automaton","floor":33,"turns":8},{"damage":16,"enemies":"3 Darklings","floor":35,"turns":4},{"damage":2,"enemies":"3 Shapes","floor":36,"turns":2},{"damage":0,"enemies":"2 Orb Walkers","floor":37,"turns":1},{"damage":26,"enemies":"Maw","floor":41,"turns":8},{"damage":44,"enemies":"Reptomancer","floor":42,"turns":2}],"seed_played":"-4343498146708715773","potions_obtained":[{"floor":10,"key":"SpeedPotion"},{"floor":13,"key":"DuplicationPotion"},{"floor":16,"key":"GamblersBrew"},{"floor":24,"key":"Block Potion"},{"floor":30,"key":"Swift Potion"},{"floor":41,"key":"Weak Potion"}],"is_trial":false,"path_per_floor":["M","$","?","$","M","R","?","?","T","E","R","E","M","M","R","B",null,"M","?","?","M","$","R","E","T","T","R","E","R","M","$","R","B",null,"M","M","?","$","?","R","M","E"],"character_chosen":"THE_SILENT","items_purchased":["Footwork","Dodge and Roll","Noxious Fumes","TheAbacus","Juzu Bracelet","Block Potion","PreservedInsect"],"campfire_rested":2,"item_purchase_floors":[2,4,4,22,22,31,38],"current_hp_per_floor":[59,59,48,48,48,48,48,48,48,48,57,2,2,2,33,12,53,44,44,57,45,45,57,15,15,15,61,56,66,52,52,64,40,60,44,42,42,42,42,57,31,0],"gold":33,"neow_bonus":"THREE_ENEMY_KILL","is_prod":false,"is_daily":false,"chose_seed":false,"campfire_upgraded":5,"win_rate":0,"timestamp":1661713703,"path_taken":["M","$","?","$","M","R","?","?","T","E","R","E","?","?","R","BOSS","M","?","?","M","$","R","E","?","T","R","E","R","M","$","R","BOSS","M","M","?","$","?","R","M","E"],"build_version":"2022-03-07","purchased_purges":0,"victory":false,"max_hp_per_floor":[66,66,66,66,66,66,66,66,66,66,66,66,66,66,66,66,66,66,66,66,66,66,66,66,66,66,66,66,66,66,66,66,66,66,66,66,66,66,66,66,66,66],"card_choices":[{"not_picked":["Sucker Punch","Cloak And Dagger"],"picked":"Backflip","floor":1},{"not_picked":["Blade Dance","PiercingWail"],"picked":"Catalyst","floor":5},{"not_picked":["Backstab","Bane"],"picked":"Caltrops","floor":10},{"not_picked":["Infinite Blades","Backflip"],"picked":"Burst","floor":12},{"not_picked":["Quick Slash","Acrobatics","Dagger Throw"],"picked":"SKIP","floor":13},{"not_picked":["Bane","Dagger Spray","Acrobatics"],"picked":"SKIP","floor":14},{"not_picked":["Grand Finale","A Thousand Cuts"],"picked":"Corpse Explosion","floor":16},{"not_picked":["Flying Knee","Eviscerate"],"picked":"Deadly Poison","floor":18},{"not_picked":["Flying Knee+1","Sucker Punch","Outmaneuver"],"picked":"SKIP","floor":21},{"not_picked":["Slice","Cloak And Dagger","Dagger Spray"],"picked":"SKIP","floor":24},{"not_picked":["Corpse Explosion","Well Laid Plans","Dodge and Roll"],"picked":"SKIP","floor":28},{"not_picked":["Backflip","Deadly Poison","Acrobatics"],"picked":"SKIP","floor":30},{"not_picked":["Storm of Steel","A Thousand Cuts"],"picked":"Venomology","floor":33},{"not_picked":["Poisoned Stab","Deadly Poison+1"],"picked":"Outmaneuver+1","floor":35},{"not_picked":["Dodge and Roll","Finisher"],"picked":"Escape Plan","floor":36},{"not_picked":["Purity","Transmutation"],"picked":"Flash of Steel","floor":39},{"not_picked":["Endless Agony","Outmaneuver","Deadly Poison"],"picked":"SKIP","floor":41}],"player_experience":1895962,"relics_obtained":[{"floor":9,"key":"StrikeDummy"},{"floor":10,"key":"Eternal Feather"},{"floor":12,"key":"Potion Belt"},{"floor":24,"key":"Gambling Chip"},{"floor":25,"key":"Regal Pillow"},{"floor":26,"key":"Oddly Smooth Stone"},{"floor":28,"key":"Whetstone"},{"floor":37,"key":"Shovel"},{"floor":40,"key":"Dead Branch"}],"event_choices":[{"damage_healed":0,"gold_gain":75,"player_choice":"Gather Gold","damage_taken":11,"max_hp_gain":0,"max_hp_loss":0,"event_name":"World of Goop","floor":3,"gold_loss":0},{"damage_healed":0,"gold_gain":0,"player_choice":"Box","damage_taken":0,"relics_obtained":["Gremlin Horn"],"max_hp_gain":0,"max_hp_loss":0,"event_name":"Big Fish","floor":7,"gold_loss":0,"cards_obtained":["Regret"]},{"cards_removed":["Regret"],"damage_healed":0,"gold_gain":0,"player_choice":"Removed Curses","damage_taken":0,"max_hp_gain":0,"max_hp_loss":0,"event_name":"Fountain of Cleansing","floor":8,"gold_loss":0},{"damage_healed":0,"gold_gain":0,"player_choice":"Ignored","damage_taken":0,"max_hp_gain":0,"max_hp_loss":0,"event_name":"Vampires","floor":19,"gold_loss":0},{"damage_healed":13,"gold_gain":0,"player_choice":"Heal","damage_taken":0,"max_hp_gain":0,"max_hp_loss":0,"event_name":"The Library","floor":20,"gold_loss":0},{"damage_healed":0,"gold_gain":0,"player_choice":"Fight","damage_taken":0,"max_hp_gain":0,"max_hp_loss":0,"event_name":"Mysterious Sphere","floor":37,"gold_loss":0},{"damage_healed":0,"gold_gain":0,"player_choice":"Memory 1","damage_taken":0,"max_hp_gain":0,"max_hp_loss":0,"event_name":"SensoryStone","floor":39,"gold_loss":0}],"is_beta":false,"boss_relics":[{"not_picked":["Ectoplasm","Snecko Eye"],"picked":"Runic Pyramid"},{"not_picked":["Pandora\u0027s Box","Runic Dome"],"picked":"Philosopher\u0027s Stone"}],"items_purged_floors":[],"is_endless":false,"potions_floor_spawned":[10,13,16,24,30,41],"killed_by":"Reptomancer","ascension_level":20}