{"gold_per_floor":[113,113,126,142,67,92,92,117,117,152,171,0,0,10,10,10],"floor_reached":16,"playtime":526,"items_purged":["Strike_G"],"score":290,"play_id":"38ec15f6-b919-44bf-b137-1d72863a6549","local_time":"20220828204035","is_ascension_mode":true,"campfire_choices":[{"floor":7,"key":"REST"},{"floor":15,"key":"REST"}],"neow_cost":"NONE","seed_source_timestamp":8580054830900,"circlet_count":0,"master_deck":["AscendersBane","Strike_G","Strike_G","Strike_G","Strike_G","Defend_G","Defend_G","Defend_G","Defend_G","Defend_G","Survivor","Neutralize","All Out Attack","Noxious Fumes","Tactician","Adrenaline","Deadly Poison","Dodge and Roll"],"relics":["Ring of the Snake","NeowsBlessing","Mummified Hand","Ice Cream","CaptainsWheel","Orichalcum","TwistedFunnel"],"potions_floor_usage":[6,8,10,14],"damage_taken":[{"damage":0,"enemies":"Small Slimes","floor":1,"turns":2},{"damage":0,"enemies":"Cultist","floor":3,"turns":1},{"damage":0,"enemies":"Jaw Worm","floor":4,"turns":1},{"damage":45,"enemies":"Gremlin Nob","floor":6,"turns":5},{"damage":32,"enemies":"Lagavulin","floor":8,"turns":10},{"damage":0,"enemies":"3 Sentries","floor":10,"turns":8},{"damage":0,"enemies":"2 Fungi Beasts","floor":11,"turns":3},{"damage":0,"enemies":"Looter","floor":14,"turns":3},{"damage":21,"enemies":"Slime Boss","floor":16,"turns":8}],"seed_played":"7122004279699774449","potions_obtained":[{"floor":4,"key":"FearPotion"},{"floor":6,"key":"Weak Potion"},{"floor":8,"key":"Dexterity Potion"},{"floor":10,"key":"AttackPotion"}],"is_trial":false,"path_per_floor":["M","?","M","M","$","E","R","E","T","E","M","$","$","M","R","B"],"character_chosen":"THE_SILENT","items_purchased":["TwistedFunnel"],"campfire_rested":2,"item_purchase_floors":[12],"current_hp_per_floor":[59,59,59,59,59,14,33,1,1,1,1,1,1,1,20,0],"gold":10,"neow_bonus":"THREE_ENEMY_KILL","is_prod":false,"is_daily":false,"chose_seed":false,"campfire_upgraded":0,"win_rate":0,"timestamp":1661712035,"path_taken":["M","?","?","M","$","E","R","E","T","E","M","?","$","M","R","BOSS"],"build_version":"2022-03-07","purchased_purges":1,"victory":false,"max_hp_per_floor":[66,66,66,66,66,66,66,66,66,66,66,66,66,66,66,66],"card_choices":[{"not_picked":["Dagger Throw","Dash"],"picked":"All Out Attack","floor":1},{"not_picked":["PiercingWail","Poisoned Stab","Reflex"],"picked":"SKIP","floor":3},{"not_picked":["Backflip","Quick Slash"],"picked":"Tactician","floor":4},{"not_picked":["Underhanded Strike","Cloak And Dagger"],"picked":"Adrenaline","floor":6},{"not_picked":["Prepared","Acrobatics"],"picked":"Deadly Poison","floor":8},{"not_picked":["Calculated Gamble","Accuracy"],"picked":"Dodge and Roll","floor":10},{"not_picked":["Endless Agony","Dodge and Roll","Leg Sweep"],"picked":"SKIP","floor":11},{"not_picked":["Deadly Poison","Deflect","Dagger Spray"],"picked":"SKIP","floor":14}],"player_experience":1895274,"relics_obtained":[{"floor":6,"key":"Mummified Hand"},{"floor":8,"key":"Ice Cream"},{"floor":9,"key":"CaptainsWheel"},{"floor":10,"key":"Orichalcum"}],"event_choices":[{"damage_healed":0,"gold_gain":0,"player_choice":"1 cards matched","damage_taken":0,"max_hp_gain":0,"max_hp_loss":0,"event_name":"Match and Keep!","floor":2,"gold_loss":0,"cards_obtained":["Noxious Fumes"]}],"is_beta":false,"boss_relics":[],"items_purged_floors":[5],"is_endless":false,"potions_floor_spawned":[4,6,8,10],"killed_by":"Slime Boss","ascension_level":20}