{"gold_per_floor":[112,125,125,125,125,153,9,40,67,67,83,83,83,83,83,173,173,189,189,189,189,204,204,204],"floor_reached":24,"playtime":625,"items_purged":[],"score":425,"play_id":"83aeca9e-5377-4143-901c-1c45a8e03eaf","local_time":"20220909234538","is_ascension_mode":true,"campfire_choices":[{"floor":10,"key":"REST"},{"data":"Noxious Fumes","floor":15,"key":"SMITH"},{"data":"Noxious Fumes","floor":23,"key":"SMITH"}],"neow_cost":"CURSE","seed_source_timestamp":397452284914600,"circlet_count":0,"master_deck":["AscendersBane","Defend_G","Defend_G","Defend_G","Defend_G","Defend_G","Survivor","Neutralize","Noxious Fumes+1","Dagger Spray","Catalyst","Deadly Poison","Noxious Fumes+1","Injury","Corpse Explosion","Necronomicurse","Bite","Bite","Bite","Bite","Bite"],"relics":["Ring of the Snake","Thread and Needle","Orichalcum","Eternal Feather","InkBottle","Lantern","Golden Idol","Busted Crown","Necronomicon","CultistMask"],"potions_floor_usage":[6,11,16,22],"damage_taken":[{"damage":6,"enemies":"Cultist","floor":1,"turns":5},{"damage":3,"enemies":"Small Slimes","floor":2,"turns":5},{"damage":10,"enemies":"3 Sentries","floor":6,"turns":8},{"damage":30,"enemies":"Lagavulin","floor":8,"turns":9},{"damage":0,"enemies":"2 Louse","floor":11,"turns":2},{"damage":40,"enemies":"Slime Boss","floor":16,"turns":11},{"damage":8,"enemies":"Shell Parasite","floor":18,"turns":4},{"damage":0,"enemies":"3 Byrds","floor":22,"turns":2},{"damage":54,"enemies":"Book of Stabbing","floor":24,"turns":4}],"seed_played":"-5227544365045935214","potions_obtained":[{"floor":1,"key":"AttackPotion"},{"floor":8,"key":"Explosive Potion"},{"floor":11,"key":"GamblersBrew"}],"is_trial":false,"path_per_floor":["M","M","?","?","?","E","$","E","T","R","M","$","?","?","R","B",null,"M","?","?","?","M","R","E"],"character_chosen":"THE_SILENT","items_purchased":["Deadly Poison","LiquidBronze"],"campfire_rested":1,"item_purchase_floors":[7,7],"current_hp_per_floor":[53,50,32,54,47,37,37,7,7,35,35,35,35,35,44,4,51,43,22,22,22,28,40,0],"gold":204,"neow_bonus":"ONE_RARE_RELIC","is_prod":false,"is_daily":false,"chose_seed":false,"campfire_upgraded":2,"win_rate":0,"timestamp":1662759938,"path_taken":["M","?","?","?","?","E","?","E","T","R","M","$","?","?","R","BOSS","M","?","?","?","M","R","E"],"build_version":"2022-03-07","purchased_purges":0,"victory":false,"max_hp_per_floor":[66,66,66,66,66,66,66,66,66,66,66,66,66,66,66,66,66,66,66,46,46,46,46,46],"card_choices":[{"not_picked":["Dodge and Roll","Sucker Punch"],"picked":"Noxious Fumes","floor":1},{"not_picked":["PiercingWail","Flying Knee"],"picked":"Dagger Spray","floor":2},{"not_picked":["Storm of Steel","Eviscerate"],"picked":"Catalyst","floor":6},{"not_picked":["Quick Slash","Setup"],"picked":"Noxious Fumes","floor":8},{"not_picked":["Backflip","Riddle With Holes","Quick Slash"],"picked":"SKIP","floor":11},{"not_picked":["A Thousand Cuts","After Image"],"picked":"Corpse Explosion","floor":16},{"not_picked":["Dodge and Roll"],"picked":"SKIP","floor":18},{"not_picked":["Choke"],"picked":"SKIP","floor":22}],"player_experience":1907051,"relics_obtained":[{"floor":6,"key":"Eternal Feather"},{"floor":8,"key":"InkBottle"},{"floor":9,"key":"Lantern"},{"floor":19,"key":"Necronomicon"}],"event_choices":[{"damage_healed":0,"gold_gain":0,"player_choice":"Success","damage_taken":18,"relics_obtained":["Orichalcum"],"max_hp_gain":0,"max_hp_loss":0,"event_name":"Scrap Ooze","floor":3,"gold_loss":0},{"damage_healed":22,"gold_gain":0,"player_choice":"Banana","damage_taken":0,"max_hp_gain":0,"max_hp_loss":0,"event_name":"Big Fish","floor":4,"gold_loss":0},{"cards_removed":["Regret"],"damage_healed":0,"gold_gain":0,"player_choice":"Card Removal","damage_taken":7,"max_hp_gain":0,"max_hp_loss":0,"event_name":"Golden Wing","floor":5,"gold_loss":0},{"damage_healed":0,"gold_gain":0,"player_choice":"Take Wound","damage_taken":0,"relics_obtained":["Golden Idol"],"max_hp_gain":0,"max_hp_loss":0,"event_name":"Golden Idol","floor":13,"gold_loss":0,"cards_obtained":["Injury"]},{"damage_healed":0,"gold_gain":0,"player_choice":"Ignored","damage_taken":0,"max_hp_gain":0,"max_hp_loss":0,"event_name":"Liars Game","floor":14,"gold_loss":0},{"damage_healed":0,"gold_gain":0,"player_choice":"Obtained Book","damage_taken":21,"max_hp_gain":0,"max_hp_loss":0,"event_name":"Cursed Tome","floor":19,"gold_loss":0},{"damage_healed":0,"gold_gain":0,"player_choice":"Became a vampire","damage_taken":0,"max_hp_gain":0,"max_hp_loss":20,"event_name":"Vampires","floor":20,"gold_loss":0,"cards_obtained":["Bite","Bite","Bite","Bite","Bite"]},{"damage_healed":0,"gold_gain":0,"player_choice":"Trade","damage_taken":0,"relics_obtained":["CultistMask"],"max_hp_gain":0,"max_hp_loss":0,"event_name":"FaceTrader","floor":21,"gold_loss":0}],"is_beta":false,"boss_relics":[{"not_picked":["Runic Pyramid","Ring of the Serpent"],"picked":"Busted Crown"}],"items_purged_floors":[],"is_endless":false,"potions_floor_spawned":[1,8,11],"killed_by":"Book of Stabbing","ascension_level":20}