{"gold_per_floor":[113,263,283,208,208,240,16,16,16,16],"floor_reached":10,"playtime":353,"items_purged":[],"score":128,"play_id":"76312656-d77a-482d-9e01-8badebd6b098","local_time":"20220904205243","is_ascension_mode":true,"campfire_choices":[{"floor":8,"key":"REST"}],"neow_cost":"NONE","seed_source_timestamp":614293459221500,"circlet_count":0,"master_deck":["AscendersBane","Strike_G","Strike_G","Strike_G","Strike_G","Strike_G","Defend_G","Defend_G","Defend_G","Defend_G","Defend_G","Survivor","Neutralize","Night Terror","Quick Slash","Terror","Bouncing Flask","Sadistic Nature","Dodge and Roll"],"relics":["Ring of the Snake","Gambling Chip","Tough Bandages"],"potions_floor_usage":[],"damage_taken":[{"damage":5,"enemies":"2 Louse","floor":1,"turns":3},{"damage":6,"enemies":"Jaw Worm","floor":3,"turns":5},{"damage":34,"enemies":"Lagavulin","floor":6,"turns":8},{"damage":44,"enemies":"3 Sentries","floor":10,"turns":9}],"seed_played":"2108951992707918389","potions_obtained":[],"is_trial":false,"path_per_floor":["M","?","M","?","?","E","$","R","T","E"],"character_chosen":"THE_SILENT","items_purchased":["Sadistic Nature","Dodge and Roll"],"campfire_rested":1,"item_purchase_floors":[7,7],"current_hp_per_floor":[54,54,48,48,53,19,19,40,40,0],"gold":16,"neow_bonus":"ONE_RANDOM_RARE_CARD","is_prod":false,"is_daily":false,"chose_seed":false,"campfire_upgraded":0,"win_rate":0,"timestamp":1662317563,"path_taken":["M","?","M","?","?","E","$","R","T","E"],"build_version":"2022-03-07","purchased_purges":0,"victory":false,"max_hp_per_floor":[66,66,66,66,71,71,71,71,71,71],"card_choices":[{"not_picked":["Slice","Dagger Throw"],"picked":"Quick Slash","floor":1},{"not_picked":["Flechettes","Quick Slash"],"picked":"Terror","floor":3},{"not_picked":["Backstab","Flying Knee"],"picked":"Bouncing Flask","floor":6}],"player_experience":1903879,"relics_obtained":[{"floor":6,"key":"Gambling Chip"},{"floor":9,"key":"Tough Bandages"}],"event_choices":[{"damage_healed":0,"gold_gain":150,"player_choice":"AGREE","damage_taken":0,"max_hp_gain":0,"max_hp_loss":0,"event_name":"Liars Game","floor":2,"gold_loss":0,"cards_obtained":["Doubt"]},{"cards_removed":["Doubt"],"damage_healed":0,"gold_gain":0,"player_choice":"Card Removal","damage_taken":0,"max_hp_gain":0,"max_hp_loss":0,"event_name":"The Cleric","floor":4,"gold_loss":75},{"damage_healed":0,"gold_gain":0,"player_choice":"Donut","damage_taken":0,"max_hp_gain":5,"max_hp_loss":0,"event_name":"Big Fish","floor":5,"gold_loss":0}],"is_beta":false,"boss_relics":[],"items_purged_floors":[],"is_endless":false,"potions_floor_spawned":[],"killed_by":"3 Sentries","ascension_level":20}