{"gold_per_floor":[117,117,117,117,133,133,408,451,475,77,120,145,186,186],"floor_reached":14,"playtime":222,"items_purged":["Regret"],"score":262,"play_id":"5991237a-b15d-4a4b-9664-bcf181a4b41e","local_time":"20220911162027","is_ascension_mode":true,"campfire_choices":[{"data":"All Out Attack","floor":6,"key":"SMITH"}],"neow_cost":"NONE","seed_source_timestamp":543945893469800,"circlet_count":0,"master_deck":["AscendersBane","Strike_G","Strike_G+1","Strike_G","Strike_G","Strike_G","Defend_G","Defend_G","Defend_G","Defend_G","Defend_G","Survivor+1","Neutralize","Poisoned Stab","Injury","All Out Attack+1","Blade Dance","Caltrops+1","Cloak And Dagger"],"relics":["Ring of the Snake","NeowsBlessing","Golden Idol","Shuriken","Art of War","Frozen Egg 2","Omamori","MealTicket"],"potions_floor_usage":[13],"damage_taken":[{"damage":0,"enemies":"2 Louse","floor":1,"turns":1},{"damage":0,"enemies":"Small Slimes","floor":5,"turns":1},{"damage":0,"enemies":"3 Sentries","floor":8,"turns":1},{"damage":24,"enemies":"Lagavulin","floor":11,"turns":5},{"damage":2,"enemies":"Jaw Worm","floor":12,"turns":3},{"damage":32,"enemies":"Gremlin Nob","floor":13,"turns":4},{"damage":3,"enemies":"Large Slime","floor":14,"turns":1}],"seed_played":"-2092681008852032209","potions_obtained":[{"floor":8,"key":"PowerPotion"}],"is_trial":false,"path_per_floor":["M","?","?","?","M","R","?","E","T","$","E","M","E","M"],"character_chosen":"THE_SILENT","items_purchased":["Blade Dance","Frozen Egg 2"],"campfire_rested":0,"item_purchase_floors":[10,10],"current_hp_per_floor":[59,59,39,61,61,61,61,61,61,61,37,35,3,0],"gold":186,"neow_bonus":"THREE_ENEMY_KILL","is_prod":false,"is_daily":false,"chose_seed":false,"campfire_upgraded":1,"win_rate":0,"timestamp":1662906027,"path_taken":["M","?","?","?","M","R","?","E","T","$","E","?","E","M"],"build_version":"2022-03-07","purchased_purges":1,"victory":false,"max_hp_per_floor":[66,66,66,66,66,66,66,66,66,66,66,66,66,66],"card_choices":[{"not_picked":["Prepared","Blur"],"picked":"Poisoned Stab","floor":1},{"not_picked":["Cloak And Dagger","Distraction"],"picked":"All Out Attack","floor":5},{"not_picked":["Prepared","Bane","Dodge and Roll"],"picked":"SKIP","floor":8},{"not_picked":["Terror","Backstab"],"picked":"Caltrops+1","floor":11},{"not_picked":["PiercingWail","Doppelganger"],"picked":"Cloak And Dagger","floor":12},{"not_picked":["Riddle With Holes","Poisoned Stab","Calculated Gamble"],"picked":"SKIP","floor":13}],"player_experience":1910547,"relics_obtained":[{"floor":8,"key":"Shuriken"},{"floor":9,"key":"Art of War"},{"floor":11,"key":"Omamori"},{"floor":13,"key":"MealTicket"}],"event_choices":[{"damage_healed":0,"gold_gain":0,"player_choice":"Take Wound","damage_taken":0,"relics_obtained":["Golden Idol"],"max_hp_gain":0,"max_hp_loss":0,"event_name":"Golden Idol","floor":2,"gold_loss":0,"cards_obtained":["Injury"]},{"damage_healed":0,"gold_gain":0,"player_choice":"Entered Light","damage_taken":20,"max_hp_gain":0,"max_hp_loss":0,"event_name":"Shining Light","floor":3,"gold_loss":0,"cards_upgraded":["Strike_G","Survivor"]},{"damage_healed":22,"gold_gain":0,"player_choice":"Banana","damage_taken":0,"max_hp_gain":0,"max_hp_loss":0,"event_name":"Big Fish","floor":4,"gold_loss":0},{"damage_healed":0,"gold_gain":275,"player_choice":"Desecrate","damage_taken":0,"max_hp_gain":0,"max_hp_loss":0,"event_name":"Golden Shrine","floor":7,"gold_loss":0,"cards_obtained":["Regret"]}],"is_beta":false,"boss_relics":[],"items_purged_floors":[10],"is_endless":false,"potions_floor_spawned":[8],"killed_by":"Large Slime","ascension_level":20}