{"gold_per_floor":[114,114,9,20,31,31,56,56,133,162,162,189,204,204],"floor_reached":14,"playtime":437,"items_purged":[],"score":216,"play_id":"a52fa372-9cec-4895-9862-5fc59c5537ca","local_time":"20220909232623","is_ascension_mode":true,"campfire_choices":[{"data":"Dash","floor":6,"key":"SMITH"},{"floor":8,"key":"REST"},{"floor":11,"key":"REST"}],"neow_cost":"NONE","seed_source_timestamp":396485492356900,"circlet_count":0,"master_deck":["AscendersBane","Strike_G","Strike_G","Strike_G","Strike_G","Defend_G","Defend_G","Defend_G","Defend_G","Defend_G","Survivor","Neutralize","Dash+1","Panacea","Flying Knee","Escape Plan","Infinite Blades","Die Die Die","Escape Plan"],"relics":["Ring of the Snake","NeowsBlessing","Bag of Preparation","Matryoshka","Mummified Hand","Mercury Hourglass"],"potions_floor_usage":[7,7,10,14],"damage_taken":[{"damage":0,"enemies":"2 Louse","floor":1,"turns":1},{"damage":0,"enemies":"Cultist","floor":4,"turns":1},{"damage":0,"enemies":"Jaw Worm","floor":5,"turns":1},{"damage":32,"enemies":"3 Sentries","floor":7,"turns":14},{"damage":13,"enemies":"Lagavulin","floor":10,"turns":7},{"damage":27,"enemies":"3 Sentries","floor":12,"turns":10},{"damage":1,"enemies":"Large Slime","floor":13,"turns":5},{"damage":27,"enemies":"Gremlin Nob","floor":14,"turns":3}],"seed_played":"5527050192911884619","potions_obtained":[{"floor":4,"key":"SkillPotion"},{"floor":5,"key":"DistilledChaos"},{"floor":7,"key":"Strength Potion"},{"floor":12,"key":"Strength Potion"}],"is_trial":false,"path_per_floor":["M","?","$","M","M","R","E","R","T","E","R","E","M","E"],"character_chosen":"THE_SILENT","items_purchased":["Panacea"],"campfire_rested":2,"item_purchase_floors":[3],"current_hp_per_floor":[59,59,59,59,59,59,27,46,46,33,52,25,24,0],"gold":204,"neow_bonus":"THREE_ENEMY_KILL","is_prod":false,"is_daily":false,"chose_seed":false,"campfire_upgraded":1,"win_rate":0,"timestamp":1662758783,"path_taken":["M","?","$","?","M","R","E","R","T","E","R","E","M","E"],"build_version":"2022-03-07","purchased_purges":0,"victory":false,"max_hp_per_floor":[66,66,66,66,66,66,66,66,66,66,66,66,66,66],"card_choices":[{"not_picked":["Poisoned Stab","Slice"],"picked":"Dash","floor":1},{"not_picked":["Choke","Bouncing Flask","Setup"],"picked":"SKIP","floor":4},{"not_picked":["Acrobatics","Sucker Punch"],"picked":"Flying Knee","floor":5},{"not_picked":["Finisher","Cloak And Dagger"],"picked":"Escape Plan","floor":7},{"not_picked":["Dagger Spray","Bane"],"picked":"Infinite Blades","floor":10},{"not_picked":["All Out Attack","Expertise"],"picked":"Die Die Die","floor":12},{"not_picked":["Blade Dance","Deadly Poison"],"picked":"Escape Plan","floor":13}],"player_experience":1906107,"relics_obtained":[{"floor":7,"key":"Bag of Preparation"},{"floor":9,"key":"Matryoshka"},{"floor":10,"key":"Mummified Hand"},{"floor":12,"key":"Mercury Hourglass"}],"event_choices":[{"cards_removed":["Strike_G"],"damage_healed":0,"gold_gain":0,"player_choice":"Offered Basic","damage_taken":0,"max_hp_gain":0,"max_hp_loss":0,"event_name":"Bonfire Elementals","floor":2,"gold_loss":0}],"is_beta":false,"boss_relics":[],"items_purged_floors":[],"is_endless":false,"potions_floor_spawned":[4,5,7,12],"killed_by":"Gremlin Nob","ascension_level":20}