{"gold_per_floor":[118,193,193,205,205,235,235,265,265,284,294,319,319,329,329,400,400,415,214,214,227,227,260,260,260],"floor_reached":25,"playtime":807,"items_purged":[],"score":508,"play_id":"7df2bb46-efe3-4ddb-903f-1465740cfcae","local_time":"20220904123933","is_ascension_mode":true,"campfire_choices":[{"data":"Sucker Punch","floor":7,"key":"SMITH"},{"floor":13,"key":"REST"},{"floor":15,"key":"REST"},{"floor":24,"key":"REST"}],"neow_cost":"NONE","seed_source_timestamp":584247673053100,"circlet_count":0,"master_deck":["AscendersBane","Strike_G","Strike_G","Strike_G","Strike_G","Strike_G","Defend_G","Defend_G","Defend_G","Defend_G","Defend_G","Survivor","Neutralize","Terror","Regret","Sucker Punch+1","All Out Attack","Tactician","Reflex","Underhanded Strike","Caltrops","Escape Plan","Shame","Heel Hook"],"relics":["Ring of the Snake","NeowsBlessing","Blue Candle","Eternal Feather","TungstenRod","Dream Catcher","Juzu Bracelet","Orichalcum","Black Star","ClockworkSouvenir","PreservedInsect","Shuriken","Frozen Egg 2"],"potions_floor_usage":[8,16,18,23,25],"damage_taken":[{"damage":0,"enemies":"Jaw Worm","floor":1,"turns":1},{"damage":0,"enemies":"Small Slimes","floor":4,"turns":1},{"damage":0,"enemies":"Lagavulin","floor":6,"turns":1},{"damage":56,"enemies":"3 Sentries","floor":8,"turns":19},{"damage":0,"enemies":"Cultist","floor":10,"turns":3},{"damage":0,"enemies":"2 Fungi Beasts","floor":11,"turns":3},{"damage":3,"enemies":"Blue Slaver","floor":14,"turns":3},{"damage":31,"enemies":"The Guardian","floor":16,"turns":14},{"damage":30,"enemies":"Spheric Guardian","floor":18,"turns":11},{"damage":10,"enemies":"3 Byrds","floor":21,"turns":3},{"damage":39,"enemies":"Book of Stabbing","floor":23,"turns":4},{"damage":61,"enemies":"Slavers","floor":25,"turns":4}],"seed_played":"6981325524676399656","potions_obtained":[{"floor":4,"key":"SteroidPotion"},{"floor":6,"key":"Swift Potion"},{"floor":10,"key":"SteroidPotion"},{"floor":14,"key":"Dexterity Potion"},{"floor":16,"key":"Ancient Potion"},{"floor":18,"key":"CultistPotion"}],"is_trial":false,"path_per_floor":["M","?","?","M","?","E","R","E","T","M","M","T","R","M","R","B",null,"M","$","?","M","?","E","R","E"],"character_chosen":"THE_SILENT","items_purchased":["ClockworkSouvenir","Caltrops"],"campfire_rested":3,"item_purchase_floors":[19,19],"current_hp_per_floor":[59,48,48,48,48,48,57,1,1,1,1,1,29,26,54,23,55,25,25,76,66,66,27,61,0],"gold":260,"neow_bonus":"THREE_ENEMY_KILL","is_prod":false,"is_daily":false,"chose_seed":false,"campfire_upgraded":1,"win_rate":0,"timestamp":1662287973,"path_taken":["M","?","?","?","?","E","R","E","T","M","M","?","R","M","R","BOSS","M","$","?","M","?","E","R","E"],"build_version":"2022-03-07","purchased_purges":0,"victory":false,"max_hp_per_floor":[66,66,66,66,66,66,66,66,66,66,66,66,66,66,66,66,66,66,66,76,76,76,76,76,76],"card_choices":[{"not_picked":["Underhanded Strike","Finisher"],"picked":"Terror","floor":1},{"not_picked":["Dagger Throw","Bane"],"picked":"Terror","floor":4},{"not_picked":["Setup","Deadly Poison"],"picked":"Sucker Punch","floor":6},{"not_picked":["Dodge and Roll","Blade Dance"],"picked":"All Out Attack","floor":8},{"not_picked":["Flying Knee","Poisoned Stab"],"picked":"Tactician","floor":10},{"not_picked":["Dagger Throw","Cloak And Dagger","Finisher"],"picked":"SKIP","floor":11},{"not_picked":["Predator","Calculated Gamble"],"picked":"Reflex","floor":13},{"not_picked":["Masterful Stab","Deflect","Backflip"],"picked":"SKIP","floor":14},{"not_picked":["Phantasmal Killer","Venomology"],"picked":"Doppelganger","floor":16},{"not_picked":["Dagger Throw","Reflex"],"picked":"Underhanded Strike","floor":18},{"not_picked":["Underhanded Strike","PiercingWail"],"picked":"Escape Plan","floor":21},{"not_picked":["Underhanded Strike","Slice+1","Poisoned Stab"],"picked":"SKIP","floor":23},{"not_picked":["Flying Knee","Calculated Gamble"],"picked":"Heel Hook","floor":24}],"player_experience":1903072,"relics_obtained":[{"floor":6,"key":"TungstenRod"},{"floor":8,"key":"Dream Catcher"},{"floor":9,"key":"Juzu Bracelet"},{"floor":12,"key":"Orichalcum"},{"floor":23,"key":"Shuriken"},{"floor":23,"key":"Frozen Egg 2"}],"event_choices":[{"damage_healed":0,"gold_gain":75,"player_choice":"Gather Gold","damage_taken":11,"max_hp_gain":0,"max_hp_loss":0,"event_name":"World of Goop","floor":2,"gold_loss":0},{"cards_removed":["Terror"],"damage_healed":0,"gold_gain":0,"player_choice":"Gave Card","damage_taken":0,"relics_obtained":["Blue Candle"],"max_hp_gain":0,"max_hp_loss":0,"event_name":"WeMeetAgain","floor":3,"gold_loss":0},{"damage_healed":0,"gold_gain":0,"player_choice":"Box","damage_taken":0,"relics_obtained":["Eternal Feather"],"max_hp_gain":0,"max_hp_loss":0,"event_name":"Big Fish","floor":5,"gold_loss":0,"cards_obtained":["Regret"]},{"cards_removed":["Doppelganger"],"damage_healed":41,"gold_gain":0,"player_choice":"Offered Rare","damage_taken":0,"max_hp_gain":10,"max_hp_loss":0,"event_name":"Bonfire Elementals","floor":20,"gold_loss":0},{"damage_healed":0,"gold_gain":0,"player_choice":"Stole Relic","damage_taken":0,"relics_obtained":["PreservedInsect"],"max_hp_gain":0,"max_hp_loss":0,"event_name":"Addict","floor":22,"gold_loss":0,"cards_obtained":["Shame"]}],"is_beta":false,"boss_relics":[{"not_picked":["Pandora\u0027s Box","Ectoplasm"],"picked":"Black Star"}],"items_purged_floors":[],"is_endless":false,"potions_floor_spawned":[4,6,10,14,16,18],"killed_by":"Slavers","ascension_level":20}