{"gold_per_floor":[113,113,188,202,223,259,9,9,32,53,53],"floor_reached":11,"playtime":219,"items_purged":["Injury"],"score":146,"play_id":"67e18ea7-515b-427a-b48b-372bcc3b3f3a","local_time":"20220909233009","is_ascension_mode":true,"campfire_choices":[{"floor":8,"key":"REST"}],"neow_cost":"NONE","seed_source_timestamp":396929677915500,"circlet_count":0,"master_deck":["AscendersBane","Strike_G","Strike_G","Strike_G","Strike_G","Strike_G","Defend_G","Defend_G","Defend_G","Defend_G","Defend_G","Survivor","Neutralize","Dodge and Roll","Noxious Fumes","Phantasmal Killer","Caltrops","Caltrops"],"relics":["Ring of the Snake","NeowsBlessing","Golden Idol","Anchor","Membership Card","PreservedInsect"],"potions_floor_usage":[6],"damage_taken":[{"damage":0,"enemies":"Cultist","floor":1,"turns":1},{"damage":0,"enemies":"2 Louse","floor":4,"turns":1},{"damage":0,"enemies":"Jaw Worm","floor":5,"turns":1},{"damage":40,"enemies":"Lagavulin","floor":6,"turns":13},{"damage":5,"enemies":"Looter","floor":10,"turns":4},{"damage":30,"enemies":"Gremlin Nob","floor":11,"turns":3}],"seed_played":"1063008603089762268","potions_obtained":[{"floor":1,"key":"Dexterity Potion"},{"floor":4,"key":"PowerPotion"}],"is_trial":false,"path_per_floor":["M","?","?","M","M","E","$","R","T","M","E"],"character_chosen":"THE_SILENT","items_purchased":["Membership Card","Caltrops"],"campfire_rested":1,"item_purchase_floors":[7,7],"current_hp_per_floor":[59,59,48,48,48,8,8,27,27,22,0],"gold":53,"neow_bonus":"THREE_ENEMY_KILL","is_prod":false,"is_daily":false,"chose_seed":false,"campfire_upgraded":0,"win_rate":0,"timestamp":1662759009,"path_taken":["M","?","?","?","M","E","$","R","T","M","E"],"build_version":"2022-03-07","purchased_purges":1,"victory":false,"max_hp_per_floor":[66,66,66,66,66,66,66,66,66,66,66],"card_choices":[{"not_picked":["Leg Sweep","Dash"],"picked":"Dodge and Roll","floor":1},{"not_picked":["Deflect","Endless Agony"],"picked":"Noxious Fumes","floor":4},{"not_picked":["Cloak And Dagger","Prepared","Dodge and Roll"],"picked":"SKIP","floor":5},{"not_picked":["Calculated Gamble","Setup"],"picked":"Phantasmal Killer","floor":6},{"not_picked":["Outmaneuver","Tactician"],"picked":"Caltrops","floor":10}],"player_experience":1906544,"relics_obtained":[{"floor":6,"key":"Anchor"},{"floor":9,"key":"PreservedInsect"}],"event_choices":[{"damage_healed":0,"gold_gain":0,"player_choice":"Take Wound","damage_taken":0,"relics_obtained":["Golden Idol"],"max_hp_gain":0,"max_hp_loss":0,"event_name":"Golden Idol","floor":2,"gold_loss":0,"cards_obtained":["Injury"]},{"damage_healed":0,"gold_gain":75,"player_choice":"Gather Gold","damage_taken":11,"max_hp_gain":0,"max_hp_loss":0,"event_name":"World of Goop","floor":3,"gold_loss":0}],"is_beta":false,"boss_relics":[],"items_purged_floors":[7],"is_endless":false,"potions_floor_spawned":[1,4],"killed_by":"Gremlin Nob","ascension_level":20}