{"gold_per_floor":[109,34,34,50,50,91,106,142,142,158,201,201,43,64,64,64],"floor_reached":16,"playtime":592,"items_purged":[],"score":290,"play_id":"25fa0845-9719-4709-8bf2-23fbd3847c2e","local_time":"20220924115652","is_ascension_mode":true,"campfire_choices":[{"floor":12,"key":"REST"},{"floor":15,"key":"REST"}],"neow_cost":"NONE","seed_source_timestamp":832528199735800,"circlet_count":0,"master_deck":["AscendersBane","Strike_G","Strike_G","Strike_G","Strike_G","Defend_G","Defend_G","Defend_G","Defend_G","Defend_G","Survivor","Neutralize","Acrobatics","Injury","Terror","PiercingWail","Backstab","Heel Hook","Heel Hook","Backflip"],"relics":["Ring of the Snake","NeowsBlessing","Golden Idol","White Beast Statue","Gambling Chip","Happy Flower","Paper Crane","Potion Belt","Regal Pillow"],"potions_floor_usage":[7,8,11,11,14,16],"damage_taken":[{"damage":0,"enemies":"2 Louse","floor":1,"turns":1},{"damage":0,"enemies":"Small Slimes","floor":4,"turns":1},{"damage":0,"enemies":"Lagavulin","floor":6,"turns":1},{"damage":14,"enemies":"Jaw Worm","floor":7,"turns":7},{"damage":8,"enemies":"Gremlin Nob","floor":8,"turns":3},{"damage":0,"enemies":"3 Louse","floor":10,"turns":6},{"damage":14,"enemies":"Lagavulin","floor":11,"turns":9},{"damage":17,"enemies":"Large Slime","floor":14,"turns":9},{"damage":49,"enemies":"The Guardian","floor":16,"turns":8}],"seed_played":"-6691010005430314251","potions_obtained":[{"floor":1,"key":"Swift Potion"},{"floor":6,"key":"SteroidPotion"},{"floor":7,"key":"SkillPotion"},{"floor":8,"key":"SkillPotion"},{"floor":10,"key":"AttackPotion"},{"floor":11,"key":"GamblersBrew"},{"floor":14,"key":"SpeedPotion"}],"is_trial":false,"path_per_floor":["M","?","?","M","?","E","M","E","T","M","E","R","$","M","R","B"],"character_chosen":"THE_SILENT","items_purchased":["Regal Pillow"],"campfire_rested":2,"item_purchase_floors":[13],"current_hp_per_floor":[59,59,59,59,41,41,27,19,19,19,5,24,24,7,41,0],"gold":64,"neow_bonus":"THREE_ENEMY_KILL","is_prod":false,"is_daily":false,"chose_seed":false,"campfire_upgraded":0,"win_rate":0,"timestamp":1664013412,"path_taken":["M","?","?","M","?","E","M","E","T","M","E","R","$","M","R","BOSS"],"build_version":"2022-03-07","purchased_purges":0,"victory":false,"max_hp_per_floor":[66,66,66,66,66,66,66,66,66,66,66,66,66,66,66,66],"card_choices":[{"not_picked":["Concentrate","Endless Agony"],"picked":"Acrobatics","floor":1},{"not_picked":["Masterful Stab","Cloak And Dagger"],"picked":"Terror","floor":4},{"not_picked":["Deflect","Wraith Form v2"],"picked":"PiercingWail","floor":6},{"not_picked":["Concentrate","Dagger Spray"],"picked":"Backstab","floor":7},{"not_picked":["Setup","Flechettes"],"picked":"Heel Hook","floor":8},{"not_picked":["Quick Slash","Reflex"],"picked":"Heel Hook","floor":10},{"not_picked":["Prepared","Bane","Poisoned Stab"],"picked":"SKIP","floor":11},{"not_picked":["Wraith Form v2","Quick Slash"],"picked":"Backflip","floor":14}],"player_experience":1916921,"relics_obtained":[{"floor":6,"key":"Gambling Chip"},{"floor":8,"key":"Happy Flower"},{"floor":9,"key":"Paper Crane"},{"floor":11,"key":"Potion Belt"}],"event_choices":[{"cards_removed":["Strike_G"],"damage_healed":0,"gold_gain":0,"player_choice":"Card Removal","damage_taken":0,"max_hp_gain":0,"max_hp_loss":0,"event_name":"The Cleric","floor":2,"gold_loss":75},{"damage_healed":0,"gold_gain":0,"player_choice":"Take Wound","damage_taken":0,"relics_obtained":["Golden Idol"],"max_hp_gain":0,"max_hp_loss":0,"event_name":"Golden Idol","floor":3,"gold_loss":0,"cards_obtained":["Injury"]},{"damage_healed":0,"gold_gain":0,"player_choice":"Success","damage_taken":18,"relics_obtained":["White Beast Statue"],"max_hp_gain":0,"max_hp_loss":0,"event_name":"Scrap Ooze","floor":5,"gold_loss":0}],"is_beta":false,"boss_relics":[],"items_purged_floors":[],"is_endless":false,"potions_floor_spawned":[1,6,7,8,10,11,14],"killed_by":"The Guardian","ascension_level":20}