{"gold_per_floor":[367,384,384,72,86,86,117,117,117,117],"floor_reached":10,"playtime":351,"items_purged":["Decay"],"score":132,"play_id":"e61fc8f7-cc96-4bbb-b34b-e7d4d1f34075","local_time":"20220924114652","is_ascension_mode":true,"campfire_choices":[{"data":"Apotheosis","floor":6,"key":"SMITH"},{"floor":8,"key":"DIG"}],"neow_cost":"CURSE","seed_source_timestamp":832169162947900,"circlet_count":0,"master_deck":["AscendersBane","Strike_G","Strike_G","Strike_G","Strike_G","Strike_G","Defend_G","Defend_G","Defend_G","Defend_G","Defend_G","Survivor","Neutralize","Flechettes","Dodge and Roll","Apotheosis+1","Footwork","Predator"],"relics":["Ring of the Snake","Shovel","Sundial","The Courier"],"potions_floor_usage":[2,5,7,7,10],"damage_taken":[{"damage":15,"enemies":"Jaw Worm","floor":1,"turns":7},{"damage":1,"enemies":"Cultist","floor":2,"turns":4},{"damage":4,"enemies":"2 Louse","floor":5,"turns":2},{"damage":15,"enemies":"Lagavulin","floor":7,"turns":9},{"damage":56,"enemies":"Gremlin Nob","floor":10,"turns":4}],"seed_played":"8306790573247955383","potions_obtained":[{"floor":1,"key":"Explosive Potion"},{"floor":3,"key":"EntropicBrew"},{"floor":3,"key":"Explosive Potion"},{"floor":5,"key":"Swift Potion"}],"is_trial":false,"path_per_floor":["M","M","?","$","M","R","E","R","T","E"],"character_chosen":"THE_SILENT","items_purchased":["Apotheosis","Footwork"],"campfire_rested":0,"item_purchase_floors":[4,4],"current_hp_per_floor":[44,43,43,43,39,39,24,24,24,0],"gold":117,"neow_bonus":"TWO_FIFTY_GOLD","is_prod":false,"is_daily":false,"chose_seed":false,"campfire_upgraded":1,"win_rate":0,"timestamp":1664012812,"path_taken":["M","M","?","$","M","R","E","R","T","E"],"build_version":"2022-03-07","purchased_purges":1,"victory":false,"max_hp_per_floor":[66,66,66,66,66,66,66,66,66,66],"card_choices":[{"not_picked":["Bane","Underhanded Strike"],"picked":"Flechettes","floor":1},{"not_picked":["Skewer","Sucker Punch"],"picked":"Dodge and Roll","floor":2},{"not_picked":["Deadly Poison","Bane"],"picked":"Predator","floor":5},{"not_picked":["Poisoned Stab","Reflex","Accuracy"],"picked":"SKIP","floor":7}],"player_experience":1916570,"relics_obtained":[{"floor":7,"key":"Shovel"},{"floor":8,"key":"Sundial"},{"floor":9,"key":"The Courier"}],"event_choices":[{"damage_healed":0,"gold_gain":0,"player_choice":"Got Potions","damage_taken":0,"max_hp_gain":0,"max_hp_loss":0,"event_name":"Lab","floor":3,"gold_loss":0}],"is_beta":false,"boss_relics":[],"items_purged_floors":[4],"is_endless":false,"potions_floor_spawned":[1,5],"killed_by":"Gremlin Nob","ascension_level":20}