{"gold_per_floor":[116,126,126,126,36,64,64,93,144,144,154,114,143,143,143,143],"floor_reached":16,"playtime":450,"items_purged":[],"score":282,"play_id":"f7e280bd-2652-4334-9aea-6e98012dca2c","local_time":"20220924114054","is_ascension_mode":true,"campfire_choices":[{"data":"Bandage Up","floor":7,"key":"SMITH"},{"floor":15,"key":"REST"}],"neow_cost":"NONE","seed_source_timestamp":831711285245600,"circlet_count":0,"master_deck":["AscendersBane","Strike_G","Strike_G","Strike_G","Strike_G","Strike_G","Defend_G","Defend_G+1","Defend_G","Defend_G+1","Defend_G","Survivor","Neutralize","Skewer+1","PiercingWail+1","Bandage Up+1","Backflip","Deflect"],"relics":["Ring of the Snake","NeowsBlessing","Strawberry","White Beast Statue","CeramicFish","Gambling Chip"],"potions_floor_usage":[12,13,13],"damage_taken":[{"damage":0,"enemies":"Small Slimes","floor":1,"turns":1},{"damage":0,"enemies":"2 Louse","floor":2,"turns":1},{"damage":0,"enemies":"3 Sentries","floor":6,"turns":1},{"damage":55,"enemies":"Gremlin Nob","floor":8,"turns":5},{"damage":0,"enemies":"Cultist","floor":11,"turns":3},{"damage":1,"enemies":"Looter","floor":12,"turns":4},{"damage":17,"enemies":"3 Sentries","floor":13,"turns":11},{"damage":38,"enemies":"Slime Boss","floor":16,"turns":8}],"seed_played":"4070841397102662102","potions_obtained":[{"floor":1,"key":"LiquidBronze"},{"floor":2,"key":"Dexterity Potion"},{"floor":8,"key":"PowerPotion"},{"floor":12,"key":"Energy Potion"},{"floor":13,"key":"LiquidBronze"}],"is_trial":false,"path_per_floor":["M","M","?","?","$","E","R","E","T","?","M","M","E","?","R","B"],"character_chosen":"THE_SILENT","items_purchased":["Bandage Up"],"campfire_rested":1,"item_purchase_floors":[5],"current_hp_per_floor":[59,59,59,39,39,50,50,1,1,1,7,12,1,1,22,0],"gold":143,"neow_bonus":"THREE_ENEMY_KILL","is_prod":false,"is_daily":false,"chose_seed":false,"campfire_upgraded":1,"win_rate":0,"timestamp":1664012454,"path_taken":["M","M","?","?","$","E","R","E","T","?","M","?","E","?","R","BOSS"],"build_version":"2022-03-07","purchased_purges":0,"victory":false,"max_hp_per_floor":[66,66,66,66,66,73,73,73,73,73,73,73,73,73,73,73],"card_choices":[{"not_picked":["Underhanded Strike","Slice"],"picked":"Skewer","floor":1},{"not_picked":["Quick Slash","Skewer"],"picked":"PiercingWail","floor":2},{"not_picked":["Blur","Calculated Gamble"],"picked":"Backflip","floor":6},{"not_picked":["Eviscerate","Backstab"],"picked":"Deflect","floor":8},{"not_picked":["Endless Agony","Acrobatics","Sucker Punch"],"picked":"SKIP","floor":11},{"not_picked":["Wraith Form v2","Underhanded Strike","Quick Slash"],"picked":"SKIP","floor":12},{"not_picked":["Endless Agony","Dagger Throw","Slice"],"picked":"SKIP","floor":13}],"player_experience":1916120,"relics_obtained":[{"floor":6,"key":"Strawberry"},{"floor":8,"key":"White Beast Statue"},{"floor":9,"key":"CeramicFish"},{"floor":13,"key":"Gambling Chip"}],"event_choices":[{"damage_healed":0,"gold_gain":0,"player_choice":"Grow","damage_taken":0,"max_hp_gain":0,"max_hp_loss":0,"event_name":"Living Wall","floor":3,"gold_loss":0,"cards_upgraded":["Skewer"]},{"damage_healed":0,"gold_gain":0,"player_choice":"Entered Light","damage_taken":20,"max_hp_gain":0,"max_hp_loss":0,"event_name":"Shining Light","floor":4,"gold_loss":0,"cards_upgraded":["Defend_G","Defend_G"]},{"damage_healed":0,"gold_gain":0,"player_choice":"0 cards matched","damage_taken":0,"max_hp_gain":0,"max_hp_loss":0,"event_name":"Match and Keep!","floor":10,"gold_loss":0,"cards_obtained":[]},{"damage_healed":0,"gold_gain":0,"player_choice":"Upgraded","damage_taken":0,"max_hp_gain":0,"max_hp_loss":0,"event_name":"Upgrade Shrine","floor":14,"gold_loss":0,"cards_upgraded":["PiercingWail"]}],"is_beta":false,"boss_relics":[],"items_purged_floors":[],"is_endless":false,"potions_floor_spawned":[1,2,8,11,12,13],"killed_by":"Slime Boss","ascension_level":20}