{"gold_per_floor":[111,111,27,27,27,57,76,76,76,110,35,35,35,56,56,56],"floor_reached":16,"playtime":328,"items_purged":[],"score":282,"play_id":"f679f89e-64e5-4883-b4d1-5dbd2842fea8","local_time":"20221119214242","is_ascension_mode":true,"campfire_choices":[{"data":"Accuracy","floor":15,"key":"SMITH"}],"neow_cost":"NONE","seed_source_timestamp":563347128006100,"circlet_count":0,"master_deck":["AscendersBane","Strike_G","Strike_G","Strike_G","Strike_G","Defend_G","Defend_G","Defend_G","Defend_G","Defend_G","Survivor","Neutralize","Dagger Spray","Blade Dance","Venomology","Accuracy+1","Injury","Blade Dance"],"relics":["Ring of the Snake","NeowsBlessing","Ninja Scroll","Bag of Preparation","Golden Idol","Toy Ornithopter","MealTicket"],"potions_floor_usage":[10,12,16,16,16],"damage_taken":[{"damage":0,"enemies":"2 Louse","floor":1,"turns":1},{"damage":0,"enemies":"Lagavulin","floor":6,"turns":1},{"damage":0,"enemies":"Cultist","floor":7,"turns":1},{"damage":32,"enemies":"Gremlin Nob","floor":10,"turns":4},{"damage":28,"enemies":"3 Sentries","floor":12,"turns":5},{"damage":0,"enemies":"Small Slimes","floor":14,"turns":1},{"damage":28,"enemies":"Hexaghost","floor":16,"turns":9}],"seed_played":"333386130480495007","potions_obtained":[{"floor":1,"key":"SmokeBomb"},{"floor":6,"key":"Energy Potion"},{"floor":14,"key":"Poison Potion"}],"is_trial":false,"path_per_floor":["M","?","$","?","$","E","M","?","T","E","?","E","?","M","R","B"],"character_chosen":"THE_SILENT","items_purchased":["Venomology"],"campfire_rested":0,"item_purchase_floors":[3],"current_hp_per_floor":[59,59,59,59,59,59,59,59,59,32,32,9,9,9,9,0],"gold":56,"neow_bonus":"THREE_ENEMY_KILL","is_prod":false,"is_daily":false,"chose_seed":false,"campfire_upgraded":1,"win_rate":0,"timestamp":1668890562,"path_taken":["M","?","$","?","$","E","M","?","T","E","?","E","?","M","R","BOSS"],"build_version":"2022-10-04","purchased_purges":0,"victory":false,"max_hp_per_floor":[66,66,66,66,66,66,66,66,66,66,66,66,66,66,66,66],"card_choices":[{"not_picked":["Flying Knee","PiercingWail"],"picked":"Dagger Spray","floor":1},{"not_picked":["Sucker Punch","Outmaneuver"],"picked":"Accuracy","floor":6},{"not_picked":["Dagger Spray","Caltrops","Bullet Time"],"picked":"SKIP","floor":7},{"not_picked":["Bullet Time","Dodge and Roll","Outmaneuver"],"picked":"SKIP","floor":10},{"not_picked":["Setup","Well Laid Plans"],"picked":"Blade Dance","floor":14}],"player_experience":1951643,"relics_obtained":[{"floor":6,"key":"Bag of Preparation"},{"floor":9,"key":"Toy Ornithopter"},{"floor":10,"key":"MealTicket"}],"event_choices":[{"damage_healed":0,"gold_gain":0,"cards_transformed":["Strike_G"],"player_choice":"Transformed","damage_taken":0,"max_hp_gain":0,"max_hp_loss":0,"event_name":"Transmorgrifier","floor":2,"gold_loss":0,"cards_obtained":["Blade Dance"]},{"damage_healed":0,"gold_gain":0,"player_choice":"Box","damage_taken":0,"relics_obtained":["Ninja Scroll"],"max_hp_gain":0,"max_hp_loss":0,"event_name":"Big Fish","floor":4,"gold_loss":0,"cards_obtained":["Regret"]},{"damage_healed":0,"gold_gain":0,"player_choice":"Take Wound","damage_taken":0,"relics_obtained":["Golden Idol"],"max_hp_gain":0,"max_hp_loss":0,"event_name":"Golden Idol","floor":8,"gold_loss":0,"cards_obtained":["Injury"]},{"cards_removed":["Regret"],"damage_healed":0,"gold_gain":0,"player_choice":"Card Removal","damage_taken":0,"max_hp_gain":0,"max_hp_loss":0,"event_name":"The Cleric","floor":11,"gold_loss":75},{"damage_healed":0,"gold_gain":0,"player_choice":"Ignored","damage_taken":0,"max_hp_gain":0,"max_hp_loss":0,"event_name":"Liars Game","floor":13,"gold_loss":0}],"is_beta":false,"boss_relics":[],"items_purged_floors":[],"is_endless":false,"potions_floor_spawned":[1,6,7,14],"killed_by":"Hexaghost","ascension_level":20}