{"gold_per_floor":[118,118,43,53,63,63,90,90,117,117,130,30,56,73,73,149,149,168,168,180,192,205,205],"floor_reached":23,"playtime":947,"items_purged":["Strike_G","Strike_G"],"score":406,"play_id":"92bd404a-dc8e-4769-b65e-33927d4be1cd","local_time":"20221120121108","is_ascension_mode":true,"campfire_choices":[{"data":"Deadly Poison","floor":6.0,"key":"SMITH"},{"floor":8,"key":"REST"},{"floor":15,"key":"REST"}],"neow_cost":"NONE","seed_source_timestamp":6953948250600,"circlet_count":0,"master_deck":["AscendersBane","Strike_G","Strike_G","Defend_G","Defend_G","Defend_G","Defend_G","Defend_G","Survivor","Neutralize","Corpse Explosion","Deadly Poison+1","PiercingWail","Burst","Poisoned Stab","Deadly Poison","Bullet Time","Neutralize","Adrenaline","Bouncing Flask"],"special_seed":0,"relics":["Ring of the Serpent","Blood Vial","Pen Nib","Lizard Tail"],"potions_floor_usage":[13,16,16,21,22],"damage_taken":[{"damage":11.0,"enemies":"Jaw Worm","floor":1.0,"turns":7.0},{"damage":3.0,"enemies":"Small Slimes","floor":4.0,"turns":4.0},{"damage":0.0,"enemies":"Cultist","floor":5.0,"turns":4.0},{"damage":15.0,"enemies":"3 Sentries","floor":7.0,"turns":5.0},{"damage":8,"enemies":"Red Slaver","floor":11,"turns":4},{"damage":8,"enemies":"Lagavulin","floor":13,"turns":5},{"damage":3,"enemies":"Exordium Thugs","floor":14,"turns":3},{"damage":19,"enemies":"The Guardian","floor":16,"turns":8},{"damage":4,"enemies":"Spheric Guardian","floor":18,"turns":4},{"damage":38,"enemies":"Shell Parasite","floor":20,"turns":6},{"damage":7,"enemies":"Centurion and Healer","floor":21,"turns":4},{"damage":20,"enemies":"3 Cultists","floor":22,"turns":4},{"damage":40,"enemies":"Book of Stabbing","floor":23,"turns":4}],"seed_played":"5856321589680118335","potions_obtained":[{"floor":1.0,"key":"Poison Potion"},{"floor":13,"key":"PowerPotion"},{"floor":14,"key":"Regen Potion"},{"floor":20,"key":"Explosive Potion"},{"floor":21,"key":"SteroidPotion"}],"is_trial":false,"path_per_floor":["M","?","$","M","M","R","E","R","T","?","M","$","E","M","R","B",null,"M","?","M","M","M","E"],"character_chosen":"THE_SILENT","items_purchased":[],"campfire_rested":2,"item_purchase_floors":[],"current_hp_per_floor":[48,41,41,38,38,38,23,42,42,33,27,27,21,20,39,37,59,57,57,21,16,33,0],"gold":205,"neow_bonus":"ONE_RANDOM_RARE_CARD","is_prod":false,"is_daily":false,"chose_seed":false,"campfire_upgraded":1,"win_rate":0,"timestamp":1668942668,"path_taken":["M","?","$","M","M","R","E","R","T","?","?","?","E","M","R","BOSS","M","?","?","M","M","E"],"build_version":"2022-10-04","purchased_purges":2,"victory":false,"max_hp_per_floor":[66,66,66,66,66,66,66,66,66,66,66,66,66,66,66,66,66,66,66,66,66,66,66],"card_choices":[{"not_picked":["Backflip","Expertise"],"picked":"Deadly Poison","floor":1.0},{"not_picked":["Dagger Spray","Deflect","Slice"],"picked":"SKIP","floor":4.0},{"not_picked":["Expertise","Blade Dance"],"picked":"PiercingWail","floor":5.0},{"not_picked":["Malaise","Slice"],"picked":"Burst","floor":7},{"not_picked":["Deflect","Slice"],"picked":"Poisoned Stab","floor":11},{"not_picked":["Predator","Slice"],"picked":"Deadly Poison","floor":13},{"not_picked":["Dagger Spray","Cloak And Dagger","Deflect"],"picked":"SKIP","floor":14},{"not_picked":["Envenom","Phantasmal Killer"],"picked":"Bullet Time","floor":16},{"not_picked":["Outmaneuver","PiercingWail+1","Setup"],"picked":"SKIP","floor":18},{"not_picked":["Eviscerate","Deflect","Underhanded Strike"],"picked":"SKIP","floor":20},{"not_picked":["Sucker Punch","Acrobatics","Endless Agony"],"picked":"SKIP","floor":21},{"not_picked":["Slice","Backflip"],"picked":"Bouncing Flask","floor":22}],"player_experience":1956501,"relics_obtained":[{"floor":7,"key":"Blood Vial"},{"floor":9,"key":"Pen Nib"},{"floor":13,"key":"Lizard Tail"}],"event_choices":[{"cards_removed":["Strike_G"],"damage_healed":0.0,"max_hp_gain":0.0,"max_hp_loss":0.0,"gold_gain":0.0,"event_name":"Golden Wing","player_choice":"Card Removal","floor":2.0,"gold_loss":0.0,"damage_taken":7.0},{"damage_healed":0,"gold_gain":0,"player_choice":"Damaged","damage_taken":9,"max_hp_gain":0,"max_hp_loss":0,"event_name":"Wheel of Change","floor":10,"gold_loss":0},{"damage_healed":0,"gold_gain":0,"player_choice":"2 cards matched","damage_taken":0,"max_hp_gain":0,"max_hp_loss":0,"event_name":"Match and Keep!","floor":19,"gold_loss":0,"cards_obtained":["Neutralize","Adrenaline"]}],"is_beta":false,"boss_relics":[{"not_picked":["Empty Cage","Coffee Dripper"],"picked":"Ring of the Serpent"}],"items_purged_floors":[3,12],"is_endless":false,"potions_floor_spawned":[1,13,14,20,21],"killed_by":"Book of Stabbing","ascension_level":20}