{"gold_per_floor":[115,85,10,29,44,71,71,71,96,115,140,140,169,179,179,258,258,271,271,271,302,322,349,349,378,460,474,494,523,523,558,558,637,637,651,666,666,666,247,247,247],"floor_reached":41,"playtime":1466,"items_purged":["Regret","Writhe"],"score":1074,"play_id":"8af09b85-39df-4f60-8415-e0aa0382027e","local_time":"20221119221647","is_ascension_mode":true,"campfire_choices":[{"floor":8,"key":"REST"},{"data":"Glass Knife","floor":15,"key":"SMITH"},{"data":"Malaise","floor":24,"key":"SMITH"},{"floor":30,"key":"REST"},{"floor":32,"key":"REST"},{"data":"Footwork","floor":40,"key":"SMITH"}],"neow_cost":"CURSE","seed_source_timestamp":564253170527900,"circlet_count":0,"master_deck":["AscendersBane","Strike_G","Strike_G","Strike_G","Defend_G","Defend_G","Defend_G","Defend_G","Defend_G","Survivor","Neutralize","Glass Knife+1","Backstab","Bouncing Flask","Corpse Explosion","Tactician","Deadly Poison","Blur","Crippling Poison","Malaise+1","Footwork+1","Poisoned Stab","Bullet Time","Envenom","Bullet Time","Heel Hook+1"],"relics":["Ring of the Snake","Ancient Tea Set","Bag of Preparation","FossilizedHelix","Meat on the Bone","Runic Pyramid","Red Mask","Oddly Smooth Stone","HornCleat","Molten Egg 2","Bronze Scales","Vajra","Black Star","HandDrill"],"potions_floor_usage":[6,11,13,18,22,25,33,35,41],"damage_taken":[{"damage":16,"enemies":"Jaw Worm","floor":1,"turns":3},{"damage":0,"enemies":"Cultist","floor":4,"turns":3},{"damage":0,"enemies":"2 Louse","floor":5,"turns":2},{"damage":32,"enemies":"3 Sentries","floor":6,"turns":14},{"damage":0,"enemies":"Blue Slaver","floor":10,"turns":2},{"damage":25,"enemies":"Lagavulin","floor":11,"turns":7},{"damage":0,"enemies":"Gremlin Nob","floor":13,"turns":3},{"damage":0,"enemies":"Looter","floor":14,"turns":3},{"damage":3,"enemies":"The Guardian","floor":16,"turns":8},{"damage":0,"enemies":"2 Thieves","floor":18,"turns":1},{"damage":30,"enemies":"Masked Bandits","floor":21,"turns":4},{"damage":0,"enemies":"3 Byrds","floor":22,"turns":2},{"damage":0,"enemies":"Slavers","floor":23,"turns":2},{"damage":11,"enemies":"Book of Stabbing","floor":25,"turns":6},{"damage":0,"enemies":"3 Cultists","floor":27,"turns":3},{"damage":12,"enemies":"Snake Plant","floor":28,"turns":3},{"damage":34,"enemies":"Slavers","floor":29,"turns":4},{"damage":12,"enemies":"Gremlin Leader","floor":31,"turns":6},{"damage":55,"enemies":"Automaton","floor":33,"turns":13},{"damage":0,"enemies":"3 Shapes","floor":35,"turns":3},{"damage":0,"enemies":"Orb Walker","floor":36,"turns":4},{"damage":78,"enemies":"Giant Head","floor":41,"turns":9}],"seed_played":"7428891701951514","potions_obtained":[{"floor":2,"key":"Swift Potion"},{"floor":2,"key":"Energy Potion"},{"floor":4,"key":"CultistPotion"},{"floor":6,"key":"LiquidBronze"},{"floor":11,"key":"CunningPotion"},{"floor":14,"key":"Explosive Potion"},{"floor":18,"key":"Swift Potion"},{"floor":23,"key":"FearPotion"},{"floor":31,"key":"Block Potion"},{"floor":33,"key":"BlessingOfTheForge"}],"is_trial":false,"path_per_floor":["M","?","$","M","M","E","$","R","T","M","E","?","E","M","R","B",null,"M","?","?","?","M","E","R","E","T","M","M","E","R","E","R","B",null,"M","M","?","?","$","R","E"],"character_chosen":"THE_SILENT","items_purchased":["HandDrill","Heel Hook+1","CultistPotion"],"campfire_rested":3,"item_purchase_floors":[39,39,39],"current_hp_per_floor":[43,43,43,43,43,11,11,30,30,30,5,21,21,33,33,42,60,60,60,60,42,42,42,42,43,43,43,43,21,39,39,57,14,51,51,51,63,63,63,63,0],"gold":247,"neow_bonus":"THREE_RARE_CARDS","is_prod":false,"is_daily":false,"chose_seed":false,"campfire_upgraded":3,"win_rate":0,"timestamp":1668892607,"path_taken":["M","?","$","M","M","E","$","R","T","?","E","?","E","M","R","BOSS","M","?","?","?","M","E","R","E","T","M","M","E","R","E","R","BOSS","M","M","?","?","$","R","E"],"build_version":"2022-10-04","purchased_purges":2,"victory":false,"max_hp_per_floor":[66,66,66,66,66,66,66,66,66,66,66,66,66,66,66,66,66,66,66,63,63,63,63,63,63,63,63,63,63,63,63,63,63,63,63,63,63,63,63,63,63],"card_choices":[{"not_picked":["Venomology","Bullet Time"],"picked":"Glass Knife","floor":0},{"not_picked":["Choke","Poisoned Stab"],"picked":"Backstab","floor":1},{"not_picked":["Choke","Outmaneuver","Flying Knee"],"picked":"SKIP","floor":4},{"not_picked":["Prepared","Choke"],"picked":"Bouncing Flask","floor":5},{"not_picked":["Distraction","Caltrops"],"picked":"Corpse Explosion","floor":6},{"not_picked":["Underhanded Strike","Blade Dance"],"picked":"Tactician","floor":10},{"not_picked":["Deflect","Cloak And Dagger"],"picked":"Deadly Poison","floor":11},{"not_picked":["Backflip","Cloak And Dagger"],"picked":"Blur","floor":13},{"not_picked":["Prepared","Heel Hook"],"picked":"Crippling Poison","floor":14},{"not_picked":["Bullet Time","Corpse Explosion"],"picked":"Malaise","floor":16},{"not_picked":["Heel Hook","Deadly Poison"],"picked":"Footwork","floor":18},{"not_picked":["Dagger Throw","Leg Sweep","Dodge and Roll"],"picked":"SKIP","floor":22},{"not_picked":["Skewer+1","Finisher+1","Deadly Poison"],"picked":"SKIP","floor":23},{"not_picked":["Sucker Punch","Slice","Calculated Gamble"],"picked":"SKIP","floor":25},{"not_picked":["Choke+1","Caltrops","Infinite Blades"],"picked":"SKIP","floor":27},{"not_picked":["Backflip","Underhanded Strike+1","Deflect"],"picked":"SKIP","floor":28},{"not_picked":["Dagger Throw+1","Dagger Spray+1"],"picked":"Envenom","floor":29},{"not_picked":["Flying Knee+1","Poisoned Stab+1","Setup"],"picked":"SKIP","floor":31},{"not_picked":["Storm of Steel","Die Die Die+1"],"picked":"Bullet Time","floor":33},{"not_picked":["Bane+1","Crippling Poison+1","Calculated Gamble"],"picked":"SKIP","floor":35},{"not_picked":["Blade Dance","Sucker Punch+1","Poisoned Stab+1"],"picked":"SKIP","floor":36}],"player_experience":1952496,"relics_obtained":[{"floor":6,"key":"Ancient Tea Set"},{"floor":9,"key":"Bag of Preparation"},{"floor":11,"key":"FossilizedHelix"},{"floor":13,"key":"Meat on the Bone"},{"floor":21,"key":"Red Mask"},{"floor":23,"key":"Oddly Smooth Stone"},{"floor":25,"key":"HornCleat"},{"floor":26,"key":"Molten Egg 2"},{"floor":29,"key":"Bronze Scales"},{"floor":31,"key":"Vajra"}],"event_choices":[{"damage_healed":0,"gold_gain":0,"player_choice":"Bought 2 Potions","damage_taken":0,"max_hp_gain":0,"max_hp_loss":0,"event_name":"The Woman in Blue","floor":2,"gold_loss":0},{"damage_healed":16,"gold_gain":0,"player_choice":"Healed and dodged fight","damage_taken":0,"max_hp_gain":0,"max_hp_loss":0,"event_name":"Mushrooms","floor":12,"gold_loss":0,"cards_obtained":["Parasite"]},{"damage_healed":0,"gold_gain":0,"cards_transformed":["Strike_G","Strike_G"],"player_choice":"Became Test Subject","damage_taken":0,"max_hp_gain":0,"max_hp_loss":0,"event_name":"Drug Dealer","floor":19,"gold_loss":0,"cards_obtained":["Poisoned Stab","Bullet Time"]},{"cards_removed":["Parasite"],"damage_healed":0,"gold_gain":0,"player_choice":"Elegance","damage_taken":0,"max_hp_gain":0,"max_hp_loss":0,"event_name":"Back to Basics","floor":20,"gold_loss":0},{"damage_healed":0,"gold_gain":0,"player_choice":"Fought Bandits","damage_taken":0,"max_hp_gain":0,"max_hp_loss":0,"event_name":"Masked Bandits","floor":21,"gold_loss":0},{"damage_healed":13,"gold_gain":0,"player_choice":"Writhe","damage_taken":0,"max_hp_gain":0,"max_hp_loss":0,"event_name":"Winding Halls","floor":37,"gold_loss":0,"cards_obtained":["Writhe"]},{"damage_healed":0,"gold_gain":0,"player_choice":"Ignored","damage_taken":0,"max_hp_gain":0,"max_hp_loss":0,"event_name":"SecretPortal","floor":38,"gold_loss":0}],"is_beta":false,"boss_relics":[{"not_picked":["Cursed Key","Fusion Hammer"],"picked":"Runic Pyramid"},{"not_picked":["Busted Crown","Runic Dome"],"picked":"Black Star"}],"items_purged_floors":[3,39],"is_endless":false,"potions_floor_spawned":[4,6,10,11,14,16,18,23,31,33],"killed_by":"Giant Head","ascension_level":20}