{"gold_per_floor":[115,133,113,124,140,165,165,200,226,226,254,271,14,91,91,164,164,184,22,0,17,17,17,17],"floor_reached":24,"playtime":749,"items_purged":["Strike_G"],"score":428,"play_id":"19c638a2-5b8d-4bb2-a23a-b262f5117ae5","local_time":"20221120112643","is_ascension_mode":true,"campfire_choices":[{"floor":7,"key":"REST"},{"floor":10,"key":"REST"},{"floor":15,"key":"REST"},{"floor":23,"key":"REST"}],"neow_cost":"NONE","seed_source_timestamp":4504153641400,"circlet_count":0,"master_deck":["AscendersBane","Strike_G","Strike_G","Strike_G","Strike_G","Defend_G","Defend_G","Defend_G","Defend_G","Defend_G","Survivor","Neutralize","Dagger Throw","Footwork","Heel Hook","All Out Attack","Dodge and Roll","A Thousand Cuts","Flying Knee","Mayhem","Storm of Steel","Backflip"],"relics":["Ring of the Snake","NeowsBlessing","Bag of Marbles","Omamori","Anchor","Toy Ornithopter","Busted Crown","Pen Nib"],"potions_floor_usage":[6,8,11,16,18,22,24],"damage_taken":[{"damage":0,"enemies":"Jaw Worm","floor":1,"turns":1},{"damage":0,"enemies":"Cultist","floor":2,"turns":1},{"damage":0,"enemies":"2 Louse","floor":4,"turns":1},{"damage":0,"enemies":"Blue Slaver","floor":5,"turns":6},{"damage":49,"enemies":"Lagavulin","floor":6,"turns":12},{"damage":14,"enemies":"3 Sentries","floor":8,"turns":11},{"damage":20,"enemies":"Gremlin Nob","floor":11,"turns":4},{"damage":4,"enemies":"Looter","floor":12,"turns":3},{"damage":24,"enemies":"The Guardian","floor":16,"turns":13},{"damage":14,"enemies":"3 Byrds","floor":18,"turns":5},{"damage":39,"enemies":"Spheric Guardian","floor":21,"turns":6},{"damage":51,"enemies":"Slavers","floor":24,"turns":4}],"seed_played":"-4467955354998140900","potions_obtained":[{"floor":1,"key":"EssenceOfSteel"},{"floor":3,"key":"GamblersBrew"},{"floor":4,"key":"Poison Potion"},{"floor":8,"key":"Fire Potion"},{"floor":12,"key":"GamblersBrew"},{"floor":16,"key":"Fire Potion"},{"floor":18,"key":"Strength Potion"},{"floor":22,"key":"Fruit Juice"},{"floor":22,"key":"CultistPotion"}],"is_trial":false,"path_per_floor":["M","M","?","M","M","E","R","E","T","R","E","M","$","?","R","B",null,"M","$","?","M","?","R","E"],"character_chosen":"THE_SILENT","items_purchased":["Mayhem","Pen Nib"],"campfire_rested":4,"item_purchase_floors":[13,19],"current_hp_per_floor":[59,59,59,59,59,10,29,15,15,34,14,10,10,10,29,10,52,43,43,43,4,14,35,0],"gold":17,"neow_bonus":"THREE_ENEMY_KILL","is_prod":false,"is_daily":false,"chose_seed":false,"campfire_upgraded":0,"win_rate":0,"timestamp":1668940003,"path_taken":["M","M","?","?","?","E","R","E","T","R","E","M","$","?","R","BOSS","M","$","?","M","?","R","E"],"build_version":"2022-10-04","purchased_purges":1,"victory":false,"max_hp_per_floor":[66,66,66,66,66,66,66,66,66,66,66,66,66,66,66,66,66,66,66,66,66,71,71,71],"card_choices":[{"not_picked":["Distraction","Cloak And Dagger"],"picked":"Dagger Throw","floor":1},{"not_picked":["Underhanded Strike","Quick Slash"],"picked":"Footwork","floor":2},{"not_picked":["Dagger Spray","Deadly Poison"],"picked":"Heel Hook","floor":4},{"not_picked":["Backflip","Expertise"],"picked":"All Out Attack","floor":5},{"not_picked":["Distraction","Expertise","Prepared"],"picked":"SKIP","floor":6},{"not_picked":["Bane","Accuracy"],"picked":"Dodge and Roll","floor":8},{"not_picked":["Choke","Catalyst"],"picked":"A Thousand Cuts","floor":11},{"not_picked":["Dash","Backflip"],"picked":"Flying Knee","floor":12},{"not_picked":["Die Die Die","Night Terror"],"picked":"Storm of Steel","floor":16},{"not_picked":["Deadly Poison"],"picked":"SKIP","floor":18},{"not_picked":[],"picked":"Backflip","floor":21}],"player_experience":1954121,"relics_obtained":[{"floor":6,"key":"Bag of Marbles"},{"floor":8,"key":"Omamori"},{"floor":9,"key":"Anchor"},{"floor":11,"key":"Toy Ornithopter"}],"event_choices":[{"damage_healed":0,"gold_gain":0,"player_choice":"Bought 1 Potion","damage_taken":0,"max_hp_gain":0,"max_hp_loss":0,"event_name":"The Woman in Blue","floor":3,"gold_loss":0},{"damage_healed":0,"gold_gain":77,"player_choice":"Gained Gold","damage_taken":0,"max_hp_gain":0,"max_hp_loss":0,"event_name":"Golden Wing","floor":14,"gold_loss":0},{"damage_healed":0,"gold_gain":0,"player_choice":"Paid Fearfully","damage_taken":0,"max_hp_gain":0,"max_hp_loss":0,"event_name":"Masked Bandits","floor":20,"gold_loss":22},{"damage_healed":0,"gold_gain":0,"player_choice":"Got Potions","damage_taken":0,"max_hp_gain":0,"max_hp_loss":0,"event_name":"Lab","floor":22,"gold_loss":0}],"is_beta":false,"boss_relics":[{"not_picked":["Coffee Dripper","Tiny House"],"picked":"Busted Crown"}],"items_purged_floors":[13],"is_endless":false,"potions_floor_spawned":[1,4,8,12,16,18],"killed_by":"Slavers","ascension_level":20}