{"gold_per_floor":[111,111,111,121,33,62,62,94,94,94,105,105,117,145,145,222,222,240,68,68,87,87,87,87,87,87,87],"floor_reached":27,"playtime":811,"items_purged":[],"score":504,"play_id":"7049dd22-60e2-41ec-95cd-c631888d1ff3","local_time":"20221219175644","is_ascension_mode":true,"campfire_choices":[{"data":"Doppelganger","floor":7,"key":"SMITH"},{"data":"Caltrops","floor":12,"key":"SMITH"},{"data":"Reflex","floor":15,"key":"SMITH"},{"floor":23,"key":"REST"},{"floor":25,"key":"REST"}],"neow_cost":"NONE","seed_source_timestamp":2533483657569600,"circlet_count":0,"master_deck":["AscendersBane","Strike_G","Strike_G","Strike_G","Strike_G","Strike_G","Defend_G","Defend_G","Defend_G","Defend_G","Defend_G","Survivor+1","Neutralize","Acrobatics","Reflex+1","Eviscerate","Doppelganger+1","Escape Plan","Caltrops+1","Concentrate+1","Underhanded Strike","Burst"],"relics":["Ring of the Snake","NeowsBlessing","Ginger","Darkstone Periapt","PreservedInsect","Thread and Needle","Omamori","Black Star","War Paint","MutagenicStrength"],"potions_floor_usage":[8,8,8,14,18],"damage_taken":[{"damage":0,"enemies":"Jaw Worm","floor":1,"turns":1},{"damage":0,"enemies":"Small Slimes","floor":4,"turns":1},{"damage":0,"enemies":"Gremlin Nob","floor":6,"turns":1},{"damage":10,"enemies":"Lagavulin","floor":8,"turns":5},{"damage":0,"enemies":"Cultist","floor":11,"turns":3},{"damage":0,"enemies":"Red Slaver","floor":13,"turns":3},{"damage":4,"enemies":"Gremlin Nob","floor":14,"turns":4},{"damage":66,"enemies":"The Guardian","floor":16,"turns":13},{"damage":32,"enemies":"3 Byrds","floor":18,"turns":4},{"damage":14,"enemies":"2 Thieves","floor":21,"turns":4},{"damage":47,"enemies":"Centurion and Healer","floor":27,"turns":11}],"seed_played":"3953658727483201708","potions_obtained":[{"floor":4,"key":"CultistPotion"},{"floor":6,"key":"EntropicBrew"},{"floor":13,"key":"GhostInAJar"},{"floor":14,"key":"LiquidBronze"}],"is_trial":false,"path_per_floor":["M","?","?","M","$","E","R","E","T","?","M","R","M","E","R","B",null,"M","$","?","M","?","R","$","R","T","M"],"character_chosen":"THE_SILENT","items_purchased":["Eviscerate","War Paint"],"campfire_rested":2,"item_purchase_floors":[5,19],"current_hp_per_floor":[59,59,59,59,59,59,59,49,49,49,49,49,49,45,45,1,50,18,18,18,4,4,23,23,42,42,0],"gold":87,"neow_bonus":"THREE_ENEMY_KILL","is_prod":false,"is_daily":false,"chose_seed":false,"campfire_upgraded":3,"win_rate":0,"timestamp":1671469004,"path_taken":["M","?","?","M","?","E","R","E","T","?","M","R","?","E","R","BOSS","M","$","?","M","?","R","?","R","T","?"],"build_version":"2022-12-01","purchased_purges":0,"victory":false,"max_hp_per_floor":[66,66,66,66,66,66,66,66,66,66,66,66,66,66,66,66,66,66,66,66,66,66,66,66,66,66,66],"card_choices":[{"not_picked":["PiercingWail","Deflect"],"picked":"Acrobatics","floor":1},{"not_picked":["Deadly Poison","Dodge and Roll"],"picked":"Reflex","floor":4},{"not_picked":["Cloak And Dagger","Predator"],"picked":"Doppelganger","floor":6},{"not_picked":["Outmaneuver","Backflip"],"picked":"Escape Plan","floor":8},{"not_picked":["Acrobatics","Distraction"],"picked":"Caltrops","floor":11},{"not_picked":["Quick Slash","Blur"],"picked":"Concentrate","floor":13},{"not_picked":["Deflect","Sucker Punch"],"picked":"Underhanded Strike","floor":14},{"not_picked":["Storm of Steel","Glass Knife"],"picked":"Burst","floor":16},{"not_picked":["Dash","PiercingWail","Slice"],"picked":"SKIP","floor":18},{"not_picked":["Dash","Flying Knee","Deflect"],"picked":"SKIP","floor":21}],"player_experience":1974141,"relics_obtained":[{"floor":6,"key":"Darkstone Periapt"},{"floor":8,"key":"PreservedInsect"},{"floor":9,"key":"Thread and Needle"},{"floor":14,"key":"Omamori"}],"event_choices":[{"damage_healed":0,"gold_gain":0,"player_choice":"Box","damage_taken":0,"relics_obtained":["Ginger"],"max_hp_gain":0,"max_hp_loss":0,"event_name":"Big Fish","floor":2,"gold_loss":0,"cards_obtained":["Regret"]},{"cards_removed":["Regret"],"damage_healed":0,"gold_gain":0,"player_choice":"Forget","damage_taken":0,"max_hp_gain":0,"max_hp_loss":0,"event_name":"Living Wall","floor":3,"gold_loss":0},{"damage_healed":0,"gold_gain":0,"player_choice":"0 cards matched","damage_taken":0,"max_hp_gain":0,"max_hp_loss":0,"event_name":"Match and Keep!","floor":10,"gold_loss":0,"cards_obtained":[]},{"damage_healed":0,"gold_gain":0,"player_choice":"Ignored","damage_taken":0,"max_hp_gain":0,"max_hp_loss":0,"event_name":"Cursed Tome","floor":20,"gold_loss":0},{"damage_healed":0,"gold_gain":0,"player_choice":"Inject Mutagens","damage_taken":0,"relics_obtained":["MutagenicStrength"],"max_hp_gain":0,"max_hp_loss":0,"event_name":"Drug Dealer","floor":22,"gold_loss":0}],"is_beta":false,"boss_relics":[{"not_picked":["Pandora\u0027s Box","Runic Dome"],"picked":"Black Star"}],"items_purged_floors":[],"is_endless":false,"potions_floor_spawned":[4,6,13,14],"killed_by":"Centurion and Healer","ascension_level":20}