{"gold_per_floor":[16,16,16,27,27,62,77,105,128,143,143],"floor_reached":11,"playtime":394,"items_purged":[],"score":166,"play_id":"2eff3a64-966e-4f4c-874a-d9f388b41f18","local_time":"20221219180328","is_ascension_mode":true,"campfire_choices":[],"neow_cost":"NO_GOLD","seed_source_timestamp":2534305073115600,"circlet_count":0,"master_deck":["AscendersBane","Strike_G","Strike_G","Strike_G","Defend_G","Defend_G","Defend_G","Survivor","Neutralize","Terror","Quick Slash","Caltrops","Blur","Backflip"],"relics":["Ring of the Snake","Regal Pillow","Toy Ornithopter","PreservedInsect"],"potions_floor_usage":[8,11],"damage_taken":[{"damage":3,"enemies":"Small Slimes","floor":1,"turns":4},{"damage":0,"enemies":"2 Louse","floor":4,"turns":3},{"damage":26,"enemies":"Gremlin Nob","floor":6,"turns":4},{"damage":0,"enemies":"Cultist","floor":7,"turns":3},{"damage":15,"enemies":"Lagavulin","floor":8,"turns":7},{"damage":4,"enemies":"Exordium Thugs","floor":10,"turns":6},{"damage":18,"enemies":"Gremlin Nob","floor":11,"turns":3}],"seed_played":"8990761634877669471","potions_obtained":[{"floor":6,"key":"Block Potion"},{"floor":7,"key":"Block Potion"},{"floor":10,"key":"Explosive Potion"}],"is_trial":false,"path_per_floor":["M","?","?","M","?","E","M","E","T","M","E"],"character_chosen":"THE_SILENT","items_purchased":[],"campfire_rested":0,"item_purchase_floors":[],"current_hp_per_floor":[56,56,56,56,56,30,30,15,15,11,0],"gold":143,"neow_bonus":"REMOVE_TWO","is_prod":false,"is_daily":false,"chose_seed":false,"campfire_upgraded":0,"win_rate":0,"timestamp":1671469408,"path_taken":["M","?","?","M","?","E","M","E","T","?","E"],"build_version":"2022-12-01","purchased_purges":0,"victory":false,"max_hp_per_floor":[66,66,66,66,66,66,66,66,66,66,66],"card_choices":[{"not_picked":["Deadly Poison","Dagger Throw"],"picked":"Terror","floor":1},{"not_picked":["Cloak And Dagger","Bane"],"picked":"Quick Slash","floor":4},{"not_picked":["Cloak And Dagger","Blade Dance","Deadly Poison"],"picked":"SKIP","floor":6},{"not_picked":["Blade Dance","Blur"],"picked":"Caltrops","floor":7},{"not_picked":["Terror","Slice"],"picked":"Blur","floor":8},{"not_picked":["Endless Agony","Acrobatics"],"picked":"Backflip","floor":10}],"player_experience":1974952,"relics_obtained":[{"floor":6,"key":"Regal Pillow"},{"floor":8,"key":"Toy Ornithopter"},{"floor":9,"key":"PreservedInsect"}],"event_choices":[{"cards_removed":["Defend_G"],"damage_healed":0,"gold_gain":0,"player_choice":"Forget","damage_taken":0,"max_hp_gain":0,"max_hp_loss":0,"event_name":"Living Wall","floor":2,"gold_loss":0},{"damage_healed":0,"gold_gain":0,"player_choice":"Ignored","damage_taken":0,"max_hp_gain":0,"max_hp_loss":0,"event_name":"Shining Light","floor":3,"gold_loss":0},{"cards_removed":["Strike_G"],"damage_healed":0,"gold_gain":0,"player_choice":"Purged","damage_taken":0,"max_hp_gain":0,"max_hp_loss":0,"event_name":"Purifier","floor":5,"gold_loss":0}],"is_beta":false,"boss_relics":[],"items_purged_floors":[],"is_endless":false,"potions_floor_spawned":[6,7,10],"killed_by":"Gremlin Nob","ascension_level":20}