{"gold_per_floor":[116,72,95,14,14,14,45,45,45,45,73,102,117,167,167,239,239,258,258,258,258,272,272],"floor_reached":23,"playtime":1575,"items_purged":[],"score":486,"play_id":"7a329dc0-c7b5-46d9-b16d-79166ce323c9","local_time":"20230116215722","is_ascension_mode":true,"campfire_choices":[{"data":"Accuracy","floor":6,"key":"SMITH"},{"data":"Finisher","floor":8,"key":"SMITH"},{"floor":15,"key":"REST"}],"neow_cost":"NONE","seed_source_timestamp":8852539970500,"circlet_count":0,"master_deck":["AscendersBane","Strike_G+1","Strike_G+1","Strike_G+1","Strike_G+1","Defend_G+1","Defend_G+1","Defend_G+1","Defend_G+1","Defend_G+1","Survivor","Neutralize","Reflex","Infinite Blades+1","Accuracy+1","Finisher+1","Cloak And Dagger","Storm of Steel"],"relics":["Ring of the Snake","NeowsBlessing","Snake Skull","Matryoshka","Juzu Bracelet","White Beast Statue","Odd Mushroom","Busted Crown","MutagenicStrength"],"potions_floor_usage":[16,16,23],"damage_taken":[{"damage":0,"enemies":"Cultist","floor":1,"turns":1},{"damage":0,"enemies":"Gremlin Nob","floor":7,"turns":1},{"damage":0,"enemies":"Lagavulin","floor":11,"turns":2},{"damage":25,"enemies":"The Mushroom Lair","floor":12,"turns":4},{"damage":0,"enemies":"2 Louse","floor":13,"turns":3},{"damage":24,"enemies":"Slime Boss","floor":16,"turns":9},{"damage":12,"enemies":"Chosen","floor":18,"turns":3},{"damage":9,"enemies":"Shell Parasite","floor":22,"turns":4},{"damage":39,"enemies":"Slavers","floor":23,"turns":3}],"seed_played":"-6661090650318063068","potions_obtained":[{"floor":1,"key":"SpeedPotion"},{"floor":7,"key":"AttackPotion"},{"floor":11,"key":"PowerPotion"},{"floor":13,"key":"CunningPotion"},{"floor":16,"key":"Fruit Juice"},{"floor":18,"key":"Energy Potion"}],"is_trial":false,"path_per_floor":["M","$","T","$","?","R","E","R","T","?","E","?","M","?","R","B",null,"M","?","?","?","M","E"],"character_chosen":"THE_SILENT","items_purchased":["Infinite Blades","Accuracy"],"campfire_rested":1,"item_purchase_floors":[2,4],"current_hp_per_floor":[59,59,59,59,52,52,52,52,52,52,52,27,27,27,46,27,60,48,48,48,48,39,0],"gold":272,"neow_bonus":"THREE_ENEMY_KILL","is_prod":false,"is_daily":false,"chose_seed":false,"campfire_upgraded":2,"win_rate":0,"timestamp":1673902642,"path_taken":["M","$","?","$","?","R","E","R","T","?","E","?","M","?","R","BOSS","M","?","?","?","M","E"],"build_version":"2022-12-18","purchased_purges":0,"victory":false,"max_hp_per_floor":[66,66,66,66,66,66,66,66,66,66,66,66,66,66,66,71,71,71,71,71,71,71,71],"card_choices":[{"not_picked":["Riddle With Holes","Outmaneuver"],"picked":"Reflex","floor":1},{"not_picked":["Tools of the Trade","Underhanded Strike"],"picked":"Finisher","floor":7},{"not_picked":["Prepared","Noxious Fumes","Dodge and Roll"],"picked":"SKIP","floor":11},{"not_picked":["Choke","Escape Plan"],"picked":"Cloak And Dagger","floor":12},{"not_picked":["Well Laid Plans","Expertise","Poisoned Stab"],"picked":"SKIP","floor":13},{"not_picked":["Unload","Glass Knife"],"picked":"Storm of Steel","floor":16},{"not_picked":["Sucker Punch"],"picked":"SKIP","floor":18},{"not_picked":["Deadly Poison"],"picked":"SKIP","floor":22}],"player_experience":1999991,"relics_obtained":[{"floor":3,"key":"Snake Skull"},{"floor":7,"key":"Matryoshka"},{"floor":9,"key":"Juzu Bracelet"},{"floor":9,"key":"White Beast Statue"},{"floor":12,"key":"Odd Mushroom"}],"event_choices":[{"cards_removed":["Strike_G"],"damage_healed":0,"gold_gain":0,"player_choice":"Card Removal","damage_taken":7,"max_hp_gain":0,"max_hp_loss":0,"event_name":"Golden Wing","floor":5,"gold_loss":0},{"damage_healed":0,"gold_gain":0,"player_choice":"Forge","damage_taken":0,"max_hp_gain":0,"max_hp_loss":0,"event_name":"Accursed Blacksmith","floor":10,"gold_loss":0,"cards_upgraded":["Infinite Blades"]},{"damage_healed":0,"gold_gain":0,"player_choice":"Fought Mushrooms","damage_taken":0,"max_hp_gain":0,"max_hp_loss":0,"event_name":"Mushrooms","floor":12,"gold_loss":0},{"damage_healed":0,"gold_gain":50,"player_choice":"Pray","damage_taken":0,"max_hp_gain":0,"max_hp_loss":0,"event_name":"Golden Shrine","floor":14,"gold_loss":0},{"damage_healed":0,"gold_gain":0,"player_choice":"Simplicity","damage_taken":0,"max_hp_gain":0,"max_hp_loss":0,"event_name":"Back to Basics","floor":19,"gold_loss":0,"cards_upgraded":["Strike_G","Strike_G","Strike_G","Strike_G","Defend_G","Defend_G","Defend_G","Defend_G","Defend_G"]},{"damage_healed":0,"gold_gain":0,"player_choice":"Ignored","damage_taken":0,"max_hp_gain":0,"max_hp_loss":0,"event_name":"Ghosts","floor":20,"gold_loss":0},{"damage_healed":0,"gold_gain":0,"player_choice":"Inject Mutagens","damage_taken":0,"relics_obtained":["MutagenicStrength"],"max_hp_gain":0,"max_hp_loss":0,"event_name":"Drug Dealer","floor":21,"gold_loss":0}],"is_beta":false,"boss_relics":[{"not_picked":["Empty Cage","Philosopher\u0027s Stone"],"picked":"Busted Crown"}],"items_purged_floors":[],"is_endless":false,"potions_floor_spawned":[1,7,11,12,13,16,18,22],"killed_by":"Slavers","ascension_level":20}