{"gold_per_floor":[16,16,16,16,31,31,67,67,67,83,83,83,127,26,26,119,182,200,28,388,87,102,102,102],"floor_reached":24,"playtime":587,"items_purged":[],"score":450,"play_id":"285ea9ce-fddb-43ba-9300-72d5e1045a05","local_time":"20230115212349","is_ascension_mode":true,"campfire_choices":[{"data":"Neutralize","floor":6,"key":"SMITH"},{"data":"Crippling Poison","floor":8,"key":"SMITH"},{"data":"Noxious Fumes","floor":15,"key":"SMITH"},{"data":"Panacea","floor":23,"key":"SMITH"}],"neow_cost":"NO_GOLD","seed_source_timestamp":440436052773100,"circlet_count":0,"master_deck":["AscendersBane","Strike_G","Strike_G","Strike_G","Strike_G","Defend_G","Defend_G+1","Defend_G","Survivor","Neutralize+1","Terror+1","Crippling Poison+1","Bouncing Flask","Noxious Fumes+1","Discovery","Corpse Explosion","Bane+1","Magnetism","Panacea+1"],"relics":["Ring of the Snake","Golden Idol","HornCleat","Molten Egg 2","Orichalcum","Tiny House","ClockworkSouvenir"],"potions_floor_usage":[13,18,22],"damage_taken":[{"damage":4,"enemies":"Jaw Worm","floor":1,"turns":6},{"damage":9,"enemies":"Small Slimes","floor":5,"turns":4},{"damage":24,"enemies":"Gremlin Nob","floor":7,"turns":4},{"damage":0,"enemies":"Cultist","floor":10,"turns":3},{"damage":0,"enemies":"3 Sentries","floor":13,"turns":3},{"damage":10,"enemies":"The Guardian","floor":16,"turns":8},{"damage":6,"enemies":"2 Thieves","floor":18,"turns":3},{"damage":0,"enemies":"3 Byrds","floor":22,"turns":3},{"damage":36,"enemies":"Book of Stabbing","floor":24,"turns":5}],"seed_played":"-4884201991157904699","potions_obtained":[{"floor":1,"key":"ColorlessPotion"},{"floor":13,"key":"SteroidPotion"},{"floor":17,"key":"EssenceOfSteel"},{"floor":18,"key":"Regen Potion"},{"floor":22,"key":"PowerPotion"}],"is_trial":false,"path_per_floor":["M","?","?","?","M","R","E","R","T","M","?","?","E","$","R","B",null,"M","$","?","$","M","R","E"],"character_chosen":"THE_SILENT","items_purchased":["Discovery","ClockworkSouvenir","Magnetism","Panacea"],"campfire_rested":0,"item_purchase_floors":[14,19,21,21],"current_hp_per_floor":[55,55,55,55,46,46,22,22,22,22,2,66,66,66,66,56,69,63,63,27,27,36,36,0],"gold":102,"neow_bonus":"REMOVE_TWO","is_prod":false,"is_daily":false,"chose_seed":false,"campfire_upgraded":4,"win_rate":0,"timestamp":1673814229,"path_taken":["M","?","?","?","?","R","E","R","T","M","?","?","E","$","R","BOSS","M","?","?","$","?","R","E"],"build_version":"2022-12-18","purchased_purges":0,"victory":false,"max_hp_per_floor":[66,66,66,66,66,66,66,66,66,66,66,66,66,66,66,66,71,71,71,71,71,71,71,71],"card_choices":[{"not_picked":["Acrobatics","Deflect"],"picked":"Terror","floor":1},{"not_picked":["Backflip","Choke"],"picked":"Infinite Blades","floor":5},{"not_picked":["Leg Sweep","Dagger Spray"],"picked":"Crippling Poison","floor":7},{"not_picked":["Bane+1","Terror"],"picked":"Bouncing Flask","floor":10},{"not_picked":["Acrobatics","Dodge and Roll"],"picked":"Noxious Fumes","floor":13},{"not_picked":["Die Die Die+1","Malaise"],"picked":"Corpse Explosion","floor":16},{"not_picked":["Flechettes+1","Outmaneuver"],"picked":"Bane+1","floor":18},{"not_picked":["Deadly Poison","Dodge and Roll","Sucker Punch+1"],"picked":"SKIP","floor":22}],"player_experience":1996953,"relics_obtained":[{"floor":7,"key":"HornCleat"},{"floor":9,"key":"Molten Egg 2"},{"floor":13,"key":"Orichalcum"}],"event_choices":[{"cards_removed":["Defend_G"],"damage_healed":0,"gold_gain":0,"player_choice":"Forget","damage_taken":0,"max_hp_gain":0,"max_hp_loss":0,"event_name":"Living Wall","floor":2,"gold_loss":0},{"damage_healed":0,"gold_gain":0,"player_choice":"Take Wound","damage_taken":0,"relics_obtained":["Golden Idol"],"max_hp_gain":0,"max_hp_loss":0,"event_name":"Golden Idol","floor":3,"gold_loss":0,"cards_obtained":["Injury"]},{"cards_removed":["Injury"],"damage_healed":0,"gold_gain":0,"player_choice":"Removed Curses","damage_taken":0,"max_hp_gain":0,"max_hp_loss":0,"event_name":"Fountain of Cleansing","floor":4,"gold_loss":0},{"damage_healed":0,"gold_gain":0,"player_choice":"Entered Light","damage_taken":20,"max_hp_gain":0,"max_hp_loss":0,"event_name":"Shining Light","floor":11,"gold_loss":0,"cards_upgraded":["Defend_G","Infinite Blades"]},{"cards_removed":["Infinite Blades"],"damage_healed":64,"gold_gain":0,"player_choice":"Offered Uncommon","damage_taken":0,"max_hp_gain":0,"max_hp_loss":0,"event_name":"Bonfire Elementals","floor":12,"gold_loss":0},{"damage_healed":0,"gold_gain":360,"player_choice":"GOLD GOLD GOLD GOLD ","damage_taken":36,"max_hp_gain":0,"max_hp_loss":0,"event_name":"Knowing Skull","floor":20,"potions_obtained":[],"gold_loss":0,"cards_obtained":[]}],"is_beta":false,"boss_relics":[{"not_picked":["Sozu","SacredBark"],"picked":"Tiny House"}],"items_purged_floors":[],"is_endless":false,"potions_floor_spawned":[1,13,18,22],"killed_by":"Book of Stabbing","ascension_level":20}