{"gold_per_floor":[116,116,133,58,70,100,100,100,126,126,126,137,170,183,183,261,261,211,211],"floor_reached":19,"playtime":674,"items_purged":[],"score":354,"play_id":"6c180382-6fb2-42ba-b7a3-22ce6e8687be","local_time":"20230115124403","is_ascension_mode":true,"campfire_choices":[{"floor":8,"key":"REST"},{"floor":10,"key":"REST"},{"data":"Sucker Punch","floor":15,"key":"SMITH"}],"neow_cost":"NONE","seed_source_timestamp":409163139206400,"circlet_count":0,"master_deck":["AscendersBane","Strike_G","Strike_G","Strike_G","Strike_G","Defend_G","Defend_G","Defend_G","Defend_G","Defend_G","Survivor","Neutralize","Choke","Underhanded Strike","Heel Hook","Finisher","Accuracy","Calculated Gamble","Sucker Punch+1","Adrenaline","Blade Dance+1"],"relics":["Ring of the Snake","NeowsBlessing","Orichalcum","Oddly Smooth Stone","Blood Vial","Snecko Eye"],"potions_floor_usage":[6,16,16],"damage_taken":[{"damage":0,"enemies":"2 Louse","floor":1,"turns":1},{"damage":0,"enemies":"Cultist","floor":3,"turns":1},{"damage":0,"enemies":"Small Slimes","floor":5,"turns":1},{"damage":56,"enemies":"Lagavulin","floor":6,"turns":8},{"damage":1,"enemies":"Exordium Wildlife","floor":12,"turns":4},{"damage":42,"enemies":"3 Sentries","floor":13,"turns":17},{"damage":0,"enemies":"3 Louse","floor":14,"turns":6},{"damage":12,"enemies":"The Guardian","floor":16,"turns":9},{"damage":25,"enemies":"2 Thieves","floor":18,"turns":5},{"damage":36,"enemies":"Shell Parasite","floor":19,"turns":4}],"seed_played":"-6031315679926308484","potions_obtained":[{"floor":3,"key":"Energy Potion"},{"floor":12,"key":"Weak Potion"},{"floor":13,"key":"Dexterity Potion"},{"floor":14,"key":"CultistPotion"}],"is_trial":false,"path_per_floor":["M","?","M","$","M","E","?","R","T","R","?","M","E","M","R","B",null,"M","M"],"character_chosen":"THE_SILENT","items_purchased":["Heel Hook"],"campfire_rested":2,"item_purchase_floors":[4],"current_hp_per_floor":[59,59,59,59,59,3,3,22,22,41,63,62,20,22,22,12,53,30,0],"gold":211,"neow_bonus":"THREE_ENEMY_KILL","is_prod":false,"is_daily":false,"chose_seed":false,"campfire_upgraded":1,"win_rate":0,"timestamp":1673783043,"path_taken":["M","?","?","?","M","E","?","R","T","R","?","?","E","M","R","BOSS","M","M"],"build_version":"2022-12-18","purchased_purges":0,"victory":false,"max_hp_per_floor":[66,66,66,66,66,66,66,66,66,66,66,66,66,66,66,66,66,66,66],"card_choices":[{"not_picked":["Dodge and Roll","Outmaneuver"],"picked":"Choke","floor":1},{"not_picked":["Acrobatics","Flechettes"],"picked":"Underhanded Strike","floor":3},{"not_picked":["Flying Knee","Expertise"],"picked":"Finisher","floor":5},{"not_picked":["Quick Slash","Grand Finale"],"picked":"Accuracy","floor":6},{"not_picked":["Deadly Poison","Predator"],"picked":"Calculated Gamble","floor":12},{"not_picked":["Poisoned Stab","Night Terror","Bouncing Flask"],"picked":"SKIP","floor":13},{"not_picked":["Concentrate","Dagger Throw"],"picked":"Sucker Punch","floor":14},{"not_picked":["Glass Knife","Wraith Form v2"],"picked":"Adrenaline","floor":16},{"not_picked":["Sucker Punch","Flying Knee"],"picked":"Blade Dance+1","floor":18}],"player_experience":1991197,"relics_obtained":[{"floor":6,"key":"Orichalcum"},{"floor":9,"key":"Oddly Smooth Stone"},{"floor":13,"key":"Blood Vial"}],"event_choices":[{"cards_removed":["Strike_G"],"damage_healed":0,"gold_gain":0,"player_choice":"Offered Basic","damage_taken":0,"max_hp_gain":0,"max_hp_loss":0,"event_name":"Bonfire Elementals","floor":2,"gold_loss":0},{"damage_healed":0,"gold_gain":0,"player_choice":"Ignored","damage_taken":0,"max_hp_gain":0,"max_hp_loss":0,"event_name":"Shining Light","floor":7,"gold_loss":0},{"damage_healed":22,"gold_gain":0,"player_choice":"Banana","damage_taken":0,"max_hp_gain":0,"max_hp_loss":0,"event_name":"Big Fish","floor":11,"gold_loss":0}],"is_beta":false,"boss_relics":[{"not_picked":["Cursed Key","HoveringKite"],"picked":"Snecko Eye"}],"items_purged_floors":[],"is_endless":false,"potions_floor_spawned":[3,12,13,14],"killed_by":"Shell Parasite","ascension_level":20}