{"gold_per_floor":[117,130,130,280,0,32,32,62,86,86,136,146,146],"floor_reached":13,"playtime":318,"items_purged":[],"score":232,"play_id":"7586f8b8-f220-47f2-8344-08b53f7619b0","local_time":"20230115123241","is_ascension_mode":true,"campfire_choices":[{"data":"Panache","floor":7,"key":"SMITH"},{"floor":10,"key":"REST"}],"neow_cost":"NONE","seed_source_timestamp":408836811288900,"circlet_count":0,"master_deck":["AscendersBane","Strike_G","Strike_G","Strike_G","Strike_G","Strike_G","Defend_G","Defend_G","Defend_G","Defend_G","Defend_G","Survivor","Neutralize","Concentrate","Reflex","Doubt","Panache+1","Tactician","Underhanded Strike","Eviscerate","Malaise","Acrobatics"],"relics":["Ring of the Snake","NeowsBlessing","Bronze Scales","Bag of Marbles","MealTicket"],"potions_floor_usage":[8,13],"damage_taken":[{"damage":0,"enemies":"Jaw Worm","floor":1,"turns":1},{"damage":0,"enemies":"Small Slimes","floor":2,"turns":2},{"damage":0,"enemies":"Lagavulin","floor":6,"turns":1},{"damage":51,"enemies":"3 Sentries","floor":8,"turns":11},{"damage":0,"enemies":"Cultist","floor":12,"turns":2},{"damage":27,"enemies":"Lagavulin","floor":13,"turns":8}],"seed_played":"2058553813810390284","potions_obtained":[{"floor":1,"key":"CultistPotion"},{"floor":6,"key":"Weak Potion"}],"is_trial":false,"path_per_floor":["M","M","?","?","$","E","R","E","T","R","?","M","E"],"character_chosen":"THE_SILENT","items_purchased":["Panache","Tactician","Underhanded Strike"],"campfire_rested":1,"item_purchase_floors":[5,5,5],"current_hp_per_floor":[59,59,59,59,59,59,59,8,8,27,27,27,0],"gold":146,"neow_bonus":"THREE_ENEMY_KILL","is_prod":false,"is_daily":false,"chose_seed":false,"campfire_upgraded":1,"win_rate":0,"timestamp":1673782361,"path_taken":["M","M","?","?","$","E","R","E","T","R","?","M","E"],"build_version":"2022-12-18","purchased_purges":0,"victory":false,"max_hp_per_floor":[66,66,66,66,66,66,66,66,66,66,66,66,66],"card_choices":[{"not_picked":["Masterful Stab","Deflect"],"picked":"Concentrate","floor":1},{"not_picked":["Choke","Acrobatics"],"picked":"Reflex","floor":2},{"not_picked":["Deflect","Deadly Poison"],"picked":"Eviscerate","floor":6},{"not_picked":["Backflip","Poisoned Stab"],"picked":"Malaise","floor":8},{"not_picked":["Dodge and Roll","Accuracy"],"picked":"Acrobatics","floor":12}],"player_experience":1990879,"relics_obtained":[{"floor":6,"key":"Bronze Scales"},{"floor":8,"key":"Bag of Marbles"},{"floor":9,"key":"MealTicket"}],"event_choices":[{"damage_healed":0,"gold_gain":0,"player_choice":"Leave","damage_taken":0,"max_hp_gain":0,"max_hp_loss":0,"event_name":"The Cleric","floor":3,"gold_loss":0},{"damage_healed":0,"gold_gain":150,"player_choice":"AGREE","damage_taken":0,"max_hp_gain":0,"max_hp_loss":0,"event_name":"Liars Game","floor":4,"gold_loss":0,"cards_obtained":["Doubt"]},{"damage_healed":0,"gold_gain":50,"player_choice":"Pray","damage_taken":0,"max_hp_gain":0,"max_hp_loss":0,"event_name":"Golden Shrine","floor":11,"gold_loss":0}],"is_beta":false,"boss_relics":[],"items_purged_floors":[],"is_endless":false,"potions_floor_spawned":[1,6],"killed_by":"Lagavulin","ascension_level":20}