{"gold_per_floor":[119,119,119,136,136,136,163,180,180,180,193,193,193,193,193,292,292,311,331,129,54,0,40,40,64,64,114,33,48,79,93,93,182,482,502,502,121,135,135],"floor_reached":39,"playtime":1173,"items_purged":["Strike_G","Strike_G"],"score":959,"play_id":"d488a653-6448-44af-b81a-43723f4f64cd","local_time":"20230115131926","is_ascension_mode":true,"campfire_choices":[{"data":"Doppelganger","floor":6,"key":"SMITH"},{"data":"Blade Dance","floor":10,"key":"SMITH"},{"data":"Blade Dance","floor":12,"key":"SMITH"},{"floor":15,"key":"REST"},{"data":"Cloak And Dagger","floor":24,"key":"SMITH"},{"floor":32,"key":"REST"}],"neow_cost":"NONE","seed_source_timestamp":410786110797100,"circlet_count":0,"master_deck":["AscendersBane","Defend_G","Defend_G","Defend_G","Defend_G","Defend_G","Survivor","Neutralize","Blade Dance+1","Infinite Blades","Doppelganger+1","Blade Dance+1","Terror","Phantasmal Killer","Cloak And Dagger+1","Blade Dance","Backflip","Envenom","CurseOfTheBell"],"relics":["Ring of the Snake","NeowsBlessing","Shuriken","Blood Vial","Juzu Bracelet","Golden Idol","SlaversCollar","Membership Card","Snake Skull","HornCleat","MealTicket","Pear","Calling Bell","Oddly Smooth Stone","Mercury Hourglass","Old Coin","Mango","TungstenRod"],"potions_floor_usage":[11,16,23,25],"damage_taken":[{"damage":0,"enemies":"Jaw Worm","floor":1,"turns":1},{"damage":0,"enemies":"Small Slimes","floor":4,"turns":1},{"damage":0,"enemies":"Gremlin Nob","floor":7,"turns":1},{"damage":2,"enemies":"Cultist","floor":8,"turns":4},{"damage":7,"enemies":"2 Fungi Beasts","floor":11,"turns":2},{"damage":13,"enemies":"The Guardian","floor":16,"turns":8},{"damage":8,"enemies":"3 Byrds","floor":18,"turns":5},{"damage":0,"enemies":"Chosen","floor":19,"turns":3},{"damage":6,"enemies":"Slavers","floor":23,"turns":5},{"damage":18,"enemies":"Centurion and Healer","floor":25,"turns":3},{"damage":13,"enemies":"Sentry and Sphere","floor":29,"turns":4},{"damage":16,"enemies":"Book of Stabbing","floor":30,"turns":4},{"damage":1,"enemies":"Snake Plant","floor":31,"turns":3},{"damage":18,"enemies":"Automaton","floor":33,"turns":5},{"damage":10,"enemies":"Orb Walker","floor":35,"turns":3},{"damage":45,"enemies":"3 Darklings","floor":38,"turns":5},{"damage":77,"enemies":"Transient","floor":39,"turns":6}],"seed_played":"-5504842302301666386","potions_obtained":[{"floor":4,"key":"GhostInAJar"},{"floor":8,"key":"Explosive Potion"},{"floor":16,"key":"GhostInAJar"},{"floor":18,"key":"CunningPotion"},{"floor":29,"key":"SteroidPotion"},{"floor":31,"key":"FearPotion"}],"is_trial":false,"path_per_floor":["M","?","?","M","?","R","E","M","T","R","M","R","?","?","R","B",null,"M","M","$","?","?","E","R","M","T","?","$","M","E","M","R","B",null,"M","?","$","M","M"],"character_chosen":"THE_SILENT","items_purchased":["Membership Card","MealTicket","Mango","TungstenRod"],"campfire_rested":2,"item_purchase_floors":[20,28,37,37],"current_hp_per_floor":[59,59,59,59,59,59,59,59,59,59,54,54,31,31,50,39,59,53,55,55,55,55,51,51,35,35,35,35,24,20,21,43,27,64,56,56,85,42,0],"gold":135,"neow_bonus":"THREE_ENEMY_KILL","is_prod":false,"is_daily":false,"chose_seed":false,"campfire_upgraded":4,"win_rate":0,"timestamp":1673785166,"path_taken":["M","?","?","M","?","R","E","M","T","R","M","R","?","?","R","BOSS","M","M","$","?","?","E","R","M","T","?","$","M","E","M","R","BOSS","M","?","$","M","M"],"build_version":"2022-12-18","purchased_purges":2,"victory":false,"max_hp_per_floor":[66,66,66,66,66,66,66,66,66,66,66,66,66,66,66,66,66,66,66,66,66,66,66,66,66,66,66,66,66,76,76,76,76,76,76,76,90,90,90],"card_choices":[{"not_picked":["Flying Knee","Prepared"],"picked":"Blade Dance","floor":1},{"not_picked":["Outmaneuver","Backstab"],"picked":"Infinite Blades","floor":4},{"not_picked":["Setup","Outmaneuver","Caltrops"],"picked":"SKIP","floor":7},{"not_picked":["Quick Slash","Well Laid Plans"],"picked":"Blade Dance","floor":8},{"not_picked":["Deadly Poison","Acrobatics"],"picked":"Terror","floor":11},{"not_picked":["Storm of Steel","Unload"],"picked":"Phantasmal Killer","floor":16},{"not_picked":["Slice","Crippling Poison+1","Dagger Throw"],"picked":"SKIP","floor":18},{"not_picked":["Acrobatics+1","Reflex"],"picked":"Cloak And Dagger","floor":19},{"not_picked":["Predator","Sucker Punch","Underhanded Strike"],"picked":"SKIP","floor":23},{"not_picked":["Well Laid Plans","Eviscerate"],"picked":"Blade Dance","floor":25},{"not_picked":["Well Laid Plans","Flechettes+1","Underhanded Strike"],"picked":"SKIP","floor":29},{"not_picked":["Noxious Fumes","Bane","Backstab"],"picked":"SKIP","floor":30},{"not_picked":["Quick Slash","Flying Knee+1"],"picked":"Backflip","floor":31},{"not_picked":["Die Die Die","Venomology"],"picked":"Envenom","floor":33},{"not_picked":["Outmaneuver","Deadly Poison","Backstab"],"picked":"SKIP","floor":35},{"not_picked":["Cloak And Dagger","Noxious Fumes","Acrobatics"],"picked":"SKIP","floor":38}],"player_experience":1992716,"relics_obtained":[{"floor":7,"key":"Blood Vial"},{"floor":9,"key":"Juzu Bracelet"},{"floor":23,"key":"Snake Skull"},{"floor":26,"key":"HornCleat"},{"floor":30,"key":"Pear"},{"floor":34,"key":"Oddly Smooth Stone"},{"floor":34,"key":"Mercury Hourglass"},{"floor":34,"key":"Old Coin"}],"event_choices":[{"cards_removed":["Strike_G"],"damage_healed":0,"gold_gain":0,"player_choice":"Forget","damage_taken":0,"max_hp_gain":0,"max_hp_loss":0,"event_name":"Living Wall","floor":2,"gold_loss":0},{"damage_healed":0,"gold_gain":0,"player_choice":"Box","damage_taken":0,"relics_obtained":["Shuriken"],"max_hp_gain":0,"max_hp_loss":0,"event_name":"Big Fish","floor":3,"gold_loss":0,"cards_obtained":["Regret"]},{"damage_healed":0,"gold_gain":0,"player_choice":"1 cards matched","damage_taken":0,"max_hp_gain":0,"max_hp_loss":0,"event_name":"Match and Keep!","floor":5,"gold_loss":0,"cards_obtained":["Doppelganger"]},{"damage_healed":0,"gold_gain":0,"player_choice":"Take Damage","damage_taken":23,"relics_obtained":["Golden Idol"],"max_hp_gain":0,"max_hp_loss":0,"event_name":"Golden Idol","floor":13,"gold_loss":0},{"cards_removed":["Regret"],"damage_healed":0,"gold_gain":0,"player_choice":"Removed Curses","damage_taken":0,"max_hp_gain":0,"max_hp_loss":0,"event_name":"Fountain of Cleansing","floor":14,"gold_loss":0},{"cards_removed":["Strike_G"],"damage_healed":0,"gold_gain":0,"player_choice":"Gave Gold","damage_taken":0,"max_hp_gain":0,"max_hp_loss":0,"event_name":"Beggar","floor":21,"gold_loss":75},{"damage_healed":0,"gold_gain":0,"player_choice":"Paid Fearfully","damage_taken":0,"max_hp_gain":0,"max_hp_loss":0,"event_name":"Masked Bandits","floor":22,"gold_loss":54},{"damage_healed":0,"gold_gain":50,"player_choice":"Stole From Cult","damage_taken":0,"max_hp_gain":0,"max_hp_loss":0,"event_name":"Nest","floor":27,"gold_loss":0},{"cards_removed":["Strike_G"],"damage_healed":0,"gold_gain":0,"player_choice":"Removed Attack","damage_taken":0,"max_hp_gain":0,"max_hp_loss":0,"event_name":"Falling","floor":36,"gold_loss":0}],"is_beta":false,"boss_relics":[{"not_picked":["Snecko Eye","Cursed Key"],"picked":"SlaversCollar"},{"not_picked":["Sozu","Black Star"],"picked":"Calling Bell"}],"items_purged_floors":[20,37],"is_endless":false,"potions_floor_spawned":[4,8,16,18,29,31,35,38],"killed_by":"Transient","ascension_level":20}