{"gold_per_floor":[117,78,228,240,240,270,195,195],"floor_reached":8,"playtime":135,"items_purged":[],"score":158,"play_id":"1edd4a28-42fe-4a2b-96e4-f8823a18bbc9","local_time":"20230116213052","is_ascension_mode":true,"campfire_choices":[],"neow_cost":"NONE","seed_source_timestamp":8703427993100,"circlet_count":0,"master_deck":["AscendersBane","Strike_G","Strike_G","Strike_G","Strike_G","Strike_G","Defend_G","Defend_G","Defend_G","Defend_G","Defend_G","Survivor","Neutralize","Footwork","Caltrops","PiercingWail","Footwork"],"relics":["Ring of the Snake","NeowsBlessing","The Courier","Dream Catcher"],"potions_floor_usage":[],"damage_taken":[{"damage":0,"enemies":"Jaw Worm","floor":1,"turns":1},{"damage":0,"enemies":"Small Slimes","floor":4,"turns":1},{"damage":0,"enemies":"3 Sentries","floor":6,"turns":2},{"damage":43,"enemies":"Lagavulin","floor":8,"turns":11}],"seed_played":"-4251247932933967494","potions_obtained":[],"is_trial":false,"path_per_floor":["M","$","?","M","?","E","?","E"],"character_chosen":"THE_SILENT","items_purchased":["Caltrops"],"campfire_rested":0,"item_purchase_floors":[2],"current_hp_per_floor":[59,59,59,59,41,41,41,0],"gold":195,"neow_bonus":"THREE_ENEMY_KILL","is_prod":false,"is_daily":false,"chose_seed":false,"campfire_upgraded":0,"win_rate":0,"timestamp":1673901052,"path_taken":["M","$","?","M","?","E","?","E"],"build_version":"2022-12-18","purchased_purges":0,"victory":false,"max_hp_per_floor":[66,66,66,66,66,66,66,66],"card_choices":[{"not_picked":["Cloak And Dagger","Slice"],"picked":"Footwork","floor":1},{"not_picked":["Dagger Throw","Deflect"],"picked":"PiercingWail","floor":4},{"not_picked":["PiercingWail","Expertise"],"picked":"Footwork","floor":6}],"player_experience":1999856,"relics_obtained":[{"floor":6,"key":"Dream Catcher"}],"event_choices":[{"damage_healed":0,"gold_gain":150,"player_choice":"AGREE","damage_taken":0,"max_hp_gain":0,"max_hp_loss":0,"event_name":"Liars Game","floor":3,"gold_loss":0,"cards_obtained":["Doubt"]},{"damage_healed":0,"gold_gain":0,"player_choice":"Success","damage_taken":18,"relics_obtained":["The Courier"],"max_hp_gain":0,"max_hp_loss":0,"event_name":"Scrap Ooze","floor":5,"gold_loss":0},{"cards_removed":["Doubt"],"damage_healed":0,"gold_gain":0,"player_choice":"Card Removal","damage_taken":0,"max_hp_gain":0,"max_hp_loss":0,"event_name":"The Cleric","floor":7,"gold_loss":75}],"is_beta":false,"boss_relics":[],"items_purged_floors":[],"is_endless":false,"potions_floor_spawned":[],"killed_by":"Lagavulin","ascension_level":20}