{"gold_per_floor":[109,21,21,44,44,79,109,109,109,109,34,34,34,74,74,74],"floor_reached":16,"playtime":431,"items_purged":[],"score":208,"play_id":"c3d15f72-1927-48f3-a5d8-2320309fe694","local_time":"20230115125231","is_ascension_mode":true,"campfire_choices":[{"floor":8,"key":"REST"},{"data":"Caltrops","floor":12,"key":"SMITH"},{"data":"After Image","floor":15,"key":"SMITH"}],"neow_cost":"NONE","seed_source_timestamp":409913298420100,"circlet_count":0,"master_deck":["AscendersBane","Strike_G","Strike_G","Strike_G","Strike_G","Strike_G","Defend_G","Defend_G","Defend_G","Defend_G","Defend_G","Survivor","Neutralize","Infinite Blades","Caltrops+1","After Image+1"],"relics":["Runic Dome","Golden Idol","Vajra","White Beast Statue","Unceasing Top"],"potions_floor_usage":[6],"damage_taken":[{"damage":3,"enemies":"2 Louse","floor":1,"turns":2},{"damage":9,"enemies":"Jaw Worm","floor":4,"turns":4},{"damage":25,"enemies":"3 Sentries","floor":6,"turns":7},{"damage":35,"enemies":"Lagavulin","floor":14,"turns":9},{"damage":22,"enemies":"Hexaghost","floor":16,"turns":9}],"seed_played":"6014631566765371968","potions_obtained":[{"floor":1,"key":"PowerPotion"},{"floor":14,"key":"BlessingOfTheForge"}],"is_trial":false,"path_per_floor":["M","$","?","M","?","E","?","R","T","?","?","R","$","E","R","B"],"character_chosen":"THE_SILENT","items_purchased":["Caltrops"],"campfire_rested":1,"item_purchase_floors":[2],"current_hp_per_floor":[56,56,56,47,47,22,22,41,41,57,57,57,57,22,22,0],"gold":74,"neow_bonus":"BOSS_RELIC","is_prod":false,"is_daily":false,"chose_seed":false,"campfire_upgraded":2,"win_rate":0,"timestamp":1673783551,"path_taken":["M","$","?","M","?","E","?","R","T","?","?","R","?","E","R","BOSS"],"build_version":"2022-12-18","purchased_purges":0,"victory":false,"max_hp_per_floor":[66,66,66,66,66,66,66,66,66,66,63,63,63,63,63,63],"card_choices":[{"not_picked":["Catalyst","Cloak And Dagger"],"picked":"Infinite Blades","floor":1},{"not_picked":["Acrobatics","Calculated Gamble","Reflex"],"picked":"SKIP","floor":4},{"not_picked":["Dodge and Roll","Predator","Acrobatics"],"picked":"SKIP","floor":6},{"not_picked":["Quick Slash","Dagger Throw"],"picked":"After Image","floor":14}],"player_experience":1991871,"relics_obtained":[{"floor":6,"key":"Vajra"},{"floor":9,"key":"White Beast Statue"},{"floor":14,"key":"Unceasing Top"}],"event_choices":[{"damage_healed":0,"gold_gain":0,"player_choice":"Take Wound","damage_taken":0,"relics_obtained":["Golden Idol"],"max_hp_gain":0,"max_hp_loss":0,"event_name":"Golden Idol","floor":3,"gold_loss":0,"cards_obtained":["Injury"]},{"cards_removed":["Injury"],"damage_healed":0,"gold_gain":0,"player_choice":"Forget","damage_taken":0,"max_hp_gain":0,"max_hp_loss":0,"event_name":"Living Wall","floor":5,"gold_loss":0},{"damage_healed":0,"gold_gain":30,"player_choice":"Searched \u00271\u0027 times","damage_taken":0,"max_hp_gain":0,"max_hp_loss":0,"event_name":"Dead Adventurer","floor":7,"gold_loss":0},{"damage_healed":16,"gold_gain":0,"player_choice":"Healed and dodged fight","damage_taken":0,"max_hp_gain":0,"max_hp_loss":0,"event_name":"Mushrooms","floor":10,"gold_loss":0,"cards_obtained":["Parasite"]},{"cards_removed":["Parasite"],"damage_healed":0,"gold_gain":0,"player_choice":"Card Removal","damage_taken":0,"max_hp_gain":0,"max_hp_loss":0,"event_name":"The Cleric","floor":11,"gold_loss":75}],"is_beta":false,"boss_relics":[],"items_purged_floors":[],"is_endless":false,"potions_floor_spawned":[1,14],"killed_by":"Hexaghost","ascension_level":20}