{"gold_per_floor":[113,127,146,221,221,221,248,248,326,326],"floor_reached":10,"playtime":187,"items_purged":[],"score":132,"play_id":"159f4797-4020-477c-a5f9-1a0938a8ed01","local_time":"20230118095028","is_ascension_mode":true,"campfire_choices":[{"data":"Sucker Punch","floor":6,"key":"SMITH"},{"floor":8,"key":"REST"}],"neow_cost":"NONE","seed_source_timestamp":139430085073900,"circlet_count":0,"master_deck":["AscendersBane","Strike_G","Strike_G","Strike_G","Strike_G","Strike_G","Defend_G","Defend_G","Defend_G","Defend_G","Defend_G","Survivor","Neutralize","Dagger Spray","Sucker Punch+1","Caltrops","Masterful Stab"],"relics":["Ring of the Snake","NeowsBlessing","Strawberry","Toxic Egg 2"],"potions_floor_usage":[7],"damage_taken":[{"damage":0,"enemies":"2 Louse","floor":1,"turns":1},{"damage":0,"enemies":"Small Slimes","floor":2,"turns":1},{"damage":0,"enemies":"Cultist","floor":3,"turns":1},{"damage":63,"enemies":"Lagavulin","floor":7,"turns":12},{"damage":40,"enemies":"Gremlin Nob","floor":10,"turns":4}],"seed_played":"-6079078981152577434","potions_obtained":[{"floor":2,"key":"ColorlessPotion"},{"floor":7,"key":"Weak Potion"}],"is_trial":false,"path_per_floor":["M","M","M","?","?","R","E","R","T","E"],"character_chosen":"THE_SILENT","items_purchased":[],"campfire_rested":1,"item_purchase_floors":[],"current_hp_per_floor":[59,59,59,48,66,66,10,31,31,0],"gold":326,"neow_bonus":"THREE_ENEMY_KILL","is_prod":false,"is_daily":false,"chose_seed":false,"campfire_upgraded":1,"win_rate":0,"timestamp":1674031828,"path_taken":["M","M","M","?","?","R","E","R","T","E"],"build_version":"2022-12-18","purchased_purges":0,"victory":false,"max_hp_per_floor":[66,66,66,66,66,66,73,73,73,73],"card_choices":[{"not_picked":["Acrobatics","Dagger Throw"],"picked":"Dagger Spray","floor":1},{"not_picked":["PiercingWail","Blur"],"picked":"Sucker Punch","floor":2},{"not_picked":["Dagger Spray","Bane"],"picked":"Caltrops","floor":3},{"not_picked":["Caltrops","Slice"],"picked":"Masterful Stab","floor":7}],"player_experience":2007439,"relics_obtained":[{"floor":7,"key":"Strawberry"},{"floor":9,"key":"Toxic Egg 2"}],"event_choices":[{"damage_healed":0,"gold_gain":75,"player_choice":"Gather Gold","damage_taken":11,"max_hp_gain":0,"max_hp_loss":0,"event_name":"World of Goop","floor":4,"gold_loss":0},{"damage_healed":18,"gold_gain":0,"player_choice":"Full Heal","damage_taken":0,"max_hp_gain":0,"max_hp_loss":0,"event_name":"Wheel of Change","floor":5,"gold_loss":0}],"is_beta":false,"boss_relics":[],"items_purged_floors":[],"is_endless":false,"potions_floor_spawned":[2,7],"killed_by":"Gremlin Nob","ascension_level":20}