{"gold_per_floor":[20,36,36,56,71,105,120,120,146,179,8,25,43,73,73,151,151,170,186,186,202,217,217,217,242,265,278,278],"floor_reached":28,"playtime":1538,"items_purged":[],"score":532,"play_id":"0bf60a01-e85a-4964-b149-a70a4b760112","local_time":"20230118102431","is_ascension_mode":true,"campfire_choices":[{"data":"Apotheosis","floor":8,"key":"SMITH"},{"floor":15,"key":"REST"},{"floor":23,"key":"REST"}],"neow_cost":"NO_GOLD","seed_source_timestamp":140121672318900,"circlet_count":0,"master_deck":["AscendersBane","Strike_G","Strike_G","Strike_G","Strike_G","Defend_G","Defend_G","Survivor","Neutralize","Apotheosis+1","Acrobatics","All Out Attack","Leg Sweep+1","Envenom","Backflip","Expertise","Outmaneuver","Adrenaline+1","Corpse Explosion+1","Burst+1","Slice+1","Blur+1","Tactician+1","Acrobatics","Bouncing Flask+1","Eviscerate","Outmaneuver"],"relics":["Ring of the Snake","Lizard Tail","Bronze Scales","Toy Ornithopter","Membership Card","MealTicket","Astrolabe","War Paint","Strawberry"],"potions_floor_usage":[6,10,14,22,24,25,28],"damage_taken":[{"damage":0,"enemies":"Cultist","floor":1,"turns":4},{"damage":0,"enemies":"2 Louse","floor":2,"turns":4},{"damage":9,"enemies":"Small Slimes","floor":4,"turns":2},{"damage":0,"enemies":"Blue Slaver","floor":5,"turns":4},{"damage":21,"enemies":"3 Sentries","floor":6,"turns":10},{"damage":6,"enemies":"2 Fungi Beasts","floor":7,"turns":3},{"damage":23,"enemies":"Gremlin Nob","floor":10,"turns":5},{"damage":10,"enemies":"3 Louse","floor":12,"turns":1},{"damage":0,"enemies":"Large Slime","floor":13,"turns":5},{"damage":6,"enemies":"3 Sentries","floor":14,"turns":8},{"damage":28,"enemies":"The Guardian","floor":16,"turns":14},{"damage":3,"enemies":"Shell Parasite","floor":18,"turns":6},{"damage":8,"enemies":"Chosen","floor":19,"turns":5},{"damage":8,"enemies":"Snake Plant","floor":21,"turns":5},{"damage":4,"enemies":"Snecko","floor":22,"turns":7},{"damage":0,"enemies":"Centurion and Healer","floor":24,"turns":2},{"damage":16,"enemies":"Slavers","floor":25,"turns":2},{"damage":2,"enemies":"3 Cultists","floor":27,"turns":3},{"damage":69,"enemies":"Gremlin Leader","floor":28,"turns":6}],"seed_played":"4831545953857178290","potions_obtained":[{"floor":1,"key":"CultistPotion"},{"floor":5,"key":"SteroidPotion"},{"floor":6,"key":"Energy Potion"},{"floor":16,"key":"SmokeBomb"},{"floor":18,"key":"AttackPotion"},{"floor":22,"key":"SkillPotion"},{"floor":25,"key":"Weak Potion"}],"is_trial":false,"path_per_floor":["M","M","$","M","M","E","M","R","T","E","$","M","M","E","R","B",null,"M","M","?","M","M","R","M","E","T","M","E"],"character_chosen":"THE_SILENT","items_purchased":["Membership Card"],"campfire_rested":2,"item_purchase_floors":[11],"current_hp_per_floor":[59,59,59,50,50,29,23,23,23,33,33,23,23,22,41,13,53,50,42,42,34,35,54,59,48,55,53,0],"gold":278,"neow_bonus":"RANDOM_COLORLESS_2","is_prod":false,"is_daily":false,"chose_seed":false,"campfire_upgraded":1,"win_rate":0,"timestamp":1674033871,"path_taken":["M","?","?","M","?","E","M","R","T","E","$","M","M","E","R","BOSS","M","M","?","?","M","R","?","E","T","M","E"],"build_version":"2022-12-18","purchased_purges":0,"victory":false,"max_hp_per_floor":[66,66,66,66,66,66,66,66,66,66,66,66,66,66,66,66,66,66,66,66,66,66,66,66,66,73,73,73],"card_choices":[{"not_picked":["Chrysalis","Metamorphosis"],"picked":"Apotheosis","floor":0},{"not_picked":["Prepared","Dodge and Roll"],"picked":"Acrobatics","floor":1},{"not_picked":["Deflect","Masterful Stab"],"picked":"All Out Attack","floor":2},{"not_picked":["Bane","Prepared","Outmaneuver"],"picked":"SKIP","floor":4},{"not_picked":["Dagger Spray","Blade Dance"],"picked":"Leg Sweep","floor":5},{"not_picked":["Blade Dance","Cloak And Dagger"],"picked":"Envenom","floor":6},{"not_picked":["Eviscerate","Distraction","Quick Slash"],"picked":"SKIP","floor":7},{"not_picked":["Backstab","Eviscerate"],"picked":"Backflip","floor":10},{"not_picked":["Slice","Bane"],"picked":"Expertise","floor":12},{"not_picked":["Dagger Throw","Dodge and Roll","Outmaneuver"],"picked":"SKIP","floor":13},{"not_picked":["Masterful Stab","Corpse Explosion"],"picked":"Outmaneuver","floor":14},{"not_picked":["Venomology","Corpse Explosion"],"picked":"Adrenaline","floor":16},{"not_picked":["Slice","Blade Dance"],"picked":"Blur+1","floor":18},{"not_picked":["Reflex","PiercingWail"],"picked":"Tactician+1","floor":19},{"not_picked":["Reflex","Bane+1"],"picked":"Acrobatics","floor":21},{"not_picked":["Flying Knee","Dash"],"picked":"Bouncing Flask+1","floor":22},{"not_picked":["Blade Dance","Backflip"],"picked":"Eviscerate","floor":25},{"not_picked":["Prepared","Expertise+1"],"picked":"Outmaneuver","floor":27}],"player_experience":2008086,"relics_obtained":[{"floor":6,"key":"Lizard Tail"},{"floor":9,"key":"Bronze Scales"},{"floor":10,"key":"Toy Ornithopter"},{"floor":14,"key":"MealTicket"},{"floor":25,"key":"War Paint"},{"floor":26,"key":"Strawberry"}],"event_choices":[{"cards_removed":["Defend_G"],"damage_healed":0,"gold_gain":0,"player_choice":"Offered Basic","damage_taken":0,"max_hp_gain":0,"max_hp_loss":0,"event_name":"Bonfire Elementals","floor":20,"gold_loss":0}],"is_beta":false,"boss_relics":[{"not_picked":["Sozu","Tiny House"],"picked":"Astrolabe"}],"items_purged_floors":[],"is_endless":false,"potions_floor_spawned":[1,5,6,7,16,18,21,22,25],"killed_by":"Gremlin Leader","ascension_level":20}