{"gold_per_floor":[112,112,138,158,61,61,88,49,74,108,128,278,298,298,298,298],"floor_reached":16,"playtime":569,"items_purged":[],"score":216,"play_id":"9f807940-e9c5-4391-a67e-085452a6edd1","local_time":"20230118104103","is_ascension_mode":true,"campfire_choices":[{"data":"All Out Attack","floor":6,"key":"SMITH"},{"floor":15,"key":"REST"}],"neow_cost":"TEN_PERCENT_HP_LOSS","seed_source_timestamp":142083371150900,"circlet_count":0,"master_deck":["AscendersBane","Strike_G","Strike_G","Strike_G","Strike_G","Defend_G+1","Defend_G+1","Defend_G","Defend_G","Survivor","Neutralize","All Out Attack+1","Eviscerate","Blind","Blur","Blur","Acrobatics","Doubt","Dodge and Roll"],"relics":["Ring of the Snake","Akabeko","Oddly Smooth Stone","Tiny Chest","Art of War","Bag of Preparation"],"potions_floor_usage":[7,13],"damage_taken":[{"damage":3,"enemies":"Cultist","floor":1,"turns":5},{"damage":4,"enemies":"Jaw Worm","floor":4,"turns":4},{"damage":1,"enemies":"3 Sentries","floor":7,"turns":6},{"damage":9,"enemies":"Lagavulin","floor":10,"turns":10},{"damage":0,"enemies":"Small Slimes","floor":11,"turns":2},{"damage":0,"enemies":"Exordium Thugs","floor":13,"turns":4},{"damage":26,"enemies":"The Guardian","floor":16,"turns":19}],"seed_played":"-7104546323457984804","potions_obtained":[{"floor":1,"key":"AttackPotion"},{"floor":4,"key":"Weak Potion"},{"floor":10,"key":"FearPotion"},{"floor":11,"key":"LiquidBronze"},{"floor":13,"key":"Weak Potion"}],"is_trial":false,"path_per_floor":["M","?","T","M","$","R","E","$","T","E","M","?","M","?","R","B"],"character_chosen":"THE_SILENT","items_purchased":["Blind","Blur"],"campfire_rested":1,"item_purchase_floors":[5,8],"current_hp_per_floor":[56,38,38,34,34,34,33,33,33,24,24,24,24,6,24,0],"gold":298,"neow_bonus":"REMOVE_TWO","is_prod":false,"is_daily":false,"chose_seed":false,"campfire_upgraded":1,"win_rate":0,"timestamp":1674034863,"path_taken":["M","?","?","M","$","R","E","?","T","E","M","?","?","?","R","BOSS"],"build_version":"2022-12-18","purchased_purges":0,"victory":false,"max_hp_per_floor":[60,60,60,60,60,60,60,60,60,60,60,60,60,60,60,60],"card_choices":[{"not_picked":["Eviscerate","Catalyst"],"picked":"All Out Attack","floor":1},{"not_picked":["Acrobatics","Dagger Spray"],"picked":"Eviscerate","floor":4},{"not_picked":["Backstab","Accuracy","Quick Slash"],"picked":"SKIP","floor":7},{"not_picked":["Poisoned Stab","Quick Slash"],"picked":"Blur","floor":10},{"not_picked":["Underhanded Strike","Eviscerate"],"picked":"Acrobatics","floor":11},{"not_picked":["Acrobatics","Sucker Punch"],"picked":"Dodge and Roll","floor":13}],"player_experience":2010030,"relics_obtained":[{"floor":3,"key":"Akabeko"},{"floor":7,"key":"Oddly Smooth Stone"},{"floor":9,"key":"Tiny Chest"},{"floor":10,"key":"Art of War"}],"event_choices":[{"damage_healed":0,"gold_gain":0,"player_choice":"Entered Light","damage_taken":18,"max_hp_gain":0,"max_hp_loss":0,"event_name":"Shining Light","floor":2,"gold_loss":0,"cards_upgraded":["Defend_G","Defend_G"]},{"damage_healed":0,"gold_gain":150,"player_choice":"AGREE","damage_taken":0,"max_hp_gain":0,"max_hp_loss":0,"event_name":"Liars Game","floor":12,"gold_loss":0,"cards_obtained":["Doubt"]},{"damage_healed":0,"gold_gain":0,"player_choice":"Success","damage_taken":18,"relics_obtained":["Bag of Preparation"],"max_hp_gain":0,"max_hp_loss":0,"event_name":"Scrap Ooze","floor":14,"gold_loss":0}],"is_beta":false,"boss_relics":[],"items_purged_floors":[],"is_endless":false,"potions_floor_spawned":[1,4,10,11,13],"killed_by":"The Guardian","ascension_level":20}