{"gold_per_floor":[115,14,26,45,57,84,84,84,84,103,103,132,12,12],"floor_reached":14,"playtime":457,"items_purged":["Strike_G"],"score":200,"play_id":"35745950-13cb-4011-a022-fa35c85f6181","local_time":"20230122111953","is_ascension_mode":true,"campfire_choices":[{"floor":7,"key":"REST"}],"neow_cost":"NONE","seed_source_timestamp":1948412932000,"circlet_count":0,"master_deck":["AscendersBane","Strike_G","Strike_G","Strike_G","Defend_G","Defend_G","Defend_G","Defend_G","Survivor","Neutralize","Blade Dance","Cloak And Dagger+1","Backflip","PiercingWail","Terror","Heel Hook","Wraith Form v2","Accuracy"],"relics":["Empty Cage","Ornamental Fan","Bottled Lightning","Dream Catcher"],"potions_floor_usage":[6,6,14],"damage_taken":[{"damage":7,"enemies":"Cultist","floor":1,"turns":5},{"damage":0,"enemies":"2 Louse","floor":3,"turns":4},{"damage":0,"enemies":"Jaw Worm","floor":4,"turns":3},{"damage":2,"enemies":"Blue Slaver","floor":5,"turns":4},{"damage":36,"enemies":"Lagavulin","floor":6,"turns":9},{"damage":2,"enemies":"Looter","floor":10,"turns":4},{"damage":21,"enemies":"Gremlin Nob","floor":12,"turns":4},{"damage":11,"enemies":"3 Sentries","floor":14,"turns":4}],"seed_played":"727062558407830478","potions_obtained":[{"floor":1,"key":"LiquidMemories"},{"floor":3,"key":"LiquidMemories"}],"is_trial":false,"path_per_floor":["M","$","M","M","M","E","R","?","T","M","?","E","$","E"],"character_chosen":"THE_SILENT","items_purchased":["Cloak And Dagger","Accuracy","DistilledChaos"],"campfire_rested":1,"item_purchase_floors":[2,13,13],"current_hp_per_floor":[52,52,52,52,50,14,33,33,33,31,31,10,10,0],"gold":12,"neow_bonus":"BOSS_RELIC","is_prod":false,"is_daily":false,"chose_seed":false,"campfire_upgraded":0,"win_rate":0,"timestamp":1674382793,"path_taken":["M","?","?","M","M","E","R","?","T","M","?","E","?","E"],"build_version":"2022-12-18","purchased_purges":1,"victory":false,"max_hp_per_floor":[66,66,66,66,66,66,66,66,66,66,66,66,66,66],"card_choices":[{"not_picked":["Catalyst","Outmaneuver"],"picked":"Blade Dance","floor":1},{"not_picked":["Dagger Throw","Distraction"],"picked":"Backflip","floor":3},{"not_picked":["Slice","Outmaneuver"],"picked":"PiercingWail","floor":4},{"not_picked":["Underhanded Strike","Dodge and Roll"],"picked":"Terror","floor":5},{"not_picked":["Choke","Dodge and Roll"],"picked":"Heel Hook","floor":6},{"not_picked":["Dagger Spray","Slice","Bane"],"picked":"SKIP","floor":10},{"not_picked":["All Out Attack","Underhanded Strike"],"picked":"Wraith Form v2","floor":12}],"player_experience":2021672,"relics_obtained":[{"floor":6,"key":"Ornamental Fan"},{"floor":9,"key":"Bottled Lightning"},{"floor":12,"key":"Dream Catcher"}],"event_choices":[{"damage_healed":0,"gold_gain":0,"player_choice":"Searched \u00271\u0027 times","damage_taken":0,"max_hp_gain":0,"max_hp_loss":0,"event_name":"Dead Adventurer","floor":8,"gold_loss":0},{"damage_healed":0,"gold_gain":0,"player_choice":"Grow","damage_taken":0,"max_hp_gain":0,"max_hp_loss":0,"event_name":"Living Wall","floor":11,"gold_loss":0,"cards_upgraded":["Cloak And Dagger"]}],"is_beta":false,"boss_relics":[],"items_purged_floors":[2],"is_endless":false,"potions_floor_spawned":[1,3],"killed_by":"3 Sentries","ascension_level":20}