{"gold_per_floor":[111,127,127,144,144,144,46,59,59,59,92,242,276,66,66,66],"floor_reached":16,"playtime":460,"items_purged":["Doubt"],"score":216,"play_id":"060c2258-5eb8-4b1d-b57a-904dc304f480","local_time":"20230118095823","is_ascension_mode":true,"campfire_choices":[{"data":"Eviscerate","floor":6,"key":"SMITH"},{"data":"1","floor":10,"key":"LIFT"},{"data":"2","floor":15,"key":"LIFT"}],"neow_cost":"NONE","seed_source_timestamp":139632009378399,"circlet_count":0,"master_deck":["AscendersBane","Strike_G","Strike_G","Strike_G","Strike_G","Defend_G","Defend_G","Defend_G","Defend_G","Defend_G","Survivor","Neutralize","Quick Slash","Eviscerate+1","Outmaneuver","Acrobatics","Flechettes","Calculated Gamble"],"relics":["Ring of the Snake","NeowsBlessing","Girya","Tingsha","Anchor","Membership Card"],"potions_floor_usage":[11],"damage_taken":[{"damage":0,"enemies":"Small Slimes","floor":1,"turns":1},{"damage":0,"enemies":"2 Louse","floor":2,"turns":1},{"damage":0,"enemies":"Jaw Worm","floor":4,"turns":1},{"damage":6,"enemies":"Looter","floor":8,"turns":3},{"damage":22,"enemies":"Lagavulin","floor":11,"turns":5},{"damage":25,"enemies":"3 Sentries","floor":13,"turns":8},{"damage":32,"enemies":"Hexaghost","floor":16,"turns":9}],"seed_played":"-7526899006017510487","potions_obtained":[{"floor":1,"key":"BlessingOfTheForge"},{"floor":13,"key":"FairyPotion"}],"is_trial":false,"path_per_floor":["M","M","?","M","?","R","$","M","T","R","E","?","E","$","R","B"],"character_chosen":"THE_SILENT","items_purchased":["Acrobatics","Flechettes","Membership Card"],"campfire_rested":0,"item_purchase_floors":[7,7,14],"current_hp_per_floor":[59,59,64,64,57,57,57,51,51,51,29,29,4,4,4,0],"gold":66,"neow_bonus":"THREE_ENEMY_KILL","is_prod":false,"is_daily":false,"chose_seed":false,"campfire_upgraded":1,"win_rate":0,"timestamp":1674032303,"path_taken":["M","M","?","M","?","R","?","M","T","R","E","?","E","$","R","BOSS"],"build_version":"2022-12-18","purchased_purges":1,"victory":false,"max_hp_per_floor":[66,66,71,71,71,71,71,71,71,71,71,71,71,71,71,71],"card_choices":[{"not_picked":["Caltrops","Slice"],"picked":"Quick Slash","floor":1},{"not_picked":["Deflect","Flying Knee"],"picked":"Eviscerate","floor":2},{"not_picked":["PiercingWail","Dodge and Roll"],"picked":"Outmaneuver","floor":4},{"not_picked":["Deflect","Cloak And Dagger","Infinite Blades"],"picked":"SKIP","floor":8},{"not_picked":["Bane","Endless Agony","Acrobatics"],"picked":"SKIP","floor":11},{"not_picked":["Quick Slash","Eviscerate"],"picked":"Calculated Gamble","floor":13}],"player_experience":2007626,"relics_obtained":[{"floor":9,"key":"Girya"},{"floor":11,"key":"Tingsha"},{"floor":13,"key":"Anchor"}],"event_choices":[{"damage_healed":0,"gold_gain":0,"player_choice":"Donut","damage_taken":0,"max_hp_gain":5,"max_hp_loss":0,"event_name":"Big Fish","floor":3,"gold_loss":0},{"cards_removed":["Strike_G"],"damage_healed":0,"gold_gain":0,"player_choice":"Card Removal","damage_taken":7,"max_hp_gain":0,"max_hp_loss":0,"event_name":"Golden Wing","floor":5,"gold_loss":0},{"damage_healed":0,"gold_gain":150,"player_choice":"AGREE","damage_taken":0,"max_hp_gain":0,"max_hp_loss":0,"event_name":"Liars Game","floor":12,"gold_loss":0,"cards_obtained":["Doubt"]}],"is_beta":false,"boss_relics":[],"items_purged_floors":[14],"is_endless":false,"potions_floor_spawned":[1,13],"killed_by":"Hexaghost","ascension_level":20}