{"gold_per_floor":[113,113,124,124,49,75,20,50,50,50],"floor_reached":10,"playtime":272,"items_purged":["Regret"],"score":198,"play_id":"a2fe5017-1222-4c64-8110-83619cb52e1a","local_time":"20230118094708","is_ascension_mode":true,"campfire_choices":[],"neow_cost":"NONE","seed_source_timestamp":139145492312199,"circlet_count":0,"master_deck":["AscendersBane","Strike_G","Strike_G","Strike_G","Strike_G","Strike_G","Defend_G","Defend_G","Defend_G","Defend_G","Defend_G","Survivor","Neutralize","Dagger Spray","Poisoned Stab","PiercingWail","Backflip","Caltrops"],"relics":["Ring of the Snake","NeowsBlessing","HornCleat","Juzu Bracelet","Dream Catcher","Art of War","Pear"],"potions_floor_usage":[8,10],"damage_taken":[{"damage":0,"enemies":"Jaw Worm","floor":1,"turns":1},{"damage":0,"enemies":"2 Louse","floor":3,"turns":1},{"damage":0,"enemies":"Lagavulin","floor":6,"turns":1},{"damage":25,"enemies":"3 Sentries","floor":8,"turns":8},{"damage":50,"enemies":"Lagavulin","floor":10,"turns":9}],"seed_played":"5660451051071048714","potions_obtained":[{"floor":1,"key":"AttackPotion"},{"floor":8,"key":"GamblersBrew"}],"is_trial":false,"path_per_floor":["M","?","M","?","$","E","$","E","T","E"],"character_chosen":"THE_SILENT","items_purchased":["Backflip"],"campfire_rested":0,"item_purchase_floors":[7],"current_hp_per_floor":[59,59,59,54,54,54,54,29,39,0],"gold":50,"neow_bonus":"THREE_ENEMY_KILL","is_prod":false,"is_daily":false,"chose_seed":false,"campfire_upgraded":0,"win_rate":0,"timestamp":1674031628,"path_taken":["M","?","M","?","$","E","?","E","T","E"],"build_version":"2022-12-18","purchased_purges":1,"victory":false,"max_hp_per_floor":[66,66,66,66,66,66,66,66,76,76],"card_choices":[{"not_picked":["Leg Sweep","Bane"],"picked":"Dagger Spray","floor":1},{"not_picked":["PiercingWail","Dodge and Roll"],"picked":"Poisoned Stab","floor":3},{"not_picked":["Dagger Throw","Setup"],"picked":"PiercingWail","floor":6},{"not_picked":["Escape Plan","Dodge and Roll"],"picked":"Caltrops","floor":8}],"player_experience":2007167,"relics_obtained":[{"floor":6,"key":"Dream Catcher"},{"floor":8,"key":"Art of War"},{"floor":9,"key":"Pear"}],"event_choices":[{"damage_healed":0,"gold_gain":0,"player_choice":"Box","damage_taken":0,"relics_obtained":["HornCleat"],"max_hp_gain":0,"max_hp_loss":0,"event_name":"Big Fish","floor":2,"gold_loss":0,"cards_obtained":["Regret"]},{"damage_healed":0,"gold_gain":0,"player_choice":"Success","damage_taken":5,"relics_obtained":["Juzu Bracelet"],"max_hp_gain":0,"max_hp_loss":0,"event_name":"Scrap Ooze","floor":4,"gold_loss":0}],"is_beta":false,"boss_relics":[],"items_purged_floors":[5],"is_endless":false,"potions_floor_spawned":[1,8],"killed_by":"Lagavulin","ascension_level":20}