{"gold_per_floor":[115,115,132,28,41,41,75,95,120,147,147,161,61,88,88,88],"floor_reached":16,"playtime":1409,"items_purged":["Regret","Strike_G"],"score":200,"play_id":"90e69b5d-0f1e-460c-8356-4c2a044606bb","local_time":"20230125222751","is_ascension_mode":true,"campfire_choices":[{"data":"Deadly Poison","floor":6,"key":"SMITH"},{"floor":11,"key":"REST"},{"data":"Noxious Fumes","floor":15,"key":"SMITH"}],"neow_cost":"NONE","seed_source_timestamp":788458941333900,"circlet_count":0,"master_deck":["AscendersBane","Strike_G","Strike_G","Strike_G","Strike_G","Defend_G","Defend_G","Defend_G","Defend_G","Defend_G","Survivor","Neutralize","PiercingWail","Deadly Poison+1","Quick Slash","Expertise","Noxious Fumes+1","Poisoned Stab","Backflip"],"relics":["Ring of the Snake","NeowsBlessing","Bronze Scales","Bag of Marbles","Blood Vial","Odd Mushroom","Potion Belt"],"potions_floor_usage":[7,16],"damage_taken":[{"damage":0,"enemies":"Cultist","floor":1,"turns":1},{"damage":0,"enemies":"2 Louse","floor":3,"turns":1},{"damage":0,"enemies":"Jaw Worm","floor":5,"turns":1},{"damage":24,"enemies":"Lagavulin","floor":7,"turns":7},{"damage":0,"enemies":"2 Fungi Beasts","floor":8,"turns":4},{"damage":22,"enemies":"The Mushroom Lair","floor":10,"turns":4},{"damage":3,"enemies":"3 Louse","floor":12,"turns":3},{"damage":48,"enemies":"Slime Boss","floor":16,"turns":7}],"seed_played":"-4205031113695507072","potions_obtained":[{"floor":3,"key":"Swift Potion"},{"floor":5,"key":"EssenceOfSteel"}],"is_trial":false,"path_per_floor":["M","?","M","$","M","R","E","M","T","?","R","M","$","T","R","B"],"character_chosen":"THE_SILENT","items_purchased":["Quick Slash"],"campfire_rested":1,"item_purchase_floors":[4],"current_hp_per_floor":[59,59,59,59,59,59,35,35,35,15,34,33,33,33,33,0],"gold":88,"neow_bonus":"THREE_ENEMY_KILL","is_prod":false,"is_daily":false,"chose_seed":false,"campfire_upgraded":2,"win_rate":0,"timestamp":1674682071,"path_taken":["M","?","M","$","M","R","E","M","T","?","R","M","$","?","R","BOSS"],"build_version":"2022-12-18","purchased_purges":2,"victory":false,"max_hp_per_floor":[66,66,66,66,66,66,66,66,66,66,66,66,66,66,66,66],"card_choices":[{"not_picked":["Dagger Spray","Blade Dance"],"picked":"PiercingWail","floor":1},{"not_picked":["PiercingWail","Dodge and Roll"],"picked":"Deadly Poison","floor":3},{"not_picked":["Outmaneuver","Cloak And Dagger"],"picked":"Expertise","floor":5},{"not_picked":["Cloak And Dagger","Night Terror"],"picked":"Noxious Fumes","floor":7},{"not_picked":["Backstab","Blade Dance","Finisher"],"picked":"SKIP","floor":8},{"not_picked":["Outmaneuver","Deflect"],"picked":"Poisoned Stab","floor":10},{"not_picked":["Predator","Deflect"],"picked":"Backflip","floor":12}],"player_experience":2062704,"relics_obtained":[{"floor":7,"key":"Bag of Marbles"},{"floor":9,"key":"Blood Vial"},{"floor":10,"key":"Odd Mushroom"},{"floor":14,"key":"Potion Belt"}],"event_choices":[{"damage_healed":0,"gold_gain":0,"player_choice":"Box","damage_taken":0,"relics_obtained":["Bronze Scales"],"max_hp_gain":0,"max_hp_loss":0,"event_name":"Big Fish","floor":2,"gold_loss":0,"cards_obtained":["Regret"]},{"damage_healed":0,"gold_gain":0,"player_choice":"Fought Mushrooms","damage_taken":0,"max_hp_gain":0,"max_hp_loss":0,"event_name":"Mushrooms","floor":10,"gold_loss":0}],"is_beta":false,"boss_relics":[],"items_purged_floors":[4,13],"is_endless":false,"potions_floor_spawned":[3,5],"killed_by":"Slime Boss","ascension_level":20}