{"gold_per_floor":[111,176,176,186,14,49,49,75,101,114,55,66,66,99,99,173,173,189,20,34,34,34],"floor_reached":22,"playtime":4730,"items_purged":[],"score":404,"play_id":"8c4a22fd-30d3-44d3-8da1-d06b52ee35fe","local_time":"20230122195703","is_ascension_mode":true,"campfire_choices":[{"data":"Wraith Form v2","floor":7,"key":"SMITH"},{"floor":13,"key":"REST"},{"data":"Malaise","floor":15,"key":"SMITH"}],"neow_cost":"TEN_PERCENT_HP_LOSS","seed_source_timestamp":516896404005500,"circlet_count":0,"master_deck":["AscendersBane","Survivor","Neutralize","All Out Attack","Malaise+1","Cloak And Dagger","Wraith Form v2+1","Flying Knee","Quick Slash","Outmaneuver","Concentrate","Escape Plan","Well Laid Plans","Backflip","Phantasmal Killer","Night Terror","Reflex","Flying Knee","Infinite Blades","Venomology","Acrobatics","Corpse Explosion","Burst","Tactician","Bane+1"],"relics":["Ring of the Snake","Dead Branch","Orrery","PreservedInsect","Toy Ornithopter","Blood Vial","Question Card","Lizard Tail","Pandora\u0027s Box","Lee\u0027s Waffle","Singing Bowl"],"potions_floor_usage":[4,16,16,18,22,22],"damage_taken":[{"damage":0,"enemies":"Jaw Worm","floor":1,"turns":4},{"damage":3,"enemies":"2 Louse","floor":4,"turns":3},{"damage":19,"enemies":"3 Sentries","floor":6,"turns":7},{"damage":1,"enemies":"Gremlin Nob","floor":8,"turns":4},{"damage":1,"enemies":"Cultist","floor":10,"turns":4},{"damage":5,"enemies":"3 Louse","floor":12,"turns":3},{"damage":19,"enemies":"3 Sentries","floor":14,"turns":5},{"damage":71,"enemies":"Hexaghost","floor":16,"turns":21},{"damage":24,"enemies":"3 Byrds","floor":18,"turns":4},{"damage":16,"enemies":"Shell Parasite","floor":20,"turns":10},{"damage":65,"enemies":"Sentry and Sphere","floor":22,"turns":6}],"seed_played":"6008473279882517982","potions_obtained":[{"floor":1,"key":"Swift Potion"},{"floor":12,"key":"Dexterity Potion"},{"floor":14,"key":"SteroidPotion"},{"floor":16,"key":"GamblersBrew"}],"is_trial":false,"path_per_floor":["M","?","?","M","$","E","R","E","T","M","?","M","R","E","R","B",null,"M","$","M","T","M"],"character_chosen":"THE_SILENT","items_purchased":["Orrery","Lee\u0027s Waffle"],"campfire_rested":1,"item_purchase_floors":[5,19],"current_hp_per_floor":[59,59,59,56,56,37,37,36,36,37,37,34,52,35,35,7,47,30,67,51,51,0],"gold":34,"neow_bonus":"ONE_RARE_RELIC","is_prod":false,"is_daily":false,"chose_seed":false,"campfire_upgraded":2,"win_rate":0,"timestamp":1674413823,"path_taken":["M","?","?","?","$","E","R","E","T","M","?","M","R","E","R","BOSS","M","$","?","?","M"],"build_version":"2022-12-18","purchased_purges":0,"victory":false,"max_hp_per_floor":[60,60,60,60,60,60,60,60,60,60,60,60,60,60,60,60,60,60,67,67,67,67],"card_choices":[{"not_picked":["Outmaneuver","Prepared"],"picked":"All Out Attack","floor":1},{"not_picked":["Deflect","Dagger Throw","Bane"],"picked":"SKIP","floor":4},{"not_picked":["Acrobatics","Flechettes"],"picked":"Cloak And Dagger","floor":5},{"not_picked":["Riddle With Holes","Predator"],"picked":"Wraith Form v2","floor":5},{"not_picked":["Backflip","Acrobatics"],"picked":"Flying Knee","floor":5},{"not_picked":["Riddle With Holes","Sucker Punch"],"picked":"Quick Slash","floor":5},{"not_picked":["Slice","Dodge and Roll"],"picked":"Outmaneuver","floor":5},{"not_picked":["Choke","Quick Slash"],"picked":"Concentrate","floor":6},{"not_picked":["Footwork","Deflect"],"picked":"Escape Plan","floor":8},{"not_picked":["Deadly Poison","Slice","Crippling Poison"],"picked":"SKIP","floor":10},{"not_picked":["Sucker Punch","Skewer","Blade Dance"],"picked":"Well Laid Plans","floor":12},{"not_picked":["Masterful Stab","Prepared","Riddle With Holes"],"picked":"Backflip","floor":14},{"not_picked":["Glass Knife","Burst","Die Die Die"],"picked":"Phantasmal Killer","floor":16},{"not_picked":["Finisher","Prepared","Blur","Acrobatics"],"picked":"SKIP","floor":18},{"not_picked":["Prepared","Slice+1","Underhanded Strike"],"picked":"Bane+1","floor":20}],"player_experience":2033273,"relics_obtained":[{"floor":6,"key":"PreservedInsect"},{"floor":8,"key":"Toy Ornithopter"},{"floor":9,"key":"Blood Vial"},{"floor":14,"key":"Lizard Tail"},{"floor":21,"key":"Singing Bowl"}],"event_choices":[{"damage_healed":0,"gold_gain":65,"player_choice":"Gained Gold","damage_taken":0,"max_hp_gain":0,"max_hp_loss":0,"event_name":"Golden Wing","floor":2,"gold_loss":0},{"damage_healed":0,"gold_gain":0,"cards_transformed":["Strike_G"],"player_choice":"Transformed","damage_taken":0,"max_hp_gain":0,"max_hp_loss":0,"event_name":"Transmorgrifier","floor":3,"gold_loss":0,"cards_obtained":["Malaise"]},{"damage_healed":0,"gold_gain":0,"player_choice":"Paid Gold","damage_taken":0,"relics_obtained":["Question Card"],"max_hp_gain":0,"max_hp_loss":0,"event_name":"WeMeetAgain","floor":11,"gold_loss":59}],"is_beta":false,"boss_relics":[{"not_picked":["Empty Cage","Velvet Choker"],"picked":"Pandora\u0027s Box"}],"items_purged_floors":[],"is_endless":false,"potions_floor_spawned":[1,12,14,16,20],"killed_by":"Sentry and Sphere","ascension_level":20}