{"gold_per_floor":[117,117,117,117,117,117,130,130,180,180],"floor_reached":10,"playtime":181,"items_purged":[],"score":108,"play_id":"08d245cf-31f9-46f4-bc86-9332755ee4cf","local_time":"20230118094226","is_ascension_mode":true,"campfire_choices":[{"floor":6,"key":"REST"},{"data":"Noxious Fumes","floor":8,"key":"SMITH"}],"neow_cost":"CURSE","seed_source_timestamp":138954084930499,"circlet_count":0,"master_deck":["AscendersBane","Strike_G","Strike_G","Strike_G","Strike_G","Strike_G","Defend_G","Defend_G","Defend_G","Defend_G","Defend_G","Survivor","Neutralize","Flechettes+1","Noxious Fumes+1"],"relics":["Ring of the Snake","Lantern"],"potions_floor_usage":[],"damage_taken":[{"damage":23,"enemies":"Jaw Worm","floor":1,"turns":8},{"damage":4,"enemies":"Small Slimes","floor":7,"turns":4},{"damage":51,"enemies":"Lagavulin Event","floor":10,"turns":5}],"seed_played":"-7783502382205157731","potions_obtained":[],"is_trial":false,"path_per_floor":["M","?","?","?","?","R","M","R","T","?"],"character_chosen":"THE_SILENT","items_purchased":[],"campfire_rested":1,"item_purchase_floors":[],"current_hp_per_floor":[48,48,22,15,15,38,34,34,34,0],"gold":180,"neow_bonus":"TWENTY_PERCENT_HP_BONUS","is_prod":false,"is_daily":false,"chose_seed":false,"campfire_upgraded":1,"win_rate":0,"timestamp":1674031346,"path_taken":["M","?","?","?","?","R","?","R","T","?"],"build_version":"2022-12-18","purchased_purges":0,"victory":false,"max_hp_per_floor":[78,78,78,78,78,78,78,78,78,78],"card_choices":[{"not_picked":["Cloak And Dagger","Deflect"],"picked":"Flechettes","floor":1},{"not_picked":["Reflex","Deflect"],"picked":"Noxious Fumes","floor":7}],"player_experience":2006986,"relics_obtained":[],"event_choices":[{"damage_healed":0,"gold_gain":0,"player_choice":"Ignored","damage_taken":0,"max_hp_gain":0,"max_hp_loss":0,"event_name":"Shining Light","floor":2,"gold_loss":0},{"damage_healed":0,"gold_gain":0,"player_choice":"Success","damage_taken":26,"relics_obtained":["Lantern"],"max_hp_gain":0,"max_hp_loss":0,"event_name":"Scrap Ooze","floor":3,"gold_loss":0},{"cards_removed":["Shame"],"damage_healed":0,"gold_gain":0,"player_choice":"Card Removal","damage_taken":7,"max_hp_gain":0,"max_hp_loss":0,"event_name":"Golden Wing","floor":4,"gold_loss":0},{"damage_healed":0,"gold_gain":0,"player_choice":"Grow","damage_taken":0,"max_hp_gain":0,"max_hp_loss":0,"event_name":"Living Wall","floor":5,"gold_loss":0,"cards_upgraded":["Flechettes"]},{"damage_healed":0,"gold_gain":0,"player_choice":"Searched \u00271\u0027 times","damage_taken":0,"max_hp_gain":0,"max_hp_loss":0,"event_name":"Dead Adventurer","floor":10,"gold_loss":0}],"is_beta":false,"boss_relics":[],"items_purged_floors":[],"is_endless":false,"potions_floor_spawned":[],"killed_by":"Lagavulin Event","ascension_level":20}