{"gold_per_floor":[113,113,138,138,138,138,178,10,58,73,108,108,149,149,149,245,245,245,264,264,287,287,287,287],"floor_reached":24,"playtime":983,"items_purged":[],"score":424,"play_id":"76cafe40-01d7-474a-ad13-8177221aac4f","local_time":"20230122110145","is_ascension_mode":true,"campfire_choices":[{"data":"Sucker Punch","floor":6,"key":"SMITH"},{"floor":12,"key":"REST"},{"floor":15,"key":"REST"},{"floor":23,"key":"REST"}],"neow_cost":"PERCENT_DAMAGE","seed_source_timestamp":333726439700,"circlet_count":0,"master_deck":["AscendersBane","Strike_G","Strike_G","Strike_G","Strike_G","Strike_G+1","Defend_G","Defend_G","Defend_G","Defend_G","Defend_G","Survivor+1","Neutralize","Venomology","Sucker Punch+1","Injury","Distraction","Venomology","PiercingWail","Caltrops","Dagger Throw","Doppelganger","Escape Plan","Pain","Cloak And Dagger"],"relics":["Ring of the Snake","Golden Idol","Bird Faced Urn","Art of War","Potion Belt","Tiny Chest","Blood Vial","SacredBark","WarpedTongs","The Courier"],"potions_floor_usage":[3,7,7,7,10,11,11,11,13,13,13,16,16,18,19,19,19,21,21,21,24],"damage_taken":[{"damage":0,"enemies":"2 Louse","floor":1,"turns":3},{"damage":1,"enemies":"Jaw Worm","floor":3,"turns":3},{"damage":21,"enemies":"3 Sentries","floor":7,"turns":8},{"damage":0,"enemies":"Cultist","floor":10,"turns":4},{"damage":6,"enemies":"Gremlin Nob","floor":11,"turns":3},{"damage":22,"enemies":"3 Sentries","floor":13,"turns":9},{"damage":25,"enemies":"The Guardian","floor":16,"turns":20},{"damage":0,"enemies":"Spheric Guardian","floor":18,"turns":1},{"damage":24,"enemies":"Chosen","floor":19,"turns":9},{"damage":29,"enemies":"Shelled Parasite and Fungi","floor":21,"turns":6},{"damage":43,"enemies":"3 Cultists","floor":24,"turns":5}],"seed_played":"2274309062529960349","potions_obtained":[{"floor":3,"key":"Swift Potion"},{"floor":7,"key":"FearPotion"},{"floor":11,"key":"PowerPotion"},{"floor":16,"key":"BlessingOfTheForge"}],"is_trial":false,"path_per_floor":["M","?","M","?","?","R","E","$","T","M","E","R","E","?","R","B",null,"M","M","?","M","T","R","M"],"character_chosen":"THE_SILENT","items_purchased":["Art of War"],"campfire_rested":3,"item_purchase_floors":[8],"current_hp_per_floor":[44,44,43,43,48,48,27,27,27,27,23,44,26,5,26,5,55,57,37,37,12,12,33,0],"gold":287,"neow_bonus":"THREE_RARE_CARDS","is_prod":false,"is_daily":false,"chose_seed":false,"campfire_upgraded":1,"win_rate":0,"timestamp":1674381705,"path_taken":["M","?","M","?","?","R","E","$","T","?","E","R","E","?","R","BOSS","M","M","?","?","?","R","?"],"build_version":"2022-12-18","purchased_purges":0,"victory":false,"max_hp_per_floor":[66,66,66,66,71,71,71,71,71,71,71,71,71,71,71,71,71,71,71,71,71,71,71,71],"card_choices":[{"not_picked":["Night Terror","Corpse Explosion"],"picked":"Venomology","floor":0},{"not_picked":["Slice","Setup"],"picked":"Sucker Punch","floor":1},{"not_picked":["Dodge and Roll","PiercingWail"],"picked":"Distraction","floor":3},{"not_picked":["Predator","Backflip"],"picked":"Venomology","floor":7},{"not_picked":["Dodge and Roll","Sucker Punch"],"picked":"PiercingWail","floor":10},{"not_picked":["Prepared","Storm of Steel"],"picked":"Caltrops","floor":11},{"not_picked":["Accuracy","Blade Dance"],"picked":"Dagger Throw","floor":13},{"not_picked":["Bullet Time","Die Die Die"],"picked":"Doppelganger","floor":16},{"not_picked":["Bane","Poisoned Stab"],"picked":"Escape Plan","floor":19},{"not_picked":["Blade Dance","Bane"],"picked":"Cloak And Dagger","floor":21}],"player_experience":2020085,"relics_obtained":[{"floor":7,"key":"Bird Faced Urn"},{"floor":9,"key":"Potion Belt"},{"floor":11,"key":"Tiny Chest"},{"floor":13,"key":"Blood Vial"},{"floor":22,"key":"The Courier"}],"event_choices":[{"damage_healed":0,"gold_gain":0,"player_choice":"Take Wound","damage_taken":0,"relics_obtained":["Golden Idol"],"max_hp_gain":0,"max_hp_loss":0,"event_name":"Golden Idol","floor":2,"gold_loss":0,"cards_obtained":["Injury"]},{"damage_healed":0,"gold_gain":0,"player_choice":"Ignored","damage_taken":0,"max_hp_gain":0,"max_hp_loss":0,"event_name":"Liars Game","floor":4,"gold_loss":0},{"damage_healed":0,"gold_gain":0,"player_choice":"Donut","damage_taken":0,"max_hp_gain":5,"max_hp_loss":0,"event_name":"Big Fish","floor":5,"gold_loss":0},{"damage_healed":0,"gold_gain":0,"player_choice":"Entered Light","damage_taken":21,"max_hp_gain":0,"max_hp_loss":0,"event_name":"Shining Light","floor":14,"gold_loss":0,"cards_upgraded":["Strike_G","Survivor"]},{"damage_healed":0,"gold_gain":0,"player_choice":"Rummage","damage_taken":0,"relics_obtained":["WarpedTongs"],"max_hp_gain":0,"max_hp_loss":0,"event_name":"Accursed Blacksmith","floor":20,"gold_loss":0,"cards_obtained":["Pain"]}],"is_beta":false,"boss_relics":[{"not_picked":["Sozu","SlaversCollar"],"picked":"SacredBark"}],"items_purged_floors":[],"is_endless":false,"potions_floor_spawned":[3,7,11,16,18],"killed_by":"3 Cultists","ascension_level":20}