{"gold_per_floor":[363,376,6,6,6,36,36,62,108,122,10,43,43,70,70,70],"floor_reached":16,"playtime":601,"items_purged":[],"score":252,"play_id":"e4d65726-f0cd-453e-9a98-d79176738d96","local_time":"20230130111525","is_ascension_mode":true,"campfire_choices":[{"floor":7,"key":"REST"},{"floor":13,"key":"REST"},{"data":"Inflame","floor":15,"key":"SMITH"}],"neow_cost":"PERCENT_DAMAGE","seed_source_timestamp":267447319028800,"circlet_count":0,"master_deck":["AscendersBane","Strike_G","Strike_G","Strike_G","Strike_G","Strike_G","Defend_G","Defend_G","Defend_G","Defend_G","Defend_G","Survivor","Neutralize","Poisoned Stab","Escape Plan","All Out Attack","Steam","Inflame+1","Backflip","Blind"],"relics":["Ring of the Snake","PrismaticShard","Anchor","Blood Vial","Pocketwatch","White Beast Statue","Akabeko","Dream Catcher","MealTicket"],"potions_floor_usage":[6,8,12,14,16],"damage_taken":[{"damage":0,"enemies":"2 Louse","floor":1,"turns":4},{"damage":0,"enemies":"Jaw Worm","floor":2,"turns":5},{"damage":29,"enemies":"Gremlin Nob","floor":6,"turns":4},{"damage":21,"enemies":"3 Sentries","floor":8,"turns":14},{"damage":0,"enemies":"Cultist","floor":10,"turns":4},{"damage":20,"enemies":"Lagavulin","floor":12,"turns":6},{"damage":8,"enemies":"Gremlin Nob","floor":14,"turns":3},{"damage":17,"enemies":"Hexaghost","floor":16,"turns":9}],"seed_played":"9098376773861197466","potions_obtained":[{"floor":1,"key":"Energy Potion"},{"floor":6,"key":"Dexterity Potion"},{"floor":10,"key":"SkillPotion"},{"floor":12,"key":"SteroidPotion"},{"floor":14,"key":"SkillPotion"}],"is_trial":false,"path_per_floor":["M","M","$","?","T","E","R","E","T","M","$","E","R","E","R","B"],"character_chosen":"THE_SILENT","items_purchased":["PrismaticShard","All Out Attack","Anchor","SmokeBomb"],"campfire_rested":2,"item_purchase_floors":[3,3,3,11],"current_hp_per_floor":[44,44,44,44,44,17,36,17,17,19,19,1,20,14,14,0],"gold":70,"neow_bonus":"TWO_FIFTY_GOLD","is_prod":false,"is_daily":false,"chose_seed":false,"campfire_upgraded":1,"win_rate":0,"timestamp":1675073725,"path_taken":["M","M","$","?","?","E","R","E","T","M","$","E","R","E","R","BOSS"],"build_version":"2022-12-18","purchased_purges":0,"victory":false,"max_hp_per_floor":[66,66,66,66,66,66,66,66,66,66,66,66,66,66,66,66],"card_choices":[{"not_picked":["Tactician","Dodge and Roll"],"picked":"Poisoned Stab","floor":1},{"not_picked":["Sucker Punch","Footwork"],"picked":"Escape Plan","floor":2},{"not_picked":["Force Field","Sentinel"],"picked":"Steam","floor":6},{"not_picked":["Redo","Chill"],"picked":"Inflame","floor":8},{"not_picked":["Bane","Dagger Throw","FTL"],"picked":"SKIP","floor":10},{"not_picked":["Eviscerate","Slice","Compile Driver"],"picked":"SKIP","floor":12},{"not_picked":["Pommel Strike","SandsOfTime"],"picked":"Backflip","floor":13},{"not_picked":["Blur","Clash"],"picked":"Blind","floor":14}],"player_experience":2071052,"relics_obtained":[{"floor":5,"key":"Blood Vial"},{"floor":6,"key":"Pocketwatch"},{"floor":8,"key":"White Beast Statue"},{"floor":9,"key":"Akabeko"},{"floor":12,"key":"Dream Catcher"},{"floor":14,"key":"MealTicket"}],"event_choices":[{"damage_healed":0,"gold_gain":0,"player_choice":"Ignored","damage_taken":0,"max_hp_gain":0,"max_hp_loss":0,"event_name":"Shining Light","floor":4,"gold_loss":0}],"is_beta":false,"boss_relics":[],"items_purged_floors":[],"is_endless":false,"potions_floor_spawned":[1,6,10,12,14],"killed_by":"Hexaghost","ascension_level":20}