{"gold_per_floor":[116,116,181,197,247,247,273,273,273,323,343,343],"floor_reached":12,"playtime":3103,"items_purged":[],"score":156,"play_id":"13830f80-c0a6-4a62-84d0-7d6390c18483","local_time":"20230202205159","is_ascension_mode":true,"campfire_choices":[{"data":"A Thousand Cuts","floor":6,"key":"SMITH"},{"floor":8,"key":"REST"}],"neow_cost":"NONE","seed_source_timestamp":558749146095800,"circlet_count":0,"master_deck":["AscendersBane","Strike_G","Strike_G","Strike_G","Defend_G","Defend_G","Defend_G","Defend_G","Defend_G","Survivor","Neutralize","Quick Slash","Bouncing Flask","PiercingWail","A Thousand Cuts+1","Bouncing Flask","Dodge and Roll"],"relics":["Ring of the Snake","NeowsBlessing","SsserpentHead","Peace Pipe","Letter Opener"],"potions_floor_usage":[12],"damage_taken":[{"damage":0,"enemies":"2 Louse","floor":1,"turns":1},{"damage":0,"enemies":"Cultist","floor":3,"turns":1},{"damage":0,"enemies":"Small Slimes","floor":4,"turns":1},{"damage":47,"enemies":"Lagavulin","floor":7,"turns":7},{"damage":6,"enemies":"2 Fungi Beasts","floor":11,"turns":5},{"damage":22,"enemies":"Gremlin Nob","floor":12,"turns":3}],"seed_played":"1298238650368323758","potions_obtained":[{"floor":3,"key":"BlessingOfTheForge"},{"floor":11,"key":"BlessingOfTheForge"}],"is_trial":false,"path_per_floor":["M","?","M","M","?","R","E","R","T","?","M","E"],"character_chosen":"THE_SILENT","items_purchased":[],"campfire_rested":1,"item_purchase_floors":[],"current_hp_per_floor":[59,59,59,59,59,59,12,31,31,24,18,0],"gold":343,"neow_bonus":"THREE_ENEMY_KILL","is_prod":false,"is_daily":false,"chose_seed":false,"campfire_upgraded":1,"win_rate":0,"timestamp":1675367519,"path_taken":["M","?","?","M","?","R","E","R","T","?","M","E"],"build_version":"2022-12-18","purchased_purges":0,"victory":false,"max_hp_per_floor":[66,66,66,66,66,66,66,66,66,66,66,66],"card_choices":[{"not_picked":["Blade Dance","Eviscerate"],"picked":"Quick Slash","floor":1},{"not_picked":["Catalyst","Blade Dance"],"picked":"Bouncing Flask","floor":3},{"not_picked":["Underhanded Strike","Slice"],"picked":"PiercingWail","floor":4},{"not_picked":["Prepared","Finisher"],"picked":"Bouncing Flask","floor":7},{"not_picked":["Tactician","Deflect"],"picked":"Dodge and Roll","floor":11}],"player_experience":2086144,"relics_obtained":[{"floor":7,"key":"Peace Pipe"},{"floor":9,"key":"Letter Opener"}],"event_choices":[{"damage_healed":0,"gold_gain":0,"player_choice":"Trade","damage_taken":0,"relics_obtained":["SsserpentHead"],"max_hp_gain":0,"max_hp_loss":0,"event_name":"FaceTrader","floor":2,"gold_loss":0},{"damage_healed":0,"gold_gain":0,"cards_transformed":["Strike_G"],"player_choice":"Change","damage_taken":0,"max_hp_gain":0,"max_hp_loss":0,"event_name":"Living Wall","floor":5,"gold_loss":0,"cards_obtained":["A Thousand Cuts"]},{"cards_removed":["Strike_G"],"damage_healed":0,"gold_gain":0,"player_choice":"Card Removal","damage_taken":7,"max_hp_gain":0,"max_hp_loss":0,"event_name":"Golden Wing","floor":10,"gold_loss":0}],"is_beta":false,"boss_relics":[],"items_purged_floors":[],"is_endless":false,"potions_floor_spawned":[3,11],"killed_by":"Gremlin Nob","ascension_level":20}