{"gold_per_floor":[116,41,60,135,135,135,164,164,212,223,279,306,306,99,99,173,173,187,162,176,101,101,101,134,159,184,184,194,294,325,325,325,402,402,418,435,489,26,26,59,94,94,94,94,127,160,182,226,238,250,262],"floor_reached":51,"playtime":2027,"items_purged":["Defend_G","Strike_G"],"score":1770,"play_id":"646844cb-efcf-4b71-96d6-b9df23d257f1","local_time":"20230130115650","is_ascension_mode":true,"campfire_choices":[{"data":"Accuracy","floor":6,"key":"SMITH"},{"data":"Flechettes","floor":8,"key":"SMITH"},{"floor":13,"key":"REST"},{"floor":15,"key":"REST"},{"floor":23,"key":"REST"},{"data":"After Image","floor":27,"key":"SMITH"},{"data":"Cloak And Dagger","floor":32,"key":"SMITH"},{"floor":42,"key":"RECALL"},{"data":"Strike_G","floor":44,"key":"PURGE"},{"data":"Strike_G","floor":49,"key":"PURGE"}],"neow_cost":"NONE","seed_source_timestamp":268505669841400,"circlet_count":0,"master_deck":["AscendersBane","Defend_G","Defend_G","Defend_G","Defend_G","Survivor","Neutralize+1","Accuracy+1","Flechettes+1","Acrobatics","Cloak And Dagger","Cloak And Dagger+1","Calculated Gamble","Flash of Steel+1","Expertise","After Image+1","Blade Dance","Slice+1","Decay","Infinite Blades","Leg Sweep","Terror+1","A Thousand Cuts","Backflip","Blade Dance","Escape Plan+1","Caltrops+1","Infinite Blades"],"relics":["Ring of the Snake","NeowsBlessing","FaceOfCleric","Kunai","Bronze Scales","StrikeDummy","Blood Vial","WristBlade","Red Mask","Darkstone Periapt","Oddly Smooth Stone","Turnip","Ninja Scroll","Juzu Bracelet","Philosopher\u0027s Stone","WingedGreaves","Membership Card","Shuriken","Bag of Marbles","Smiling Mask","Peace Pipe","MealTicket","MawBank","Whetstone"],"potions_floor_usage":[11,18,19,24,25,29,51],"damage_taken":[{"damage":0,"enemies":"Small Slimes","floor":1,"turns":1},{"damage":0,"enemies":"Jaw Worm","floor":3,"turns":1},{"damage":0,"enemies":"3 Sentries","floor":7,"turns":1},{"damage":0,"enemies":"Cultist","floor":10,"turns":5},{"damage":24,"enemies":"Gremlin Nob","floor":11,"turns":4},{"damage":18,"enemies":"Lagavulin","floor":12,"turns":7},{"damage":5,"enemies":"The Guardian","floor":16,"turns":12},{"damage":36,"enemies":"Chosen","floor":18,"turns":7},{"damage":8,"enemies":"2 Thieves","floor":19,"turns":4},{"damage":16,"enemies":"Snake Plant","floor":20,"turns":4},{"damage":3,"enemies":"Masked Bandits","floor":24,"turns":3},{"damage":0,"enemies":"Gremlin Leader","floor":25,"turns":5},{"damage":5,"enemies":"Centurion and Healer","floor":28,"turns":5},{"damage":4,"enemies":"Colosseum Slavers","floor":29,"turns":5},{"damage":31,"enemies":"Colosseum Nobs","floor":29,"turns":4},{"damage":8,"enemies":"Slavers","floor":30,"turns":5},{"damage":27,"enemies":"Automaton","floor":33,"turns":8},{"damage":0,"enemies":"Orb Walker","floor":35,"turns":3},{"damage":3,"enemies":"3 Darklings","floor":36,"turns":4},{"damage":1,"enemies":"2 Orb Walkers","floor":37,"turns":4},{"damage":4,"enemies":"Nemesis","floor":40,"turns":3},{"damage":5,"enemies":"Reptomancer","floor":41,"turns":4},{"damage":0,"enemies":"Giant Head","floor":45,"turns":5},{"damage":14,"enemies":"Reptomancer","floor":46,"turns":4},{"damage":0,"enemies":"Writhing Mass","floor":47,"turns":3},{"damage":3,"enemies":"Nemesis","floor":48,"turns":5},{"damage":57,"enemies":"Awakened One","floor":50,"turns":8},{"damage":19,"enemies":"Time Eater","floor":51,"turns":4}],"seed_played":"-1756203968389584343","potions_obtained":[{"floor":7,"key":"EssenceOfSteel"},{"floor":12,"key":"Energy Potion"},{"floor":16,"key":"Strength Potion"},{"floor":18,"key":"Weak Potion"},{"floor":20,"key":"LiquidMemories"},{"floor":24,"key":"Weak Potion"},{"floor":33,"key":"Ancient Potion"},{"floor":35,"key":"FearPotion"},{"floor":46,"key":"Strength Potion"}],"is_trial":false,"path_per_floor":["M","?","M","?","?","R","E","R","T","M","?","E","R","$","R","B",null,"M","M","M","?","?","R","?","E","T","R","M","?","E","?","R","B",null,"M","M","?","$","?","E","E","R","T","R","E","E","M","E","R","B","B"],"character_chosen":"THE_SILENT","items_purchased":["Flash of Steel","Expertise","Membership Card","Shuriken","Bag of Marbles","Blade Dance"],"campfire_rested":3,"item_purchase_floors":[14,14,38,38,38,38],"current_hp_per_floor":[59,59,59,48,48,48,49,49,49,50,27,10,31,31,52,50,66,33,28,15,15,15,37,37,40,40,40,38,9,4,80,80,54,74,77,77,79,79,79,78,76,76,76,76,79,68,71,71,71,17,0],"gold":262,"neow_bonus":"THREE_ENEMY_KILL","is_prod":false,"is_daily":false,"chose_seed":false,"campfire_upgraded":4,"win_rate":0,"timestamp":1675076210,"path_taken":["M","?","M","?","?","R","E","R","T","?","?","E","R","$","R","BOSS","M","M","M","?","?","R","?","E","T","R","M","?","E","?","R","BOSS","M","M","?","$","?","E","E","R","T","R","E","E","M","E","R","BOSS","BOSS"],"build_version":"2022-12-18","purchased_purges":2,"victory":false,"max_hp_per_floor":[66,66,66,66,66,66,67,67,67,68,69,70,70,70,70,71,71,72,73,74,74,74,74,75,76,76,76,77,79,80,80,80,81,81,82,83,84,84,84,85,86,86,86,86,87,88,89,90,90,91,91],"card_choices":[{"not_picked":["Deflect","Flying Knee"],"picked":"Accuracy","floor":1},{"not_picked":["Underhanded Strike","Expertise"],"picked":"Flechettes","floor":3},{"not_picked":["Setup","Blur"],"picked":"Acrobatics","floor":7},{"not_picked":["Deadly Poison","Unload"],"picked":"Cloak And Dagger","floor":10},{"not_picked":["Backflip","Choke"],"picked":"Cloak And Dagger","floor":11},{"not_picked":["Skewer","Outmaneuver"],"picked":"Calculated Gamble","floor":12},{"not_picked":["Doppelganger","Bullet Time"],"picked":"After Image","floor":16},{"not_picked":["Footwork","Deadly Poison","Catalyst"],"picked":"SKIP","floor":18},{"not_picked":["Concentrate","Dodge and Roll"],"picked":"Blade Dance","floor":19},{"not_picked":["Flechettes","PiercingWail"],"picked":"Slice+1","floor":20},{"not_picked":["Flying Knee","Bane+1"],"picked":"Infinite Blades","floor":24},{"not_picked":["Poisoned Stab","Riddle With Holes"],"picked":"Leg Sweep","floor":25},{"not_picked":["Flying Knee","Reflex"],"picked":"Terror+1","floor":28},{"not_picked":["Flechettes","Backflip","Quick Slash"],"picked":"SKIP","floor":30},{"not_picked":["Unload","Malaise"],"picked":"A Thousand Cuts","floor":33},{"not_picked":["Quick Slash","Flying Knee"],"picked":"Backflip","floor":35},{"not_picked":["Leg Sweep","Dagger Spray+1","Distraction"],"picked":"SKIP","floor":36},{"not_picked":["Underhanded Strike","Sucker Punch"],"picked":"Escape Plan+1","floor":40},{"not_picked":["Quick Slash","Deflect"],"picked":"Caltrops+1","floor":41},{"not_picked":["Bouncing Flask+1","Eviscerate","Unload"],"picked":"SKIP","floor":45},{"not_picked":["Prepared","Backflip","Skewer"],"picked":"SKIP","floor":46},{"not_picked":["Leg Sweep","Noxious Fumes"],"picked":"Infinite Blades","floor":47},{"not_picked":["Poisoned Stab+1","Blade Dance","Bane"],"picked":"SKIP","floor":48}],"player_experience":2072070,"relics_obtained":[{"floor":7,"key":"Kunai"},{"floor":9,"key":"Bronze Scales"},{"floor":12,"key":"Blood Vial"},{"floor":24,"key":"Red Mask"},{"floor":25,"key":"Darkstone Periapt"},{"floor":26,"key":"Oddly Smooth Stone"},{"floor":29,"key":"Turnip"},{"floor":29,"key":"Ninja Scroll"},{"floor":30,"key":"Juzu Bracelet"},{"floor":37,"key":"WingedGreaves"},{"floor":40,"key":"Smiling Mask"},{"floor":41,"key":"Peace Pipe"},{"floor":45,"key":"MealTicket"},{"floor":46,"key":"MawBank"},{"floor":48,"key":"Whetstone"}],"event_choices":[{"cards_removed":["Strike_G"],"damage_healed":0,"gold_gain":0,"player_choice":"Card Removal","damage_taken":0,"max_hp_gain":0,"max_hp_loss":0,"event_name":"The Cleric","floor":2,"gold_loss":75},{"damage_healed":0,"gold_gain":75,"player_choice":"Gather Gold","damage_taken":11,"max_hp_gain":0,"max_hp_loss":0,"event_name":"World of Goop","floor":4,"gold_loss":0},{"damage_healed":0,"gold_gain":0,"player_choice":"Trade","damage_taken":0,"relics_obtained":["FaceOfCleric"],"max_hp_gain":0,"max_hp_loss":0,"event_name":"FaceTrader","floor":5,"gold_loss":0},{"damage_healed":0,"gold_gain":0,"player_choice":"Searched \u00272\u0027 times","damage_taken":0,"relics_obtained":["StrikeDummy"],"max_hp_gain":0,"max_hp_loss":0,"event_name":"Dead Adventurer","floor":11,"gold_loss":0},{"cards_removed":["Strike_G"],"damage_healed":0,"gold_gain":0,"player_choice":"Gave Gold","damage_taken":0,"max_hp_gain":0,"max_hp_loss":0,"event_name":"Beggar","floor":21,"gold_loss":75},{"damage_healed":0,"gold_gain":0,"player_choice":"Smashed Altar","damage_taken":0,"max_hp_gain":0,"max_hp_loss":0,"event_name":"Forgotten Altar","floor":22,"gold_loss":0,"cards_obtained":["Decay"]},{"damage_healed":0,"gold_gain":0,"player_choice":"Fought Bandits","damage_taken":0,"max_hp_gain":0,"max_hp_loss":0,"event_name":"Masked Bandits","floor":24,"gold_loss":0},{"damage_healed":0,"gold_gain":0,"player_choice":"Fight","damage_taken":0,"max_hp_gain":0,"max_hp_loss":0,"event_name":"Colosseum","floor":29,"gold_loss":0},{"damage_healed":0,"gold_gain":0,"player_choice":"Fought Nobs","damage_taken":0,"max_hp_gain":0,"max_hp_loss":0,"event_name":"Colosseum","floor":29,"gold_loss":0},{"damage_healed":76,"gold_gain":0,"player_choice":"Full Heal","damage_taken":0,"max_hp_gain":0,"max_hp_loss":0,"event_name":"Wheel of Change","floor":31,"gold_loss":0},{"damage_healed":0,"gold_gain":0,"player_choice":"Fight","damage_taken":0,"max_hp_gain":0,"max_hp_loss":0,"event_name":"Mysterious Sphere","floor":37,"gold_loss":0},{"damage_healed":0,"gold_gain":0,"player_choice":"Memory 1","damage_taken":0,"max_hp_gain":0,"max_hp_loss":0,"event_name":"SensoryStone","floor":39,"gold_loss":0}],"is_beta":false,"boss_relics":[{"not_picked":["SacredBark","Snecko Eye"],"picked":"WristBlade"},{"not_picked":["Sozu","Empty Cage"],"picked":"Philosopher\u0027s Stone"}],"items_purged_floors":[14,38],"is_endless":false,"potions_floor_spawned":[7,12,16,18,20,24,33,35,41,46,48],"killed_by":"Time Eater","ascension_level":20}