{"gold_per_floor":[19,29,29,47,72,110,260,260,260,285,32,32],"floor_reached":12,"playtime":446,"items_purged":[],"score":156,"play_id":"7994d5d3-3ff8-4949-874e-6cb6fcd1f731","local_time":"20230201120041","is_ascension_mode":true,"campfire_choices":[{"floor":8,"key":"REST"}],"neow_cost":"NO_GOLD","seed_source_timestamp":85345451704700,"circlet_count":0,"master_deck":["AscendersBane","Strike_G","Strike_G","Strike_G","Strike_G","Strike_G","Defend_G","Defend_G","Defend_G","Defend_G","Defend_G","Survivor","Neutralize","Predator","Noxious Fumes","Quick Slash","Phantasmal Killer","Doubt","Calculated Gamble","Bane","Deadly Poison"],"relics":["Ring of the Snake","Golden Idol","Question Card","Shovel","Odd Mushroom","ClockworkSouvenir"],"potions_floor_usage":[5,10],"damage_taken":[{"damage":0,"enemies":"2 Louse","floor":1,"turns":4},{"damage":1,"enemies":"Jaw Worm","floor":2,"turns":3},{"damage":6,"enemies":"Small Slimes","floor":4,"turns":4},{"damage":9,"enemies":"Gremlin Gang","floor":5,"turns":6},{"damage":50,"enemies":"Lagavulin","floor":6,"turns":8},{"damage":20,"enemies":"The Mushroom Lair","floor":10,"turns":4},{"damage":6,"enemies":"Gremlin Nob","floor":12,"turns":2}],"seed_played":"7741268879103319661","potions_obtained":[{"floor":2,"key":"Energy Potion"},{"floor":4,"key":"SteroidPotion"}],"is_trial":false,"path_per_floor":["M","M","?","M","M","E","?","R","T","?","$","E"],"character_chosen":"THE_SILENT","items_purchased":["Bane","Deadly Poison","ClockworkSouvenir"],"campfire_rested":1,"item_purchase_floors":[11,11,11],"current_hp_per_floor":[71,70,70,64,55,5,5,26,26,6,6,0],"gold":32,"neow_bonus":"TWENTY_PERCENT_HP_BONUS","is_prod":false,"is_daily":false,"chose_seed":false,"campfire_upgraded":0,"win_rate":0,"timestamp":1675249241,"path_taken":["M","M","?","M","M","E","?","R","T","?","$","E"],"build_version":"2022-12-18","purchased_purges":0,"victory":false,"max_hp_per_floor":[78,78,71,71,71,71,71,71,71,71,71,71],"card_choices":[{"not_picked":["Blade Dance","Concentrate"],"picked":"Predator","floor":1},{"not_picked":["Underhanded Strike","Prepared"],"picked":"Noxious Fumes","floor":2},{"not_picked":["Sucker Punch","Underhanded Strike"],"picked":"Quick Slash","floor":4},{"not_picked":["Predator","Accuracy","Blade Dance"],"picked":"SKIP","floor":5},{"not_picked":["Outmaneuver","Die Die Die"],"picked":"Phantasmal Killer","floor":6},{"not_picked":["Skewer","Dagger Throw","Heel Hook"],"picked":"Calculated Gamble","floor":10}],"player_experience":2083146,"relics_obtained":[{"floor":6,"key":"Question Card"},{"floor":9,"key":"Shovel"},{"floor":10,"key":"Odd Mushroom"}],"event_choices":[{"damage_healed":0,"gold_gain":0,"player_choice":"Lose Max HP","damage_taken":0,"relics_obtained":["Golden Idol"],"max_hp_gain":0,"max_hp_loss":7,"event_name":"Golden Idol","floor":3,"gold_loss":0},{"damage_healed":0,"gold_gain":150,"player_choice":"AGREE","damage_taken":0,"max_hp_gain":0,"max_hp_loss":0,"event_name":"Liars Game","floor":7,"gold_loss":0,"cards_obtained":["Doubt"]},{"damage_healed":0,"gold_gain":0,"player_choice":"Fought Mushrooms","damage_taken":0,"max_hp_gain":0,"max_hp_loss":0,"event_name":"Mushrooms","floor":10,"gold_loss":0}],"is_beta":false,"boss_relics":[],"items_purged_floors":[],"is_endless":false,"potions_floor_spawned":[2,4],"killed_by":"Gremlin Nob","ascension_level":20}