{"gold_per_floor":[109,109,125,140,155,191,191,191,191,156,81,81,81],"floor_reached":13,"playtime":417,"items_purged":[],"score":186,"play_id":"db60fbeb-884e-40d3-a7fc-57de843b1372","local_time":"20230130112237","is_ascension_mode":true,"campfire_choices":[{"floor":7,"key":"REST"}],"neow_cost":"NONE","seed_source_timestamp":268063510901800,"circlet_count":0,"master_deck":["AscendersBane","Strike_G","Strike_G","Strike_G","Strike_G","Defend_G","Defend_G","Defend_G","Defend_G","Defend_G","Survivor","Neutralize","Catalyst","Dagger Spray","Acrobatics","Poisoned Stab","Venomology","Bouncing Flask"],"relics":["SacredBark","Golden Idol","Snake Skull","Bottled Flame"],"potions_floor_usage":[5,8,8],"damage_taken":[{"damage":1,"enemies":"Small Slimes","floor":1,"turns":6},{"damage":4,"enemies":"Jaw Worm","floor":3,"turns":7},{"damage":3,"enemies":"2 Louse","floor":4,"turns":3},{"damage":4,"enemies":"Lots of Slimes","floor":5,"turns":5},{"damage":42,"enemies":"Gremlin Nob","floor":6,"turns":5},{"damage":20,"enemies":"Lagavulin","floor":8,"turns":5},{"damage":36,"enemies":"Gremlin Nob","floor":13,"turns":3}],"seed_played":"-9189378564418445412","potions_obtained":[{"floor":3,"key":"ColorlessPotion"},{"floor":6,"key":"BlessingOfTheForge"}],"is_trial":false,"path_per_floor":["M","?","M","M","M","E","R","E","T","?","$","?","E"],"character_chosen":"THE_SILENT","items_purchased":["Bouncing Flask"],"campfire_rested":1,"item_purchase_floors":[11],"current_hp_per_floor":[58,58,54,51,47,5,23,3,3,18,18,18,0],"gold":81,"neow_bonus":"BOSS_RELIC","is_prod":false,"is_daily":false,"chose_seed":false,"campfire_upgraded":0,"win_rate":0,"timestamp":1675074157,"path_taken":["M","?","M","M","M","E","R","E","T","?","$","?","E"],"build_version":"2022-12-18","purchased_purges":0,"victory":false,"max_hp_per_floor":[66,60,60,60,60,60,60,60,60,60,60,60,60],"card_choices":[{"not_picked":["Acrobatics","Slice"],"picked":"Catalyst","floor":1},{"not_picked":["Acrobatics","Dagger Throw"],"picked":"Dagger Spray","floor":3},{"not_picked":["Blade Dance","Dagger Throw"],"picked":"Acrobatics","floor":4},{"not_picked":["Finisher","Phantasmal Killer"],"picked":"Poisoned Stab","floor":5},{"not_picked":["Slice","Caltrops"],"picked":"Venomology","floor":6}],"player_experience":2071653,"relics_obtained":[{"floor":6,"key":"Snake Skull"},{"floor":9,"key":"Bottled Flame"}],"event_choices":[{"damage_healed":0,"gold_gain":0,"player_choice":"Lose Max HP","damage_taken":0,"relics_obtained":["Golden Idol"],"max_hp_gain":0,"max_hp_loss":6,"event_name":"Golden Idol","floor":2,"gold_loss":0},{"damage_healed":15,"gold_gain":0,"player_choice":"Healed","damage_taken":0,"max_hp_gain":0,"max_hp_loss":0,"event_name":"The Cleric","floor":10,"gold_loss":35},{"cards_removed":["Strike_G"],"damage_healed":0,"gold_gain":0,"player_choice":"Purged","damage_taken":0,"max_hp_gain":0,"max_hp_loss":0,"event_name":"Purifier","floor":12,"gold_loss":0}],"is_beta":false,"boss_relics":[],"items_purged_floors":[],"is_endless":false,"potions_floor_spawned":[3,6,8],"killed_by":"Gremlin Nob","ascension_level":20}