{"gold_per_floor":[115,115,133,150,225,225,40,75,75,95],"floor_reached":10,"playtime":162,"items_purged":[],"score":132,"play_id":"2fdfa99c-d50d-4aef-a341-9f6837e57c30","local_time":"20230220221338","is_ascension_mode":true,"campfire_choices":[{"data":"Dagger Spray","floor":6,"key":"SMITH"}],"neow_cost":"NONE","seed_source_timestamp":2121802514277600,"circlet_count":0,"master_deck":["AscendersBane","Strike_G","Strike_G","Strike_G","Strike_G","Defend_G","Defend_G","Defend_G","Defend_G","Defend_G","Survivor","Neutralize","Backflip","Slice","Flying Knee","Dagger Spray+1","HandOfGreed","Leg Sweep"],"relics":["Ring of the Snake","NeowsBlessing","Mummified Hand","Sundial"],"potions_floor_usage":[8],"damage_taken":[{"damage":0,"enemies":"Cultist","floor":1,"turns":1},{"damage":0,"enemies":"Small Slimes","floor":3,"turns":1},{"damage":0,"enemies":"Jaw Worm","floor":4,"turns":1},{"damage":28,"enemies":"Gremlin Nob","floor":8,"turns":4},{"damage":25,"enemies":"3 Sentries","floor":10,"turns":4}],"seed_played":"-1226931231490967047","potions_obtained":[{"floor":4,"key":"GamblersBrew"}],"is_trial":false,"path_per_floor":["M","?","M","M","?","R","$","E","T","E"],"character_chosen":"THE_SILENT","items_purchased":["HandOfGreed"],"campfire_rested":0,"item_purchase_floors":[7],"current_hp_per_floor":[59,59,59,59,48,48,48,20,20,0],"gold":95,"neow_bonus":"THREE_ENEMY_KILL","is_prod":false,"is_daily":false,"chose_seed":false,"campfire_upgraded":1,"win_rate":0,"timestamp":1676927618,"path_taken":["M","?","M","?","?","R","$","E","T","E"],"build_version":"2022-12-18","purchased_purges":0,"victory":false,"max_hp_per_floor":[66,66,66,66,66,66,66,66,66,66],"card_choices":[{"not_picked":["Deadly Poison","Finisher"],"picked":"Backflip","floor":1},{"not_picked":["Deadly Poison","Blade Dance"],"picked":"Flying Knee","floor":3},{"not_picked":["Prepared","Deadly Poison"],"picked":"Dagger Spray","floor":4},{"not_picked":["Distraction","Flying Knee"],"picked":"Leg Sweep","floor":8}],"player_experience":2126681,"relics_obtained":[{"floor":8,"key":"Mummified Hand"},{"floor":9,"key":"Sundial"}],"event_choices":[{"damage_healed":0,"gold_gain":0,"cards_transformed":["Strike_G"],"player_choice":"Transformed","damage_taken":0,"max_hp_gain":0,"max_hp_loss":0,"event_name":"Transmorgrifier","floor":2,"gold_loss":0,"cards_obtained":["Slice"]},{"damage_healed":0,"gold_gain":75,"player_choice":"Gather Gold","damage_taken":11,"max_hp_gain":0,"max_hp_loss":0,"event_name":"World of Goop","floor":5,"gold_loss":0}],"is_beta":false,"boss_relics":[],"items_purged_floors":[],"is_endless":false,"potions_floor_spawned":[4],"killed_by":"3 Sentries","ascension_level":20}