{"gold_per_floor":[114,39,57,57,207,207,238,238,262,262,279,23,43,43,43,115,115,135,22,72,72,56,56],"floor_reached":23,"playtime":680,"items_purged":["Strike_G","Doubt"],"score":424,"play_id":"cf8bb568-52f0-4ce9-b030-cf6bd019698c","local_time":"20230227164353","is_ascension_mode":true,"campfire_choices":[{"data":"Deadly Poison","floor":6,"key":"SMITH"},{"data":"Sucker Punch","floor":8,"key":"SMITH"},{"data":"Poisoned Stab","floor":10,"key":"SMITH"},{"data":"Neutralize","floor":15,"key":"SMITH"}],"neow_cost":"NONE","seed_source_timestamp":1773352629800,"circlet_count":0,"master_deck":["AscendersBane","Strike_G","Strike_G","Strike_G","Defend_G+1","Defend_G","Defend_G","Defend_G+1","Defend_G","Survivor","Neutralize+1","Sucker Punch+1","Deadly Poison+1","Poisoned Stab+1","Venomology","Bouncing Flask+1","Night Terror","Escape Plan","Bane","Escape Plan","PiercingWail"],"relics":["Ring of the Snake","NeowsBlessing","Mercury Hourglass","War Paint","SacredBark"],"potions_floor_usage":[16,16,18,22,23,23,23,23,23],"damage_taken":[{"damage":0,"enemies":"2 Louse","floor":1,"turns":1},{"damage":0,"enemies":"Small Slimes","floor":3,"turns":1},{"damage":0,"enemies":"Gremlin Nob","floor":7,"turns":1},{"damage":0,"enemies":"Cultist","floor":11,"turns":3},{"damage":5,"enemies":"3 Louse","floor":13,"turns":3},{"damage":63,"enemies":"Slime Boss","floor":16,"turns":11},{"damage":28,"enemies":"Shell Parasite","floor":18,"turns":10},{"damage":23,"enemies":"2 Thieves","floor":22,"turns":5},{"damage":49,"enemies":"Gremlin Leader","floor":23,"turns":9}],"seed_played":"6878465110742124398","potions_obtained":[{"floor":1,"key":"Explosive Potion"},{"floor":3,"key":"Poison Potion"},{"floor":22,"key":"GamblersBrew"}],"is_trial":false,"path_per_floor":["M","$","M","?","?","R","E","R","T","R","M","$","M","?","R","B",null,"M","$","?","$","M","E"],"character_chosen":"THE_SILENT","items_purchased":["Venomology","Bane","Escape Plan"],"campfire_rested":0,"item_purchase_floors":[12,19,19],"current_hp_per_floor":[59,59,59,52,52,52,52,52,52,52,52,52,47,47,47,8,52,24,24,24,24,1,0],"gold":56,"neow_bonus":"THREE_ENEMY_KILL","is_prod":false,"is_daily":false,"chose_seed":false,"campfire_upgraded":4,"win_rate":0,"timestamp":1677512633,"path_taken":["M","$","M","?","?","R","E","R","T","R","M","$","M","?","R","BOSS","M","?","?","?","?","E"],"build_version":"2022-12-18","purchased_purges":2,"victory":false,"max_hp_per_floor":[66,66,66,66,66,66,66,66,66,66,66,66,66,66,66,66,66,66,66,66,66,66,66],"card_choices":[{"not_picked":["Setup","Catalyst"],"picked":"Sucker Punch","floor":1},{"not_picked":["Slice","Concentrate"],"picked":"Deadly Poison","floor":3},{"not_picked":["Escape Plan","Acrobatics"],"picked":"Poisoned Stab","floor":7},{"not_picked":["Flying Knee","Sucker Punch","Deflect"],"picked":"SKIP","floor":11},{"not_picked":["Prepared","Slice"],"picked":"Bouncing Flask","floor":13},{"not_picked":["Die Die Die","A Thousand Cuts"],"picked":"Night Terror","floor":16},{"not_picked":["Dagger Spray","Bane"],"picked":"Escape Plan","floor":18},{"not_picked":["Cloak And Dagger","Endless Agony"],"picked":"PiercingWail","floor":22}],"player_experience":2177712,"relics_obtained":[{"floor":7,"key":"Mercury Hourglass"},{"floor":9,"key":"War Paint"}],"event_choices":[{"cards_removed":["Strike_G"],"damage_healed":0,"gold_gain":0,"player_choice":"Card Removal","damage_taken":7,"max_hp_gain":0,"max_hp_loss":0,"event_name":"Golden Wing","floor":4,"gold_loss":0},{"damage_healed":0,"gold_gain":150,"player_choice":"AGREE","damage_taken":0,"max_hp_gain":0,"max_hp_loss":0,"event_name":"Liars Game","floor":5,"gold_loss":0,"cards_obtained":["Doubt"]},{"damage_healed":0,"gold_gain":0,"player_choice":"Upgraded","damage_taken":0,"max_hp_gain":0,"max_hp_loss":0,"event_name":"Upgrade Shrine","floor":14,"gold_loss":0,"cards_upgraded":["Bouncing Flask"]},{"damage_healed":0,"gold_gain":50,"player_choice":"Stole From Cult","damage_taken":0,"max_hp_gain":0,"max_hp_loss":0,"event_name":"Nest","floor":20,"gold_loss":0}],"is_beta":false,"boss_relics":[{"not_picked":["Ectoplasm","Velvet Choker"],"picked":"SacredBark"}],"items_purged_floors":[2,12],"is_endless":false,"potions_floor_spawned":[1,3,13,22],"killed_by":"Gremlin Leader","ascension_level":20}