{"gold_per_floor":[12,12,36,54,54,88,88,88,111,149,173,323,75,109,109,109],"floor_reached":16,"playtime":552,"items_purged":["Doubt"],"score":236,"play_id":"867fc0c9-7ff6-4e2f-988b-0d58f569ecc0","local_time":"20230301204045","is_ascension_mode":true,"campfire_choices":[{"floor":7.0,"key":"REST"},{"floor":15,"key":"REST"}],"neow_cost":"NO_GOLD","seed_source_timestamp":34027941573999,"circlet_count":0,"master_deck":["AscendersBane","Strike_G","Strike_G","Strike_G","Strike_G","Strike_G","Defend_G","Defend_G","Defend_G","Defend_G","Defend_G","Survivor","Neutralize","Mayhem+1","Leg Sweep","Injury","Escape Plan","Caltrops","Backflip","Masterful Stab","A Thousand Cuts","Quick Slash","Blur","Malaise"],"special_seed":0,"relics":["Ring of the Snake","Golden Idol","Bag of Marbles","Centennial Puzzle","Ornamental Fan","Blood Vial"],"potions_floor_usage":[14],"damage_taken":[{"damage":1.0,"enemies":"2 Louse","floor":1.0,"turns":3.0},{"damage":0.0,"enemies":"Small Slimes","floor":3.0,"turns":6.0},{"damage":7.0,"enemies":"Cultist","floor":4.0,"turns":5.0},{"damage":29.0,"enemies":"3 Sentries","floor":6.0,"turns":18.0},{"damage":37.0,"enemies":"Gremlin Nob","floor":10.0,"turns":6.0},{"damage":0.0,"enemies":"Blue Slaver","floor":11.0,"turns":3.0},{"damage":5,"enemies":"Lagavulin","floor":14,"turns":9},{"damage":29,"enemies":"Slime Boss","floor":16,"turns":6}],"seed_played":"-7080528964388233543","potions_obtained":[{"floor":1.0,"key":"Dexterity Potion"},{"floor":4.0,"key":"Energy Potion"},{"floor":14,"key":"Explosive Potion"}],"is_trial":false,"path_per_floor":["M","?","M","M","?","E","R","?","T","E","M","?","$","E","R","B"],"character_chosen":"THE_SILENT","items_purchased":["Quick Slash","Blur","SkillPotion"],"campfire_rested":2,"item_purchase_floors":[13,13,13],"current_hp_per_floor":[58,58,58,51,56,27,48,48,48,11,11,11,11,6,27,0],"gold":109,"neow_bonus":"RANDOM_COLORLESS_2","is_prod":false,"is_daily":false,"chose_seed":false,"campfire_upgraded":0,"win_rate":0,"timestamp":1677699645,"path_taken":["M","?","M","M","?","E","R","?","T","E","?","?","$","E","R","BOSS"],"build_version":"2022-12-18","purchased_purges":1,"victory":false,"max_hp_per_floor":[66,66,66,66,71,71,71,71,71,71,71,71,71,71,71,71],"card_choices":[{"not_picked":["Violence","Master of Strategy"],"picked":"Mayhem","floor":0.0},{"not_picked":["Poisoned Stab","All Out Attack"],"picked":"Leg Sweep","floor":1.0},{"not_picked":["Cloak And Dagger","Bane"],"picked":"Escape Plan","floor":3.0},{"not_picked":["Outmaneuver","Cloak And Dagger"],"picked":"Caltrops","floor":4.0},{"not_picked":["Flechettes","Blade Dance"],"picked":"Backflip","floor":6.0},{"not_picked":["Deadly Poison","Acrobatics"],"picked":"Masterful Stab","floor":10.0},{"not_picked":["Noxious Fumes","Riddle With Holes"],"picked":"A Thousand Cuts","floor":11.0},{"not_picked":["Dagger Throw","Poisoned Stab"],"picked":"Malaise","floor":14}],"player_experience":2185919,"relics_obtained":[{"floor":6.0,"key":"Bag of Marbles"},{"floor":9.0,"key":"Centennial Puzzle"},{"floor":10.0,"key":"Ornamental Fan"},{"floor":14,"key":"Blood Vial"}],"event_choices":[{"damage_healed":0.0,"max_hp_gain":0.0,"max_hp_loss":0.0,"gold_gain":0.0,"event_name":"Golden Idol","player_choice":"Take Wound","floor":2.0,"gold_loss":0.0,"damage_taken":0.0,"relics_obtained":["Golden Idol"],"cards_obtained":["Injury"]},{"damage_healed":0.0,"max_hp_gain":5.0,"max_hp_loss":0.0,"gold_gain":0.0,"event_name":"Big Fish","player_choice":"Donut","floor":5.0,"gold_loss":0.0,"damage_taken":0.0},{"damage_healed":0.0,"max_hp_gain":0.0,"max_hp_loss":0.0,"gold_gain":0.0,"event_name":"Upgrade Shrine","player_choice":"Upgraded","floor":8.0,"gold_loss":0.0,"damage_taken":0.0,"cards_upgraded":["Mayhem"]},{"damage_healed":0.0,"max_hp_gain":0.0,"max_hp_loss":0.0,"gold_gain":150.0,"event_name":"Liars Game","player_choice":"AGREE","floor":12.0,"gold_loss":0.0,"damage_taken":0.0,"cards_obtained":["Doubt"]}],"is_beta":false,"boss_relics":[],"items_purged_floors":[13],"is_endless":false,"potions_floor_spawned":[1,4,14],"killed_by":"Slime Boss","ascension_level":20}