{"gold_per_floor":[114,40,190,190,57,57,91,111,134,167,180,160,192,165,165,165],"floor_reached":16,"playtime":380,"items_purged":["Doubt"],"score":286,"play_id":"2a39ff9e-790d-4143-8cda-13adc1571c85","local_time":"20230227122648","is_ascension_mode":true,"campfire_choices":[{"data":"Bane","floor":6,"key":"SMITH"},{"data":"Deadly Poison","floor":15,"key":"SMITH"}],"neow_cost":"NONE","seed_source_timestamp":7211456082700,"circlet_count":0,"master_deck":["AscendersBane","Strike_G","Strike_G","Strike_G","Strike_G","Strike_G","Defend_G","Defend_G","Defend_G","Defend_G","Defend_G","Survivor","Neutralize","Poisoned Stab+1","Corpse Explosion","Bane+1","Deflect","Setup","Outmaneuver","Deadly Poison+1"],"relics":["Ring of the Snake","NeowsBlessing","Regal Pillow","Toy Ornithopter","Girya","Bag of Marbles"],"potions_floor_usage":[10,13,16,16],"damage_taken":[{"damage":0,"enemies":"2 Louse","floor":1,"turns":2},{"damage":0,"enemies":"Gremlin Nob","floor":7,"turns":1},{"damage":0,"enemies":"Cultist","floor":8,"turns":1},{"damage":17,"enemies":"Lagavulin","floor":10,"turns":6},{"damage":7,"enemies":"Jaw Worm","floor":11,"turns":3},{"damage":13,"enemies":"3 Sentries","floor":13,"turns":3},{"damage":11,"enemies":"Exordium Thugs","floor":14,"turns":4},{"damage":51,"enemies":"Slime Boss","floor":16,"turns":8}],"seed_played":"3633525185455027484","potions_obtained":[{"floor":7,"key":"SteroidPotion"},{"floor":10,"key":"SpeedPotion"},{"floor":11,"key":"Regen Potion"},{"floor":12,"key":"Block Potion"},{"floor":13,"key":"GamblersBrew"}],"is_trial":false,"path_per_floor":["M","$","?","?","$","R","E","M","T","E","M","?","E","M","R","B"],"character_chosen":"THE_SILENT","items_purchased":["Corpse Explosion","Bane"],"campfire_rested":0,"item_purchase_floors":[2,5],"current_hp_per_floor":[59,59,59,59,59,59,59,59,59,47,40,40,41,30,30,0],"gold":165,"neow_bonus":"THREE_ENEMY_KILL","is_prod":false,"is_daily":false,"chose_seed":false,"campfire_upgraded":2,"win_rate":0,"timestamp":1677497208,"path_taken":["M","$","?","?","$","R","E","?","T","E","M","?","E","M","R","BOSS"],"build_version":"2022-12-18","purchased_purges":1,"victory":false,"max_hp_per_floor":[66,66,66,66,66,66,66,66,66,66,66,66,66,66,66,66],"card_choices":[{"not_picked":["Deflect","Noxious Fumes"],"picked":"Poisoned Stab","floor":1},{"not_picked":["Dagger Spray","Sucker Punch"],"picked":"Deflect","floor":7},{"not_picked":["Dodge and Roll","Bane","Acrobatics"],"picked":"SKIP","floor":8},{"not_picked":["Storm of Steel","Acrobatics"],"picked":"Setup","floor":10},{"not_picked":["Flying Knee","Dagger Throw","Distraction"],"picked":"SKIP","floor":11},{"not_picked":["Blade Dance","Envenom"],"picked":"Outmaneuver","floor":13},{"not_picked":["Slice","Dagger Spray"],"picked":"Deadly Poison","floor":14}],"player_experience":2175710,"relics_obtained":[{"floor":7,"key":"Regal Pillow"},{"floor":9,"key":"Toy Ornithopter"},{"floor":10,"key":"Girya"},{"floor":13,"key":"Bag of Marbles"}],"event_choices":[{"damage_healed":0,"gold_gain":150,"player_choice":"AGREE","damage_taken":0,"max_hp_gain":0,"max_hp_loss":0,"event_name":"Liars Game","floor":3,"gold_loss":0,"cards_obtained":["Doubt"]},{"damage_healed":0,"gold_gain":0,"player_choice":"Upgraded","damage_taken":0,"max_hp_gain":0,"max_hp_loss":0,"event_name":"Upgrade Shrine","floor":4,"gold_loss":0,"cards_upgraded":["Poisoned Stab"]},{"damage_healed":0,"gold_gain":0,"player_choice":"Bought 1 Potion","damage_taken":0,"max_hp_gain":0,"max_hp_loss":0,"event_name":"The Woman in Blue","floor":12,"gold_loss":0}],"is_beta":false,"boss_relics":[],"items_purged_floors":[5],"is_endless":false,"potions_floor_spawned":[7,10,11,13],"killed_by":"Slime Boss","ascension_level":20}