{"gold_per_floor":[115,115,134,1,1,36,36,65,65,84,101,101,120,150,150,150],"floor_reached":16,"playtime":503,"items_purged":["Strike_G"],"score":220,"play_id":"b530443c-5a5c-4817-9d4a-2e2685071176","local_time":"20230225223506","is_ascension_mode":true,"campfire_choices":[{"data":"Sadistic Nature","floor":7,"key":"SMITH"},{"floor":12,"key":"REST"},{"floor":15,"key":"REST"}],"neow_cost":"TEN_PERCENT_HP_LOSS","seed_source_timestamp":2554766760222800,"circlet_count":0,"master_deck":["AscendersBane","Strike_G","Strike_G","Strike_G","Strike_G","Defend_G","Defend_G","Defend_G","Defend_G","Defend_G","Survivor","Neutralize","Sadistic Nature+1","Backflip","Sucker Punch","PiercingWail","Escape Plan","Crippling Poison","Acrobatics","PiercingWail"],"relics":["Ring of the Snake","CultistMask","Turnip","The Specimen","Paper Crane","Ginger"],"potions_floor_usage":[6,16],"damage_taken":[{"damage":0,"enemies":"Small Slimes","floor":1,"turns":5},{"damage":2,"enemies":"Cultist","floor":3,"turns":4},{"damage":13,"enemies":"3 Sentries","floor":6,"turns":10},{"damage":32,"enemies":"Lagavulin","floor":8,"turns":7},{"damage":0,"enemies":"Jaw Worm","floor":10,"turns":2},{"damage":0,"enemies":"2 Fungi Beasts","floor":11,"turns":2},{"damage":11,"enemies":"Exordium Wildlife","floor":13,"turns":6},{"damage":64,"enemies":"Slime Boss","floor":16,"turns":13}],"seed_played":"-5142613032883921688","potions_obtained":[{"floor":1,"key":"ColorlessPotion"},{"floor":3,"key":"FairyPotion"},{"floor":10,"key":"SteroidPotion"}],"is_trial":false,"path_per_floor":["M","?","M","$","?","E","R","E","T","M","M","R","M","?","R","B"],"character_chosen":"THE_SILENT","items_purchased":["PiercingWail"],"campfire_rested":2,"item_purchase_floors":[4],"current_hp_per_floor":[59,59,57,57,57,44,44,12,12,12,12,30,19,19,37,0],"gold":150,"neow_bonus":"RANDOM_COLORLESS_2","is_prod":false,"is_daily":false,"chose_seed":false,"campfire_upgraded":1,"win_rate":0,"timestamp":1677360906,"path_taken":["M","?","?","$","?","E","R","E","T","M","M","R","M","?","R","BOSS"],"build_version":"2022-12-18","purchased_purges":1,"victory":false,"max_hp_per_floor":[60,60,60,60,60,60,60,60,60,60,60,60,60,60,60,60],"card_choices":[{"not_picked":["Secret Technique","The Bomb"],"picked":"Sadistic Nature","floor":0},{"not_picked":["Dodge and Roll","Prepared"],"picked":"Backflip","floor":1},{"not_picked":["Accuracy","Quick Slash"],"picked":"Sucker Punch","floor":3},{"not_picked":["Choke","Storm of Steel"],"picked":"Escape Plan","floor":6},{"not_picked":["Acrobatics","Finisher"],"picked":"Crippling Poison","floor":8},{"not_picked":["Deflect","Bane","Cloak And Dagger"],"picked":"SKIP","floor":10},{"not_picked":["Infinite Blades","Deflect"],"picked":"Acrobatics","floor":11},{"not_picked":["Endless Agony","Dagger Throw"],"picked":"PiercingWail","floor":13}],"player_experience":2160459,"relics_obtained":[{"floor":6,"key":"Turnip"},{"floor":8,"key":"The Specimen"},{"floor":9,"key":"Paper Crane"}],"event_choices":[{"damage_healed":0,"gold_gain":0,"player_choice":"Trade","damage_taken":0,"relics_obtained":["CultistMask"],"max_hp_gain":0,"max_hp_loss":0,"event_name":"FaceTrader","floor":2,"gold_loss":0},{"damage_healed":0,"gold_gain":0,"player_choice":"Ignored","damage_taken":0,"max_hp_gain":0,"max_hp_loss":0,"event_name":"Liars Game","floor":5,"gold_loss":0},{"damage_healed":0,"gold_gain":30,"player_choice":"Searched \u00272\u0027 times","damage_taken":0,"relics_obtained":["Ginger"],"max_hp_gain":0,"max_hp_loss":0,"event_name":"Dead Adventurer","floor":14,"gold_loss":0}],"is_beta":false,"boss_relics":[],"items_purged_floors":[4],"is_endless":false,"potions_floor_spawned":[1,3,10],"killed_by":"Slime Boss","ascension_level":20}