{"gold_per_floor":[116,116,129,139,149,149,176,176,255,289,289,289,19,36,36,109,109,129,44,94,113,128,159,159,184,184,218,234,48,48,68,68,145,145,162,162,236,236,250,250,275,60,87,87,37,37,67,84,84,84,84,84,84,34,59,59],"floor_reached":56,"playtime":1841,"items_purged":["Pain","Strike_G","Defend_G"],"score":1967,"play_id":"b9817938-40ed-4628-a1ec-6ece8f3f98a4","local_time":"20230225235036","is_ascension_mode":true,"campfire_choices":[{"data":"Glass Knife","floor":6,"key":"SMITH"},{"floor":8,"key":"REST"},{"floor":12,"key":"REST"},{"data":"Sadistic Nature","floor":15,"key":"SMITH"},{"data":"Bouncing Flask","floor":30,"key":"SMITH"},{"floor":32,"key":"REST"},{"data":"Blind","floor":40,"key":"SMITH"},{"floor":44,"key":"REST"},{"floor":46,"key":"RECALL"},{"data":"Catalyst","floor":49,"key":"SMITH"},{"floor":53,"key":"REST"}],"neow_cost":"PERCENT_DAMAGE","seed_source_timestamp":2557957323935900,"circlet_count":0,"master_deck":["AscendersBane","Defend_G","Defend_G","Defend_G","Defend_G","Survivor","Neutralize","Sadistic Nature+1","Dagger Spray","Deadly Poison","Glass Knife+1","Deflect","Bouncing Flask+1","Distraction","Footwork","Doppelganger","Deflect+1","Dagger Spray+1","Malaise+1","Catalyst+1","Bouncing Flask","Poisoned Stab","Calculated Gamble","Blind+1","Escape Plan"],"relics":["Ring of the Snake","Incense Burner","Bottled Flame","Regal Pillow","Singing Bowl","Astrolabe","Potion Belt","Mercury Hourglass","Letter Opener","Strawberry","PreservedInsect","Busted Crown","Paper Crane","WarpedTongs","Smiling Mask","Snake Skull","Ancient Tea Set","Mummified Hand","Gremlin Horn"],"potions_floor_usage":[10,21,21,23,23,25,27,33,35,35,47,55,56,56],"damage_taken":[{"damage":1,"enemies":"2 Louse","floor":1,"turns":3},{"damage":0,"enemies":"Cultist","floor":3,"turns":4},{"damage":4,"enemies":"Small Slimes","floor":4,"turns":3},{"damage":1,"enemies":"Red Slaver","floor":5,"turns":3},{"damage":25,"enemies":"3 Sentries","floor":7,"turns":8},{"damage":21,"enemies":"Lagavulin","floor":10,"turns":4},{"damage":1,"enemies":"3 Louse","floor":14,"turns":3},{"damage":25,"enemies":"The Guardian","floor":16,"turns":9},{"damage":2,"enemies":"Shell Parasite","floor":18,"turns":4},{"damage":11,"enemies":"3 Byrds","floor":21,"turns":5},{"damage":2,"enemies":"Sentry and Sphere","floor":22,"turns":6},{"damage":3,"enemies":"Slavers","floor":23,"turns":2},{"damage":8,"enemies":"Book of Stabbing","floor":25,"turns":7},{"damage":16,"enemies":"Gremlin Leader","floor":27,"turns":6},{"damage":8,"enemies":"Centurion and Healer","floor":28,"turns":5},{"damage":13,"enemies":"Snake Plant","floor":31,"turns":3},{"damage":51,"enemies":"Collector","floor":33,"turns":6},{"damage":24,"enemies":"3 Darklings","floor":35,"turns":5},{"damage":9,"enemies":"Orb Walker","floor":39,"turns":3},{"damage":7,"enemies":"Giant Head","floor":41,"turns":6},{"damage":1,"enemies":"Reptomancer","floor":47,"turns":6},{"damage":1,"enemies":"4 Shapes","floor":48,"turns":5},{"damage":39,"enemies":"Donu and Deca","floor":50,"turns":10},{"damage":25,"enemies":"Time Eater","floor":51,"turns":10},{"damage":39,"enemies":"Shield and Spear","floor":55,"turns":6},{"damage":68,"enemies":"The Heart","floor":56,"turns":5}],"seed_played":"-974563259557873469","potions_obtained":[{"floor":1,"key":"LiquidBronze"},{"floor":7,"key":"AttackPotion"},{"floor":10,"key":"BlessingOfTheForge"},{"floor":11,"key":"EntropicBrew"},{"floor":11,"key":"PowerPotion"},{"floor":23,"key":"Regen Potion"},{"floor":27,"key":"SteroidPotion"},{"floor":31,"key":"CultistPotion"},{"floor":33,"key":"Weak Potion"},{"floor":35,"key":"SkillPotion"},{"floor":39,"key":"Fire Potion"},{"floor":47,"key":"EssenceOfSteel"}],"is_trial":false,"path_per_floor":["M","?","M","M","M","R","E","R","T","E","?","R","$","M","R","B",null,"M","?","?","M","M","E","?","E","T","E","M","$","R","M","R","B",null,"M","?","T","?","M","R","E","$","T","R","$","R","E","M","R","B","B",null,"R","$","E","B"],"character_chosen":"THE_SILENT","items_purchased":["Singing Bowl","PreservedInsect","Poisoned Stab","Snake Skull"],"campfire_rested":5,"item_purchase_floors":[13,29,29,42],"current_hp_per_floor":[43,43,43,39,38,38,13,32,32,11,11,45,45,44,44,19,54,54,54,54,45,45,44,44,53,53,46,38,38,38,25,65,16,69,47,47,47,47,40,40,33,33,33,75,75,75,76,77,77,38,13,75,95,95,58,0],"gold":59,"neow_bonus":"RANDOM_COLORLESS_2","is_prod":false,"is_daily":false,"chose_seed":false,"campfire_upgraded":5,"win_rate":0,"timestamp":1677365436,"path_taken":["M","?","?","M","?","R","E","R","T","E","?","R","$","?","R","BOSS","M","?","?","M","M","E","?","E","T","E","M","$","R","M","R","BOSS","M","?","?","?","?","R","E","$","T","R","?","R","E","?","R","BOSS","BOSS","R","$","E","BOSS"],"build_version":"2022-12-18","purchased_purges":3,"victory":false,"max_hp_per_floor":[66,66,66,66,66,66,66,66,66,66,66,66,66,66,66,66,66,68,68,68,70,72,74,74,76,76,85,85,85,85,85,85,87,87,89,89,89,89,91,91,91,91,91,91,91,91,93,95,95,95,95,95,95,95,97,97],"card_choices":[{"not_picked":["Secret Technique","Thinking Ahead"],"picked":"Sadistic Nature","floor":0},{"not_picked":["Slice","Dagger Throw"],"picked":"Dagger Spray","floor":1},{"not_picked":["Calculated Gamble","Accuracy"],"picked":"Deadly Poison","floor":3},{"not_picked":["Dagger Throw","Accuracy"],"picked":"Glass Knife","floor":4},{"not_picked":["Skewer","Quick Slash"],"picked":"Deflect","floor":5},{"not_picked":["Acrobatics","Concentrate"],"picked":"Bouncing Flask","floor":7},{"not_picked":["Dagger Spray","Infinite Blades"],"picked":"Distraction","floor":10},{"not_picked":["Finisher","Deflect"],"picked":"Footwork","floor":14},{"not_picked":["Grand Finale","Night Terror"],"picked":"Doppelganger","floor":16},{"not_picked":["PiercingWail","Reflex","Backflip"],"picked":"Singing Bowl","floor":18},{"not_picked":["Dagger Throw","Bane","Flying Knee"],"picked":"Singing Bowl","floor":21},{"not_picked":["Setup","Underhanded Strike","Phantasmal Killer"],"picked":"Singing Bowl","floor":22},{"not_picked":["Deadly Poison","Flying Knee","Accuracy+1"],"picked":"Singing Bowl","floor":23},{"not_picked":["Sucker Punch","Dodge and Roll","Backflip"],"picked":"Singing Bowl","floor":25},{"not_picked":["Deadly Poison","Bane","Outmaneuver"],"picked":"Singing Bowl","floor":27},{"not_picked":["Deadly Poison","Setup"],"picked":"Bouncing Flask","floor":28},{"not_picked":["Cloak And Dagger","Dash"],"picked":"Calculated Gamble","floor":31},{"not_picked":["A Thousand Cuts","Tools of the Trade","Die Die Die"],"picked":"Singing Bowl","floor":33},{"not_picked":["Caltrops"],"picked":"Singing Bowl","floor":35},{"not_picked":[],"picked":"Blind","floor":36},{"not_picked":["Outmaneuver"],"picked":"Singing Bowl","floor":39},{"not_picked":[],"picked":"Escape Plan","floor":41},{"not_picked":["Masterful Stab"],"picked":"Singing Bowl","floor":47},{"not_picked":["Accuracy"],"picked":"Singing Bowl","floor":48},{"not_picked":["Sucker Punch"],"picked":"Singing Bowl","floor":55}],"player_experience":2163538,"relics_obtained":[{"floor":7,"key":"Incense Burner"},{"floor":9,"key":"Bottled Flame"},{"floor":10,"key":"Regal Pillow"},{"floor":23,"key":"Mercury Hourglass"},{"floor":25,"key":"Letter Opener"},{"floor":27,"key":"Strawberry"},{"floor":37,"key":"Paper Crane"},{"floor":41,"key":"Smiling Mask"},{"floor":43,"key":"Ancient Tea Set"},{"floor":47,"key":"Mummified Hand"},{"floor":55,"key":"Gremlin Horn"}],"event_choices":[{"cards_removed":["Strike_G"],"damage_healed":0,"gold_gain":0,"player_choice":"Purged","damage_taken":0,"max_hp_gain":0,"max_hp_loss":0,"event_name":"Purifier","floor":2,"gold_loss":0},{"damage_healed":0,"gold_gain":0,"player_choice":"Got Potions","damage_taken":0,"max_hp_gain":0,"max_hp_loss":0,"event_name":"Lab","floor":11,"gold_loss":0},{"damage_healed":0,"gold_gain":0,"player_choice":"Obtained Relic","damage_taken":0,"relics_obtained":["Potion Belt"],"max_hp_gain":0,"max_hp_loss":0,"event_name":"Addict","floor":19,"gold_loss":85},{"damage_healed":0,"gold_gain":50,"player_choice":"Stole From Cult","damage_taken":0,"max_hp_gain":0,"max_hp_loss":0,"event_name":"Nest","floor":20,"gold_loss":0},{"damage_healed":0,"gold_gain":0,"player_choice":"Read","damage_taken":0,"max_hp_gain":0,"max_hp_loss":0,"event_name":"The Library","floor":24,"gold_loss":0,"cards_obtained":["Catalyst"]},{"damage_healed":0,"gold_gain":0,"player_choice":"Memory 1","damage_taken":0,"max_hp_gain":0,"max_hp_loss":0,"event_name":"SensoryStone","floor":36,"gold_loss":0},{"damage_healed":0,"gold_gain":0,"player_choice":"Rummage","damage_taken":0,"relics_obtained":["WarpedTongs"],"max_hp_gain":0,"max_hp_loss":0,"event_name":"Accursed Blacksmith","floor":38,"gold_loss":0,"cards_obtained":["Pain"]}],"is_beta":false,"boss_relics":[{"not_picked":["Runic Pyramid","Cursed Key"],"picked":"Astrolabe"},{"not_picked":["Empty Cage","Pandora\u0027s Box"],"picked":"Busted Crown"}],"items_purged_floors":[42,45,54],"is_endless":false,"potions_floor_spawned":[1,7,10,16,18,23,27,31,33,35,39,47],"killed_by":"The Heart","ascension_level":20}