{"gold_per_floor":[115,135,135,135,152,152,163,198,198,218,234,234,261,271,271,271],"floor_reached":16,"playtime":496,"items_purged":[],"score":228,"play_id":"27422ec4-b859-4a57-bc70-e096954cb791","local_time":"20230301203028","is_ascension_mode":true,"campfire_choices":[{"floor":6,"key":"REST"},{"floor":12,"key":"REST"},{"data":"Malaise","floor":15,"key":"SMITH"}],"neow_cost":"NONE","seed_source_timestamp":33518898215100,"circlet_count":0,"master_deck":["AscendersBane","Strike_G","Strike_G","Strike_G","Strike_G","Strike_G","Defend_G","Defend_G","Defend_G","Defend_G","Defend_G","Survivor","Neutralize","All Out Attack+1","Caltrops","Acrobatics","Finisher","Phantasmal Killer","Underhanded Strike","Acrobatics","PiercingWail","Malaise+1"],"relics":["HoveringKite","Eternal Feather","Toy Ornithopter","Sundial","Bottled Tornado"],"potions_floor_usage":[8,8,11,14],"damage_taken":[{"damage":1,"enemies":"Cultist","floor":1,"turns":4},{"damage":8,"enemies":"Small Slimes","floor":2,"turns":3},{"damage":3,"enemies":"Jaw Worm","floor":5,"turns":4},{"damage":0,"enemies":"2 Fungi Beasts","floor":7,"turns":3},{"damage":25,"enemies":"Lagavulin","floor":8,"turns":5},{"damage":7,"enemies":"Blue Slaver","floor":10,"turns":6},{"damage":16,"enemies":"Large Slime","floor":11,"turns":6},{"damage":27,"enemies":"3 Sentries","floor":13,"turns":5},{"damage":6,"enemies":"Exordium Wildlife","floor":14,"turns":2},{"damage":23,"enemies":"Hexaghost","floor":16,"turns":14}],"seed_played":"3970804394402683158","potions_obtained":[{"floor":1,"key":"CunningPotion"},{"floor":2,"key":"LiquidBronze"},{"floor":10,"key":"Explosive Potion"},{"floor":13,"key":"Explosive Potion"}],"is_trial":false,"path_per_floor":["M","M","?","?","M","R","M","E","T","M","M","R","E","M","R","B"],"character_chosen":"THE_SILENT","items_purchased":[],"campfire_rested":2,"item_purchase_floors":[],"current_hp_per_floor":[58,50,24,24,21,49,49,24,24,17,6,37,10,9,21,0],"gold":271,"neow_bonus":"BOSS_RELIC","is_prod":false,"is_daily":false,"chose_seed":false,"campfire_upgraded":1,"win_rate":0,"timestamp":1677699028,"path_taken":["M","M","?","?","M","R","M","E","T","M","M","R","E","?","R","BOSS"],"build_version":"2022-12-18","purchased_purges":0,"victory":false,"max_hp_per_floor":[66,66,66,66,66,66,66,66,66,66,66,66,66,66,66,66],"card_choices":[{"not_picked":["Eviscerate","Dagger Throw"],"picked":"All Out Attack","floor":1},{"not_picked":["Deflect","Riddle With Holes"],"picked":"Caltrops","floor":2},{"not_picked":["Outmaneuver","Sucker Punch"],"picked":"Acrobatics","floor":5},{"not_picked":["Caltrops","Cloak And Dagger"],"picked":"Finisher","floor":7},{"not_picked":["Endless Agony","Bane"],"picked":"Phantasmal Killer","floor":8},{"not_picked":["Blade Dance","Setup"],"picked":"Underhanded Strike","floor":10},{"not_picked":["Cloak And Dagger","Poisoned Stab"],"picked":"Acrobatics","floor":11},{"not_picked":["Accuracy","Dagger Throw"],"picked":"PiercingWail","floor":13},{"not_picked":["Deflect","Concentrate"],"picked":"Malaise","floor":14}],"player_experience":2185423,"relics_obtained":[{"floor":8,"key":"Toy Ornithopter"},{"floor":9,"key":"Sundial"},{"floor":13,"key":"Bottled Tornado"}],"event_choices":[{"damage_healed":0,"gold_gain":0,"player_choice":"Success","damage_taken":26,"relics_obtained":["Eternal Feather"],"max_hp_gain":0,"max_hp_loss":0,"event_name":"Scrap Ooze","floor":3,"gold_loss":0},{"damage_healed":0,"gold_gain":0,"player_choice":"Upgraded","damage_taken":0,"max_hp_gain":0,"max_hp_loss":0,"event_name":"Upgrade Shrine","floor":4,"gold_loss":0,"cards_upgraded":["All Out Attack"]}],"is_beta":false,"boss_relics":[],"items_purged_floors":[],"is_endless":false,"potions_floor_spawned":[1,2,10,13],"killed_by":"Hexaghost","ascension_level":20}