{"gold_per_floor":[114,126,142,153,228,228,228,228,228,63,63],"floor_reached":11,"playtime":653,"items_purged":[],"score":126,"play_id":"a306b95d-a589-4441-b835-d73e7938c963","local_time":"20230302201015","is_ascension_mode":true,"campfire_choices":[{"data":"Leg Sweep","floor":6,"key":"SMITH"},{"data":"Dash","floor":8,"key":"SMITH"}],"neow_cost":"NONE","seed_source_timestamp":118549877704900,"circlet_count":0,"master_deck":["AscendersBane","Strike_G","Strike_G","Strike_G","Strike_G","Strike_G","Defend_G","Defend_G","Defend_G","Defend_G","Survivor","Neutralize","Leg Sweep+1","Backflip","Acrobatics","Escape Plan","Dash+1"],"relics":["Ring of the Snake","NeowsBlessing","InkBottle","Toolbox"],"potions_floor_usage":[4],"damage_taken":[{"damage":0,"enemies":"Cultist","floor":1,"turns":1},{"damage":0,"enemies":"Small Slimes","floor":2,"turns":1},{"damage":0,"enemies":"Jaw Worm","floor":3,"turns":1},{"damage":5,"enemies":"Blue Slaver","floor":4,"turns":6},{"damage":56,"enemies":"Lagavulin","floor":11,"turns":12}],"seed_played":"6601218139175235903","potions_obtained":[{"floor":1,"key":"SpeedPotion"},{"floor":2,"key":"AttackPotion"}],"is_trial":false,"path_per_floor":["M","M","M","M","?","R","?","R","T","$","E"],"character_chosen":"THE_SILENT","items_purchased":["Toolbox"],"campfire_rested":0,"item_purchase_floors":[10],"current_hp_per_floor":[59,59,59,54,43,43,43,43,43,43,0],"gold":63,"neow_bonus":"THREE_ENEMY_KILL","is_prod":false,"is_daily":false,"chose_seed":false,"campfire_upgraded":2,"win_rate":0,"timestamp":1677784215,"path_taken":["M","?","M","M","?","R","?","R","T","?","E"],"build_version":"2022-12-18","purchased_purges":0,"victory":false,"max_hp_per_floor":[66,66,66,66,66,66,66,66,66,66,66],"card_choices":[{"not_picked":["Bouncing Flask","Calculated Gamble"],"picked":"Leg Sweep","floor":1},{"not_picked":["Prepared","Expertise"],"picked":"Backflip","floor":2},{"not_picked":["Prepared","Dodge and Roll"],"picked":"Acrobatics","floor":3},{"not_picked":["Acrobatics","Dagger Throw"],"picked":"Escape Plan","floor":4}],"player_experience":2189998,"relics_obtained":[{"floor":9,"key":"InkBottle"}],"event_choices":[{"damage_healed":0,"gold_gain":75,"player_choice":"Gather Gold","damage_taken":11,"max_hp_gain":0,"max_hp_loss":0,"event_name":"World of Goop","floor":5,"gold_loss":0},{"damage_healed":0,"gold_gain":0,"cards_transformed":["Defend_G"],"player_choice":"Change","damage_taken":0,"max_hp_gain":0,"max_hp_loss":0,"event_name":"Living Wall","floor":7,"gold_loss":0,"cards_obtained":["Dash"]}],"is_beta":false,"boss_relics":[],"items_purged_floors":[],"is_endless":false,"potions_floor_spawned":[1,2],"killed_by":"Lagavulin","ascension_level":20}