{"gold_per_floor":[20,34,49,49,66,66,98,98,121,121],"floor_reached":10,"playtime":870,"items_purged":[],"score":136,"play_id":"d356f177-cb35-42d1-ad05-258684f92c56","local_time":"20230227122017","is_ascension_mode":true,"campfire_choices":[{"data":"Metamorphosis","floor":6,"key":"SMITH"}],"neow_cost":"NO_GOLD","seed_source_timestamp":6330057993900,"circlet_count":0,"master_deck":["AscendersBane","Strike_G","Strike_G+1","Strike_G","Strike_G","Defend_G","Defend_G","Defend_G","Defend_G","Defend_G","Survivor","Neutralize+1","Metamorphosis+1","Terror","Noxious Fumes","Acrobatics","Escape Plan","Catalyst","Calculated Gamble"],"relics":["Ring of the Snake","Whetstone"],"potions_floor_usage":[5,10],"damage_taken":[{"damage":0,"enemies":"Cultist","floor":1,"turns":3},{"damage":8,"enemies":"Small Slimes","floor":2,"turns":5},{"damage":0,"enemies":"Jaw Worm","floor":3,"turns":5},{"damage":10,"enemies":"Lots of Slimes","floor":5,"turns":4},{"damage":29,"enemies":"Gremlin Nob","floor":7,"turns":4},{"damage":7,"enemies":"Exordium Wildlife","floor":10,"turns":1}],"seed_played":"-557705848930403367","potions_obtained":[{"floor":2,"key":"DistilledChaos"},{"floor":5,"key":"AttackPotion"}],"is_trial":false,"path_per_floor":["M","M","M","?","M","R","E","?","T","M"],"character_chosen":"THE_SILENT","items_purchased":[],"campfire_rested":0,"item_purchase_floors":[],"current_hp_per_floor":[59,51,51,44,34,34,5,5,5,0],"gold":121,"neow_bonus":"RANDOM_COLORLESS_2","is_prod":false,"is_daily":false,"chose_seed":false,"campfire_upgraded":1,"win_rate":0,"timestamp":1677496817,"path_taken":["M","M","?","?","M","R","E","?","T","M"],"build_version":"2022-12-18","purchased_purges":0,"victory":false,"max_hp_per_floor":[66,66,66,66,66,66,66,66,66,66],"card_choices":[{"not_picked":["Chrysalis","Violence"],"picked":"Metamorphosis","floor":0},{"not_picked":["Slice","Dagger Spray"],"picked":"Terror","floor":1},{"not_picked":["Dodge and Roll","Sucker Punch"],"picked":"Noxious Fumes","floor":2},{"not_picked":["Bane","Quick Slash"],"picked":"Acrobatics","floor":3},{"not_picked":["PiercingWail","Dagger Spray"],"picked":"Escape Plan","floor":5},{"not_picked":["Well Laid Plans","Slice"],"picked":"Catalyst","floor":7}],"player_experience":2174840,"relics_obtained":[{"floor":7,"key":"Whetstone"}],"event_choices":[{"cards_removed":["Strike_G"],"damage_healed":0,"gold_gain":0,"player_choice":"Card Removal","damage_taken":7,"max_hp_gain":0,"max_hp_loss":0,"event_name":"Golden Wing","floor":4,"gold_loss":0},{"damage_healed":0,"gold_gain":0,"player_choice":"1 cards matched","damage_taken":0,"max_hp_gain":0,"max_hp_loss":0,"event_name":"Match and Keep!","floor":8,"gold_loss":0,"cards_obtained":["Calculated Gamble"]}],"is_beta":false,"boss_relics":[],"items_purged_floors":[],"is_endless":false,"potions_floor_spawned":[2,5],"killed_by":"Exordium Wildlife","ascension_level":20}