{"gold_per_floor":[109,259,98,23,23,23,49,49,76,76,76,110,110,144,144,144],"floor_reached":16,"playtime":286,"items_purged":["Doubt"],"score":324,"play_id":"ffa66b22-7c1a-48e1-8306-37c424bec927","local_time":"20230225224343","is_ascension_mode":true,"campfire_choices":[{"data":"Skewer","floor":6,"key":"SMITH"},{"data":"Doppelganger","floor":10,"key":"SMITH"},{"data":"Eviscerate","floor":13,"key":"SMITH"},{"data":"Survivor","floor":15,"key":"SMITH"}],"neow_cost":"NONE","seed_source_timestamp":2555500207967600,"circlet_count":0,"master_deck":["AscendersBane","Strike_G","Strike_G","Defend_G","Defend_G","Defend_G","Defend_G","Defend_G","Survivor+1","Neutralize","Reflex","Skewer+1","Doppelganger+1","Backflip","Eviscerate+1","Reflex"],"relics":["Ring of the Snake","NeowsBlessing","Ninja Scroll","Anchor","Vajra","Oddly Smooth Stone"],"potions_floor_usage":[14,16],"damage_taken":[{"damage":0,"enemies":"Small Slimes","floor":1,"turns":1},{"damage":0,"enemies":"Lagavulin","floor":7,"turns":1},{"damage":0,"enemies":"Gremlin Nob","floor":12,"turns":1},{"damage":8,"enemies":"3 Sentries","floor":14,"turns":8},{"damage":52,"enemies":"Hexaghost","floor":16,"turns":10}],"seed_played":"-8013308439132397113","potions_obtained":[{"floor":7,"key":"PowerPotion"},{"floor":12,"key":"CunningPotion"},{"floor":14,"key":"GamblersBrew"}],"is_trial":false,"path_per_floor":["M","?","$","?","$","R","E","?","T","R","?","E","R","E","R","B"],"character_chosen":"THE_SILENT","items_purchased":["Skewer"],"campfire_rested":0,"item_purchase_floors":[3],"current_hp_per_floor":[59,59,59,59,59,59,59,52,52,52,52,52,52,44,44,0],"gold":144,"neow_bonus":"THREE_ENEMY_KILL","is_prod":false,"is_daily":false,"chose_seed":false,"campfire_upgraded":4,"win_rate":0,"timestamp":1677361423,"path_taken":["M","?","$","?","?","R","E","?","T","R","?","E","R","E","R","BOSS"],"build_version":"2022-12-18","purchased_purges":1,"victory":false,"max_hp_per_floor":[66,66,66,66,66,66,66,66,66,66,66,66,66,66,66,66],"card_choices":[{"not_picked":["Outmaneuver","Acrobatics"],"picked":"Reflex","floor":1},{"not_picked":["Poisoned Stab","Heel Hook"],"picked":"Doppelganger","floor":7},{"not_picked":["Expertise","Heel Hook"],"picked":"Eviscerate","floor":12},{"not_picked":["Catalyst","Dodge and Roll"],"picked":"Reflex","floor":14}],"player_experience":2161169,"relics_obtained":[{"floor":7,"key":"Ninja Scroll"},{"floor":9,"key":"Anchor"},{"floor":12,"key":"Vajra"},{"floor":14,"key":"Oddly Smooth Stone"}],"event_choices":[{"damage_healed":0,"gold_gain":150,"player_choice":"AGREE","damage_taken":0,"max_hp_gain":0,"max_hp_loss":0,"event_name":"Liars Game","floor":2,"gold_loss":0,"cards_obtained":["Doubt"]},{"cards_removed":["Strike_G"],"damage_healed":0,"gold_gain":0,"player_choice":"Card Removal","damage_taken":0,"max_hp_gain":0,"max_hp_loss":0,"event_name":"The Cleric","floor":4,"gold_loss":75},{"cards_removed":["Strike_G"],"damage_healed":0,"gold_gain":0,"player_choice":"Card Removal","damage_taken":7,"max_hp_gain":0,"max_hp_loss":0,"event_name":"Golden Wing","floor":8,"gold_loss":0},{"damage_healed":0,"gold_gain":0,"cards_transformed":["Strike_G"],"player_choice":"Change","damage_taken":0,"max_hp_gain":0,"max_hp_loss":0,"event_name":"Living Wall","floor":11,"gold_loss":0,"cards_obtained":["Backflip"]}],"is_beta":false,"boss_relics":[],"items_purged_floors":[3],"is_endless":false,"potions_floor_spawned":[7,12,14],"killed_by":"Hexaghost","ascension_level":20}