{"gold_per_floor":[17,33,48,48,61,61,71,105,105,130,130,130,55,68,68,141,141,159,178,190,190,203,203],"floor_reached":23,"playtime":973,"items_purged":[],"score":435,"play_id":"cdc88420-0913-487d-998c-256e93cc2761","local_time":"20230227171055","is_ascension_mode":true,"campfire_choices":[{"data":"Poisoned Stab","floor":12,"key":"SMITH"},{"data":"Noxious Fumes","floor":15,"key":"SMITH"}],"neow_cost":"NO_GOLD","seed_source_timestamp":3102109734400,"circlet_count":0,"master_deck":["AscendersBane","Strike_G","Strike_G","Strike_G","Defend_G","Defend_G","Defend_G","Defend_G","Defend_G","Survivor","Neutralize","Leg Sweep","Dagger Throw","Poisoned Stab+1","Dagger Spray","Outmaneuver","Venomology","Noxious Fumes+1","Quick Slash+1","Malaise","Backflip+1","Reflex"],"relics":["Ring of the Snake","Pear","Molten Egg 2","PreservedInsect","Boot","Empty Cage","GremlinMask"],"potions_floor_usage":[14,16,16,18,18,19,19,20,22,23],"damage_taken":[{"damage":3,"enemies":"Cultist","floor":1,"turns":4},{"damage":2,"enemies":"Small Slimes","floor":2,"turns":4},{"damage":1,"enemies":"2 Louse","floor":3,"turns":4},{"damage":4,"enemies":"Red Slaver","floor":5,"turns":6},{"damage":6,"enemies":"Looter","floor":7,"turns":4},{"damage":33,"enemies":"3 Sentries","floor":8,"turns":10},{"damage":8,"enemies":"Gremlin Nob","floor":10,"turns":3},{"damage":9,"enemies":"Large Slime","floor":14,"turns":7},{"damage":37,"enemies":"The Guardian","floor":16,"turns":10},{"damage":5,"enemies":"Shell Parasite","floor":18,"turns":7},{"damage":11,"enemies":"Chosen","floor":19,"turns":7},{"damage":34,"enemies":"Snecko","floor":20,"turns":7},{"damage":24,"enemies":"Snake Plant","floor":22,"turns":6},{"damage":11,"enemies":"Book of Stabbing","floor":23,"turns":4}],"seed_played":"6130505542107994267","potions_obtained":[{"floor":5,"key":"Fruit Juice"},{"floor":7,"key":"LiquidBronze"},{"floor":14,"key":"ColorlessPotion"},{"floor":16,"key":"EntropicBrew"}],"is_trial":false,"path_per_floor":["M","M","M","$","M","T","M","E","T","E","?","R","$","M","R","B",null,"M","M","M","?","M","E"],"character_chosen":"THE_SILENT","items_purchased":["Noxious Fumes"],"campfire_rested":0,"item_purchase_floors":[13],"current_hp_per_floor":[68,66,65,65,61,71,65,32,32,24,88,88,88,84,84,47,82,77,66,32,32,8,0],"gold":203,"neow_bonus":"TWENTY_PERCENT_HP_BONUS","is_prod":false,"is_daily":false,"chose_seed":false,"campfire_upgraded":2,"win_rate":0,"timestamp":1677514255,"path_taken":["M","M","?","?","M","?","M","E","T","E","?","R","$","M","R","BOSS","M","M","?","?","M","E"],"build_version":"2022-12-18","purchased_purges":0,"victory":false,"max_hp_per_floor":[78,78,78,78,78,88,88,88,88,88,88,88,88,93,93,93,93,93,93,93,93,93,93],"card_choices":[{"not_picked":["Dagger Throw","Cloak And Dagger"],"picked":"Leg Sweep","floor":1},{"not_picked":["Backflip","Escape Plan"],"picked":"Dagger Throw","floor":2},{"not_picked":["Concentrate","Dodge and Roll"],"picked":"Calculated Gamble","floor":3},{"not_picked":["Dagger Throw","Backflip"],"picked":"Poisoned Stab","floor":5},{"not_picked":["Well Laid Plans","Blur"],"picked":"Dagger Spray","floor":7},{"not_picked":["Acrobatics","Choke+1"],"picked":"Outmaneuver","floor":8},{"not_picked":["Choke+1","Deadly Poison"],"picked":"Venomology","floor":10},{"not_picked":["Deadly Poison","Riddle With Holes+1"],"picked":"Quick Slash+1","floor":14},{"not_picked":["Adrenaline","Venomology"],"picked":"Malaise","floor":16},{"not_picked":["Cloak And Dagger","Prepared"],"picked":"Backflip+1","floor":18},{"not_picked":["Prepared","Slice+1","Expertise"],"picked":"SKIP","floor":19},{"not_picked":["Dodge and Roll","Outmaneuver","Dagger Throw+1"],"picked":"SKIP","floor":20},{"not_picked":["Finisher+1","Riddle With Holes+1"],"picked":"Reflex","floor":22}],"player_experience":2178994,"relics_obtained":[{"floor":6,"key":"Pear"},{"floor":8,"key":"Molten Egg 2"},{"floor":9,"key":"PreservedInsect"},{"floor":10,"key":"Boot"}],"event_choices":[{"cards_removed":["Calculated Gamble"],"damage_healed":64,"gold_gain":0,"player_choice":"Offered Uncommon","damage_taken":0,"max_hp_gain":0,"max_hp_loss":0,"event_name":"Bonfire Elementals","floor":11,"gold_loss":0},{"damage_healed":0,"gold_gain":0,"player_choice":"Trade","damage_taken":0,"relics_obtained":["GremlinMask"],"max_hp_gain":0,"max_hp_loss":0,"event_name":"FaceTrader","floor":21,"gold_loss":0}],"is_beta":false,"boss_relics":[{"not_picked":["HoveringKite","Coffee Dripper"],"picked":"Empty Cage"}],"items_purged_floors":[],"is_endless":false,"potions_floor_spawned":[5,7,14,16],"killed_by":"Book of Stabbing","ascension_level":20}