{"gold_per_floor":[362,20,38,57,71,102,102,137,174,186],"floor_reached":10,"playtime":407,"items_purged":["Normality"],"score":156,"play_id":"c6fd3f6a-83ab-45cf-b397-097407aa5858","local_time":"20230227163116","is_ascension_mode":true,"campfire_choices":[{"floor":7,"key":"REST"}],"neow_cost":"CURSE","seed_source_timestamp":1289459710500,"circlet_count":0,"master_deck":["AscendersBane","Strike_G","Strike_G","Strike_G","Strike_G","Strike_G","Defend_G","Defend_G","Defend_G","Defend_G","Defend_G","Survivor","Neutralize","Infinite Blades","Blade Dance","Cloak And Dagger","Noxious Fumes","Cloak And Dagger","Bane"],"relics":["Ring of the Snake","Ninja Scroll","Orichalcum","MawBank","Toy Ornithopter"],"potions_floor_usage":[6,10,10],"damage_taken":[{"damage":1,"enemies":"Cultist","floor":1,"turns":4},{"damage":2,"enemies":"Jaw Worm","floor":3,"turns":3},{"damage":0,"enemies":"2 Louse","floor":4,"turns":3},{"damage":15,"enemies":"Exordium Thugs","floor":5,"turns":5},{"damage":38,"enemies":"Lagavulin","floor":6,"turns":7},{"damage":15,"enemies":"3 Sentries","floor":8,"turns":7},{"damage":25,"enemies":"Gremlin Nob","floor":10,"turns":3}],"seed_played":"-812305405850790755","potions_obtained":[{"floor":1,"key":"Swift Potion"},{"floor":4,"key":"GamblersBrew"},{"floor":5,"key":"AttackPotion"},{"floor":8,"key":"Fruit Juice"}],"is_trial":false,"path_per_floor":["M","$","M","M","M","E","R","E","T","E"],"character_chosen":"THE_SILENT","items_purchased":["Ninja Scroll"],"campfire_rested":1,"item_purchase_floors":[2],"current_hp_per_floor":[58,58,56,56,41,3,22,7,7,0],"gold":186,"neow_bonus":"TWO_FIFTY_GOLD","is_prod":false,"is_daily":false,"chose_seed":false,"campfire_upgraded":0,"win_rate":0,"timestamp":1677511876,"path_taken":["M","$","M","M","M","E","R","E","T","E"],"build_version":"2022-12-18","purchased_purges":1,"victory":false,"max_hp_per_floor":[66,66,66,66,66,66,66,66,66,71],"card_choices":[{"not_picked":["Dagger Spray","Backflip"],"picked":"Infinite Blades","floor":1},{"not_picked":["Blur","Bouncing Flask"],"picked":"Blade Dance","floor":3},{"not_picked":["Backflip","Deadly Poison"],"picked":"Cloak And Dagger","floor":4},{"not_picked":["Endless Agony","Acrobatics"],"picked":"Noxious Fumes","floor":5},{"not_picked":["Slice","Deflect"],"picked":"Cloak And Dagger","floor":6},{"not_picked":["Dodge and Roll","Blade Dance"],"picked":"Bane","floor":8}],"player_experience":2177305,"relics_obtained":[{"floor":6,"key":"Orichalcum"},{"floor":8,"key":"MawBank"},{"floor":9,"key":"Toy Ornithopter"}],"event_choices":[],"is_beta":false,"boss_relics":[],"items_purged_floors":[2],"is_endless":false,"potions_floor_spawned":[1,4,5,8],"killed_by":"Gremlin Nob","ascension_level":20}