{"gold_per_floor":[112,122,137,137,152,152,77,77,77,106,118,163,175,201,213,299,311,243,255,284,296,98,125,17,46,128,148,148,166,166],"floor_reached":30,"playtime":2080,"items_purged":["Pain"],"score":552,"play_id":"db88ff24-550a-44ba-bc5a-f8bc32d9827d","local_time":"20230225191629","is_ascension_mode":true,"campfire_choices":[{"data":"Skewer","floor":6,"key":"SMITH"},{"floor":13,"key":"REST"},{"data":"Eviscerate","floor":15,"key":"SMITH"},{"floor":28,"key":"REST"}],"neow_cost":"NONE","seed_source_timestamp":2541262051552700,"circlet_count":0,"master_deck":["AscendersBane","Defend_G","Defend_G","Defend_G","Defend_G","Defend_G","Survivor","Neutralize","Skewer+1","Tactician","Venomology","Eviscerate+1","Backflip","Deflect","Blur","Malaise","Bouncing Flask+1","Riddle With Holes+1","Prepared+1","Concentrate","RitualDagger","Terror","Bouncing Flask","Envenom","Footwork","Acrobatics","Bandage Up","Backflip+1","Dodge and Roll+1","Catalyst+1"],"special_seed":0,"relics":["Ring of the Snake","NeowsBlessing","WarpedTongs","Bottled Flame","MawBank","Ancient Tea Set","Astrolabe","Chemical X","PreservedInsect","Toxic Egg 2"],"potions_floor_usage":[5,10,10,16,16,20,23,25,25,27,30,30],"damage_taken":[{"damage":0.0,"enemies":"Cultist","floor":1.0,"turns":1.0},{"damage":0.0,"enemies":"Jaw Worm","floor":2.0,"turns":1.0},{"damage":0.0,"enemies":"Small Slimes","floor":3.0,"turns":1.0},{"damage":12,"enemies":"Blue Slaver","floor":5,"turns":5},{"damage":12,"enemies":"3 Sentries","floor":10,"turns":6},{"damage":25,"enemies":"Gremlin Nob","floor":12,"turns":4},{"damage":0,"enemies":"Looter","floor":14,"turns":2},{"damage":38,"enemies":"Slime Boss","floor":16,"turns":16},{"damage":16,"enemies":"2 Thieves","floor":18,"turns":4},{"damage":0,"enemies":"Spheric Guardian","floor":20,"turns":4},{"damage":19,"enemies":"Gremlin Leader","floor":23,"turns":6},{"damage":23,"enemies":"Slavers","floor":25,"turns":7},{"damage":27,"enemies":"Shelled Parasite and Fungi","floor":27,"turns":9},{"damage":0,"enemies":"Snake Plant","floor":29,"turns":6},{"damage":46,"enemies":"Gremlin Leader","floor":30,"turns":4}],"seed_played":"-3745877266036788273","potions_obtained":[{"floor":1.0,"key":"SteroidPotion"},{"floor":2.0,"key":"Regen Potion"},{"floor":8,"key":"Strength Potion"},{"floor":8,"key":"PowerPotion"},{"floor":14,"key":"Ancient Potion"},{"floor":23,"key":"Regen Potion"},{"floor":25,"key":"Fruit Juice"}],"is_trial":false,"path_per_floor":["M","M","M","?","M","R","$","?","T","E","$","E","R","M","R","B",null,"M","?","M","?","$","E","$","E","T","M","R","M","E"],"character_chosen":"THE_SILENT","items_purchased":["Chemical X","Footwork","Bandage Up"],"campfire_rested":2,"item_purchase_floors":[22,22,24],"current_hp_per_floor":[59,59,59,59,61,61,61,61,61,49,49,24,43,43,43,5,51,35,29,29,29,29,10,10,11,11,9,30,34,0],"gold":166,"neow_bonus":"THREE_ENEMY_KILL","is_prod":false,"is_daily":false,"chose_seed":false,"campfire_upgraded":2,"win_rate":0,"timestamp":1677348989,"path_taken":["M","M","?","?","?","R","$","?","T","E","?","E","R","M","R","BOSS","M","?","M","?","?","E","$","E","T","M","R","M","E"],"build_version":"2022-12-18","purchased_purges":1,"victory":false,"max_hp_per_floor":[66,66,66,66,66,66,66,66,66,66,66,66,66,66,66,66,66,66,66,66,66,66,66,66,71,71,71,71,71,71],"card_choices":[{"not_picked":["Underhanded Strike","Quick Slash"],"picked":"Skewer","floor":1.0},{"not_picked":["Bouncing Flask","Backflip"],"picked":"Tactician","floor":2.0},{"not_picked":["Tactician","Slice"],"picked":"Venomology","floor":3},{"not_picked":["Infinite Blades","Cloak And Dagger"],"picked":"Eviscerate","floor":5},{"not_picked":["Corpse Explosion","Sucker Punch"],"picked":"Backflip","floor":10},{"not_picked":["Noxious Fumes","Flying Knee"],"picked":"Deflect","floor":12},{"not_picked":["Bane","Heel Hook"],"picked":"Blur","floor":14},{"not_picked":["Venomology","Wraith Form v2"],"picked":"Malaise","floor":16},{"not_picked":["Backflip","PiercingWail"],"picked":"Concentrate","floor":18},{"not_picked":["Outmaneuver","Bane"],"picked":"Terror","floor":20},{"not_picked":["Skewer","Venomology"],"picked":"Acrobatics","floor":23},{"not_picked":["Expertise+1","Blur+1"],"picked":"Backflip+1","floor":25},{"not_picked":["Dagger Throw","Deadly Poison+1"],"picked":"Dodge and Roll+1","floor":27},{"not_picked":["Slice","Blade Dance+1"],"picked":"Catalyst+1","floor":29}],"player_experience":2152748,"relics_obtained":[{"floor":9,"key":"Bottled Flame"},{"floor":10,"key":"MawBank"},{"floor":12,"key":"Ancient Tea Set"},{"floor":23,"key":"PreservedInsect"},{"floor":25,"key":"Toxic Egg 2"}],"event_choices":[{"damage_healed":0,"gold_gain":0,"player_choice":"Rummage","damage_taken":0,"relics_obtained":["WarpedTongs"],"max_hp_gain":0,"max_hp_loss":0,"event_name":"Accursed Blacksmith","floor":4,"gold_loss":0,"cards_obtained":["Pain"]},{"damage_healed":0,"gold_gain":0,"player_choice":"Got Potions","damage_taken":0,"max_hp_gain":0,"max_hp_loss":0,"event_name":"Lab","floor":8,"gold_loss":0},{"damage_healed":0,"gold_gain":0,"player_choice":"Joined the Cult","damage_taken":6,"max_hp_gain":0,"max_hp_loss":0,"event_name":"Nest","floor":19,"gold_loss":0,"cards_obtained":["RitualDagger"]},{"damage_healed":0,"gold_gain":0,"cards_transformed":["Strike_G","Strike_G"],"player_choice":"Became Test Subject","damage_taken":0,"max_hp_gain":0,"max_hp_loss":0,"event_name":"Drug Dealer","floor":21,"gold_loss":0,"cards_obtained":["Bouncing Flask","Envenom"]}],"is_beta":false,"boss_relics":[{"not_picked":["Calling Bell","Tiny House"],"picked":"Astrolabe"}],"items_purged_floors":[7],"is_endless":false,"potions_floor_spawned":[1,2,14,23,25],"killed_by":"Gremlin Leader","ascension_level":20}