{"gold_per_floor":[116,116,116,136,18,50,64,97,97,114,124,124],"floor_reached":12,"playtime":259,"items_purged":["Strike_G"],"score":230,"play_id":"0eb0c335-cf20-402b-8385-e3fd8b99948e","local_time":"20230225230848","is_ascension_mode":true,"campfire_choices":[],"neow_cost":"NONE","seed_source_timestamp":2557033111164300,"circlet_count":0,"master_deck":["AscendersBane","Strike_G","Strike_G","Strike_G","Defend_G","Defend_G","Defend_G","Defend_G","Defend_G","Survivor","Neutralize","Noxious Fumes","Dagger Spray","PiercingWail","Noxious Fumes","Bouncing Flask","Crippling Poison","Prepared","Bouncing Flask","Bane"],"relics":["Ring of the Snake","NeowsBlessing","Vajra","Gremlin Horn","White Beast Statue"],"potions_floor_usage":[10,11,12],"damage_taken":[{"damage":0,"enemies":"Small Slimes","floor":1,"turns":1},{"damage":0,"enemies":"Cultist","floor":4,"turns":1},{"damage":0,"enemies":"Lagavulin","floor":6,"turns":1},{"damage":1,"enemies":"Jaw Worm","floor":7,"turns":4},{"damage":27,"enemies":"Gremlin Nob","floor":8,"turns":4},{"damage":14,"enemies":"Exordium Thugs","floor":10,"turns":6},{"damage":8,"enemies":"Red Slaver","floor":11,"turns":4},{"damage":12,"enemies":"3 Sentries","floor":12,"turns":2}],"seed_played":"645505134589838876","potions_obtained":[{"floor":1,"key":"Fire Potion"},{"floor":10,"key":"Regen Potion"},{"floor":11,"key":"Energy Potion"}],"is_trial":false,"path_per_floor":["M","?","?","M","$","E","M","E","T","M","M","E"],"character_chosen":"THE_SILENT","items_purchased":["Noxious Fumes"],"campfire_rested":0,"item_purchase_floors":[5],"current_hp_per_floor":[59,48,48,48,48,48,47,20,20,6,12,0],"gold":124,"neow_bonus":"THREE_ENEMY_KILL","is_prod":false,"is_daily":false,"chose_seed":false,"campfire_upgraded":0,"win_rate":0,"timestamp":1677362928,"path_taken":["M","?","?","M","$","E","M","E","T","M","?","E"],"build_version":"2022-12-18","purchased_purges":1,"victory":false,"max_hp_per_floor":[66,66,66,66,66,66,66,66,66,66,66,66],"card_choices":[{"not_picked":["Underhanded Strike","Flechettes"],"picked":"Noxious Fumes","floor":1},{"not_picked":["Underhanded Strike","Endless Agony"],"picked":"PiercingWail","floor":4},{"not_picked":["Backflip","Phantasmal Killer"],"picked":"Bouncing Flask","floor":6},{"not_picked":["Slice","Choke"],"picked":"Crippling Poison","floor":7},{"not_picked":["Quick Slash","Dagger Spray"],"picked":"Prepared","floor":8},{"not_picked":["Tactician","Masterful Stab"],"picked":"Bouncing Flask","floor":10},{"not_picked":["Quick Slash","Distraction"],"picked":"Bane","floor":11}],"player_experience":2162639,"relics_obtained":[{"floor":6,"key":"Gremlin Horn"},{"floor":8,"key":"White Beast Statue"}],"event_choices":[{"damage_healed":0,"gold_gain":0,"player_choice":"Success","damage_taken":11,"relics_obtained":["Vajra"],"max_hp_gain":0,"max_hp_loss":0,"event_name":"Scrap Ooze","floor":2,"gold_loss":0},{"damage_healed":0,"gold_gain":0,"cards_transformed":["Strike_G"],"player_choice":"Transformed","damage_taken":0,"max_hp_gain":0,"max_hp_loss":0,"event_name":"Transmorgrifier","floor":3,"gold_loss":0,"cards_obtained":["Dagger Spray"]}],"is_beta":false,"boss_relics":[],"items_purged_floors":[5],"is_endless":false,"potions_floor_spawned":[1,10,11],"killed_by":"3 Sentries","ascension_level":20}