{"gold_per_floor":[109,22,22,36,49,82,93,123,123,123,137,166,181,199,199,270,270,285,305,230,210,229,229],"floor_reached":23,"playtime":833,"items_purged":["Clumsy"],"score":430,"play_id":"ba6c036b-8944-4889-8a1c-c52b30f07983","local_time":"20230301195330","is_ascension_mode":true,"campfire_choices":[{"floor":15,"key":"REST"}],"neow_cost":"CURSE","seed_source_timestamp":30964128633700,"circlet_count":0,"master_deck":["AscendersBane","Survivor","Neutralize","Corpse Explosion","Dagger Spray","Noxious Fumes+1","Deadly Poison","Bane","Bouncing Flask","Expertise","Distraction","Calculated Gamble","Backflip","Venomology","Flying Knee","Venomology","Poisoned Stab","Dash","Endless Agony","Venomology","Acrobatics","Bouncing Flask","Outmaneuver","Dagger Spray","Concentrate","Flechettes+1"],"relics":["Ring of the Snake","Art of War","Anchor","Oddly Smooth Stone","Matryoshka","Pandora\u0027s Box"],"potions_floor_usage":[6,12,16,19,19,19,22,22,22,22,23,23],"damage_taken":[{"damage":11,"enemies":"Jaw Worm","floor":1,"turns":6},{"damage":0,"enemies":"Cultist","floor":4,"turns":4},{"damage":1,"enemies":"2 Louse","floor":5,"turns":2},{"damage":5,"enemies":"Lagavulin","floor":6,"turns":7},{"damage":0,"enemies":"Lots of Slimes","floor":7,"turns":1},{"damage":14,"enemies":"3 Sentries","floor":8,"turns":4},{"damage":6,"enemies":"Looter","floor":11,"turns":3},{"damage":30,"enemies":"Gremlin Nob","floor":12,"turns":4},{"damage":8,"enemies":"Exordium Thugs","floor":13,"turns":4},{"damage":0,"enemies":"3 Louse","floor":14,"turns":3},{"damage":4,"enemies":"The Guardian","floor":16,"turns":8},{"damage":19,"enemies":"Spheric Guardian","floor":18,"turns":4},{"damage":14,"enemies":"2 Thieves","floor":19,"turns":5},{"damage":1,"enemies":"Cultist and Chosen","floor":22,"turns":4},{"damage":23,"enemies":"Slavers","floor":23,"turns":2}],"seed_played":"1516964516769663013","potions_obtained":[{"floor":1,"key":"Block Potion"},{"floor":4,"key":"Swift Potion"},{"floor":6,"key":"SteroidPotion"},{"floor":7,"key":"Ancient Potion"},{"floor":10,"key":"FairyPotion"},{"floor":13,"key":"FearPotion"},{"floor":14,"key":"Fire Potion"},{"floor":18,"key":"Poison Potion"},{"floor":19,"key":"GhostInAJar"},{"floor":21,"key":"SkillPotion"}],"is_trial":false,"path_per_floor":["M","$","?","M","M","E","M","E","T","?","M","E","M","M","R","B",null,"M","M","$","?","M","E"],"character_chosen":"THE_SILENT","items_purchased":["Noxious Fumes","Deadly Poison"],"campfire_rested":1,"item_purchase_floors":[2,2],"current_hp_per_floor":[48,48,48,48,47,42,42,28,28,28,22,19,11,11,30,26,56,37,23,23,23,22,0],"gold":229,"neow_bonus":"THREE_RARE_CARDS","is_prod":false,"is_daily":false,"chose_seed":false,"campfire_upgraded":0,"win_rate":0,"timestamp":1677696810,"path_taken":["M","$","?","M","?","E","M","E","T","?","M","E","?","M","R","BOSS","M","M","?","?","M","E"],"build_version":"2022-12-18","purchased_purges":1,"victory":false,"max_hp_per_floor":[66,66,66,66,66,66,66,66,66,66,66,66,66,66,66,66,66,66,66,66,66,66,66],"card_choices":[{"not_picked":["Burst","Storm of Steel"],"picked":"Corpse Explosion","floor":0},{"not_picked":["Slice","Accuracy"],"picked":"Dagger Spray","floor":1},{"not_picked":["Poisoned Stab","Dagger Throw"],"picked":"Bane","floor":4},{"not_picked":["Heel Hook","Acrobatics"],"picked":"Bouncing Flask","floor":5},{"not_picked":["Dagger Spray","Finisher","Storm of Steel"],"picked":"SKIP","floor":6},{"not_picked":["Underhanded Strike","Predator"],"picked":"Expertise","floor":7},{"not_picked":["Sucker Punch","Dagger Throw","Terror"],"picked":"SKIP","floor":8},{"not_picked":["Dagger Spray","Bouncing Flask","Dagger Throw"],"picked":"SKIP","floor":11},{"not_picked":["Concentrate","Prepared"],"picked":"Distraction","floor":12},{"not_picked":["Sucker Punch","Riddle With Holes"],"picked":"Calculated Gamble","floor":13},{"not_picked":["Cloak And Dagger","Deflect"],"picked":"Backflip","floor":14},{"not_picked":["Storm of Steel","Corpse Explosion"],"picked":"Venomology","floor":16},{"not_picked":["Dagger Spray","Sucker Punch"],"picked":"Concentrate","floor":18},{"not_picked":["Acrobatics","Distraction"],"picked":"Flechettes+1","floor":19},{"not_picked":["PiercingWail","Caltrops+1","Bane"],"picked":"SKIP","floor":22}],"player_experience":2183006,"relics_obtained":[{"floor":6,"key":"Art of War"},{"floor":8,"key":"Anchor"},{"floor":9,"key":"Oddly Smooth Stone"},{"floor":12,"key":"Matryoshka"}],"event_choices":[{"damage_healed":0,"gold_gain":0,"player_choice":"Forge","damage_taken":0,"max_hp_gain":0,"max_hp_loss":0,"event_name":"Accursed Blacksmith","floor":3,"gold_loss":0,"cards_upgraded":["Noxious Fumes"]},{"damage_healed":0,"gold_gain":0,"player_choice":"Got Potions","damage_taken":0,"max_hp_gain":0,"max_hp_loss":0,"event_name":"Lab","floor":10,"gold_loss":0},{"damage_healed":0,"gold_gain":0,"player_choice":"Bought 1 Potion","damage_taken":0,"max_hp_gain":0,"max_hp_loss":0,"event_name":"The Woman in Blue","floor":21,"gold_loss":0}],"is_beta":false,"boss_relics":[{"not_picked":["Empty Cage","SacredBark"],"picked":"Pandora\u0027s Box"}],"items_purged_floors":[20],"is_endless":false,"potions_floor_spawned":[1,4,6,7,13,14,18,19],"killed_by":"Slavers","ascension_level":20}