{"gold_per_floor":[110,126,126,126,139,139,157,183,183,108,108,145,164,1,1,1],"floor_reached":16,"playtime":445,"items_purged":[],"score":220,"play_id":"714e8e69-d1f8-4b6b-8e47-d1a7d0ebf332","local_time":"20230302201756","is_ascension_mode":true,"campfire_choices":[{"data":"Dagger Spray","floor":6,"key":"SMITH"},{"data":"Well Laid Plans","floor":15,"key":"SMITH"}],"neow_cost":"NONE","seed_source_timestamp":119219128468700,"circlet_count":0,"master_deck":["AscendersBane","Strike_G","Strike_G","Strike_G","Defend_G","Defend_G","Defend_G","Defend_G","Defend_G","Survivor","Neutralize","Masterful Stab","Dagger Spray+1","Blur","Slice","Blur","Well Laid Plans+1","Caltrops","Predator"],"relics":["Ring of the Snake","NeowsBlessing","Potion Belt","CeramicFish","Gremlin Horn","Medical Kit"],"potions_floor_usage":[8,12,16],"damage_taken":[{"damage":0,"enemies":"Jaw Worm","floor":1,"turns":1},{"damage":0,"enemies":"2 Louse","floor":2,"turns":1},{"damage":0,"enemies":"Cultist","floor":5,"turns":1},{"damage":1,"enemies":"Looter","floor":7,"turns":3},{"damage":1,"enemies":"3 Sentries","floor":8,"turns":7},{"damage":47,"enemies":"Gremlin Nob","floor":12,"turns":6},{"damage":0,"enemies":"2 Fungi Beasts","floor":13,"turns":3},{"damage":14,"enemies":"Hexaghost","floor":16,"turns":9}],"seed_played":"167635918852659706","potions_obtained":[{"floor":1,"key":"EssenceOfSteel"},{"floor":8,"key":"GamblersBrew"},{"floor":13,"key":"CunningPotion"}],"is_trial":false,"path_per_floor":["M","M","?","?","M","R","M","E","T","?","?","E","M","$","R","B"],"character_chosen":"THE_SILENT","items_purchased":["Medical Kit"],"campfire_rested":0,"item_purchase_floors":[14],"current_hp_per_floor":[59,59,59,59,59,59,58,57,57,57,57,10,10,10,10,0],"gold":1,"neow_bonus":"THREE_ENEMY_KILL","is_prod":false,"is_daily":false,"chose_seed":false,"campfire_upgraded":2,"win_rate":0,"timestamp":1677784676,"path_taken":["M","M","?","?","M","R","?","E","T","?","?","E","M","?","R","BOSS"],"build_version":"2022-12-18","purchased_purges":0,"victory":false,"max_hp_per_floor":[66,66,66,66,66,66,66,66,66,66,66,66,66,66,66,66],"card_choices":[{"not_picked":["Acrobatics","Slice"],"picked":"Masterful Stab","floor":1},{"not_picked":["Slice","Outmaneuver"],"picked":"Dagger Spray","floor":2},{"not_picked":["Bane","Underhanded Strike"],"picked":"Slice","floor":5},{"not_picked":["Dagger Throw","Deadly Poison"],"picked":"Blur","floor":7},{"not_picked":["Catalyst","Flying Knee"],"picked":"Well Laid Plans","floor":8},{"not_picked":["Bullet Time","Bane"],"picked":"Caltrops","floor":12},{"not_picked":["Riddle With Holes","Outmaneuver"],"picked":"Predator","floor":13}],"player_experience":2190651,"relics_obtained":[{"floor":8,"key":"Potion Belt"},{"floor":9,"key":"CeramicFish"},{"floor":12,"key":"Gremlin Horn"}],"event_choices":[{"damage_healed":0,"gold_gain":0,"cards_transformed":["Strike_G"],"player_choice":"Change","damage_taken":0,"max_hp_gain":0,"max_hp_loss":0,"event_name":"Living Wall","floor":3,"gold_loss":0,"cards_obtained":["Blur"]},{"damage_healed":0,"gold_gain":0,"player_choice":"0 cards matched","damage_taken":0,"max_hp_gain":0,"max_hp_loss":0,"event_name":"Match and Keep!","floor":4,"gold_loss":0,"cards_obtained":[]},{"cards_removed":["Strike_G"],"damage_healed":0,"gold_gain":0,"player_choice":"Card Removal","damage_taken":0,"max_hp_gain":0,"max_hp_loss":0,"event_name":"The Cleric","floor":10,"gold_loss":75},{"damage_healed":0,"gold_gain":0,"player_choice":"Searched \u00271\u0027 times","damage_taken":0,"max_hp_gain":0,"max_hp_loss":0,"event_name":"Dead Adventurer","floor":11,"gold_loss":0}],"is_beta":false,"boss_relics":[],"items_purged_floors":[],"is_endless":false,"potions_floor_spawned":[1,8,13],"killed_by":"Hexaghost","ascension_level":20}