{"gold_per_floor":[109,126,126,138,151,151,180,180,233,233,233,233,247,275,275,275],"floor_reached":16,"playtime":412,"items_purged":[],"score":200,"play_id":"9a5ffac0-a9bd-4e42-915f-68c3b97e197c","local_time":"20230225231945","is_ascension_mode":true,"campfire_choices":[{"data":"Caltrops","floor":6,"key":"SMITH"},{"floor":12,"key":"REST"},{"floor":15,"key":"REST"}],"neow_cost":"TEN_PERCENT_HP_LOSS","seed_source_timestamp":2557537360946800,"circlet_count":0,"master_deck":["AscendersBane","Strike_G","Strike_G","Strike_G","Strike_G","Strike_G","Defend_G","Defend_G","Defend_G","Defend_G","Defend_G","Survivor","Neutralize","Accuracy","Terror","Neutralize","Caltrops+1","Backflip","Night Terror","Poisoned Stab","Blade Dance"],"relics":["Ring of the Snake","Bird Faced Urn","Matryoshka","Darkstone Periapt","Smiling Mask","Odd Mushroom"],"potions_floor_usage":[13,16,16],"damage_taken":[{"damage":14,"enemies":"Jaw Worm","floor":1,"turns":7},{"damage":0,"enemies":"Cultist","floor":2,"turns":4},{"damage":6,"enemies":"Small Slimes","floor":4,"turns":5},{"damage":3,"enemies":"Looter","floor":5,"turns":4},{"damage":39,"enemies":"Gremlin Nob","floor":7,"turns":5},{"damage":10,"enemies":"3 Louse","floor":13,"turns":2},{"damage":16,"enemies":"The Mushroom Lair","floor":14,"turns":5},{"damage":53,"enemies":"Slime Boss","floor":16,"turns":9}],"seed_played":"5262352439214196366","potions_obtained":[{"floor":4,"key":"Explosive Potion"},{"floor":5,"key":"DuplicationPotion"},{"floor":13,"key":"ColorlessPotion"}],"is_trial":false,"path_per_floor":["M","M","?","M","M","R","E","?","T","?","?","R","M","?","R","B"],"character_chosen":"THE_SILENT","items_purchased":[],"campfire_rested":2,"item_purchase_floors":[],"current_hp_per_floor":[45,45,45,39,40,40,5,5,5,5,25,43,35,21,39,0],"gold":275,"neow_bonus":"ONE_RARE_RELIC","is_prod":false,"is_daily":false,"chose_seed":false,"campfire_upgraded":1,"win_rate":0,"timestamp":1677363585,"path_taken":["M","M","?","M","?","R","E","?","T","?","?","R","M","?","R","BOSS"],"build_version":"2022-12-18","purchased_purges":0,"victory":false,"max_hp_per_floor":[60,60,60,60,60,60,60,60,60,60,60,60,60,60,60,60],"card_choices":[{"not_picked":["Deflect","Underhanded Strike"],"picked":"Accuracy","floor":1},{"not_picked":["Sucker Punch","Acrobatics"],"picked":"Terror","floor":2},{"not_picked":["Crippling Poison","Slice"],"picked":"Caltrops","floor":4},{"not_picked":["Slice","Dagger Throw"],"picked":"Backflip","floor":5},{"not_picked":["Eviscerate","Acrobatics"],"picked":"Night Terror","floor":7},{"not_picked":["Sucker Punch","Bane"],"picked":"Poisoned Stab","floor":13},{"not_picked":["Quick Slash","Expertise"],"picked":"Blade Dance","floor":14}],"player_experience":2163126,"relics_obtained":[{"floor":7,"key":"Matryoshka"},{"floor":9,"key":"Darkstone Periapt"},{"floor":9,"key":"Smiling Mask"},{"floor":14,"key":"Odd Mushroom"}],"event_choices":[{"damage_healed":0,"gold_gain":0,"player_choice":"1 cards matched","damage_taken":0,"max_hp_gain":0,"max_hp_loss":0,"event_name":"Match and Keep!","floor":3,"gold_loss":0,"cards_obtained":["Neutralize"]},{"damage_healed":0,"gold_gain":0,"player_choice":"Ignored","damage_taken":0,"max_hp_gain":0,"max_hp_loss":0,"event_name":"Golden Wing","floor":8,"gold_loss":0},{"damage_healed":0,"gold_gain":0,"player_choice":"Ignored","damage_taken":0,"max_hp_gain":0,"max_hp_loss":0,"event_name":"Shining Light","floor":10,"gold_loss":0},{"damage_healed":20,"gold_gain":0,"player_choice":"Banana","damage_taken":0,"max_hp_gain":0,"max_hp_loss":0,"event_name":"Big Fish","floor":11,"gold_loss":0},{"damage_healed":0,"gold_gain":0,"player_choice":"Fought Mushrooms","damage_taken":0,"max_hp_gain":0,"max_hp_loss":0,"event_name":"Mushrooms","floor":14,"gold_loss":0}],"is_beta":false,"boss_relics":[],"items_purged_floors":[],"is_endless":false,"potions_floor_spawned":[4,5,13],"killed_by":"Slime Boss","ascension_level":20}