{"gold_per_floor":[115,132,147,47,47,47,79,79,131,131,131,171,194,210,210,210],"floor_reached":16,"playtime":375,"items_purged":[],"score":220,"play_id":"5efc756a-e503-442b-8e2d-956207d8e5f2","local_time":"20230227165424","is_ascension_mode":true,"campfire_choices":[{"data":"Predator","floor":6,"key":"SMITH"},{"floor":8,"key":"REST"},{"floor":11,"key":"REST"},{"floor":15,"key":"REST"}],"neow_cost":"NONE","seed_source_timestamp":2709242867900,"circlet_count":0,"master_deck":["AscendersBane","Strike_G","Strike_G","Strike_G","Strike_G","Strike_G","Defend_G","Defend_G","Defend_G","Defend_G","Defend_G+1","Survivor+1","Neutralize","Blur","Quick Slash","Predator+1","Good Instincts","Well Laid Plans","Flying Knee","Skewer"],"relics":["Ring of the Snake","NeowsBlessing","Blue Candle","Oddly Smooth Stone","CeramicFish","Gremlin Horn"],"potions_floor_usage":[12,14],"damage_taken":[{"damage":0,"enemies":"Cultist","floor":1,"turns":1},{"damage":0,"enemies":"2 Louse","floor":2,"turns":1},{"damage":0,"enemies":"Small Slimes","floor":3,"turns":1},{"damage":30,"enemies":"Lagavulin","floor":7,"turns":7},{"damage":43,"enemies":"Gremlin Nob","floor":12,"turns":5},{"damage":0,"enemies":"2 Fungi Beasts","floor":13,"turns":4},{"damage":0,"enemies":"Lots of Slimes","floor":14,"turns":1},{"damage":31,"enemies":"Slime Boss","floor":16,"turns":9}],"seed_played":"5642389603069968647","potions_obtained":[{"floor":1,"key":"Energy Potion"},{"floor":12,"key":"Ancient Potion"},{"floor":13,"key":"Explosive Potion"}],"is_trial":false,"path_per_floor":["M","M","M","$","T","R","E","R","T","?","R","E","M","M","R","B"],"character_chosen":"THE_SILENT","items_purchased":["Good Instincts"],"campfire_rested":3,"item_purchase_floors":[4],"current_hp_per_floor":[59,59,59,59,59,59,29,48,48,28,47,4,4,4,23,0],"gold":210,"neow_bonus":"THREE_ENEMY_KILL","is_prod":false,"is_daily":false,"chose_seed":false,"campfire_upgraded":1,"win_rate":0,"timestamp":1677513264,"path_taken":["M","?","?","?","?","R","E","R","T","?","R","E","M","M","R","BOSS"],"build_version":"2022-12-18","purchased_purges":0,"victory":false,"max_hp_per_floor":[66,66,66,66,66,66,66,66,66,66,66,66,66,66,66,66],"card_choices":[{"not_picked":["Deflect","Deadly Poison"],"picked":"Blur","floor":1},{"not_picked":["Underhanded Strike","Deflect"],"picked":"Quick Slash","floor":2},{"not_picked":["Masterful Stab","Riddle With Holes"],"picked":"Predator","floor":3},{"not_picked":["Outmaneuver","Sucker Punch"],"picked":"Well Laid Plans","floor":7},{"not_picked":["Slice","PiercingWail"],"picked":"Flying Knee","floor":12},{"not_picked":["Noxious Fumes","Die Die Die"],"picked":"Skewer","floor":13},{"not_picked":["Slice","Outmaneuver","Cloak And Dagger"],"picked":"SKIP","floor":14}],"player_experience":2178619,"relics_obtained":[{"floor":5,"key":"Blue Candle"},{"floor":7,"key":"Oddly Smooth Stone"},{"floor":9,"key":"CeramicFish"},{"floor":12,"key":"Gremlin Horn"}],"event_choices":[{"damage_healed":0,"gold_gain":0,"player_choice":"Entered Light","damage_taken":20,"max_hp_gain":0,"max_hp_loss":0,"event_name":"Shining Light","floor":10,"gold_loss":0,"cards_upgraded":["Survivor","Defend_G"]}],"is_beta":false,"boss_relics":[],"items_purged_floors":[],"is_endless":false,"potions_floor_spawned":[1,12,13],"killed_by":"Slime Boss","ascension_level":20}