{"gold_per_floor":[119,269,239,57,68,68,101,101,101,138,159,193,215,241,241,324,324,341,357,84,93,8,8],"floor_reached":23,"playtime":769,"items_purged":["Doubt"],"score":518,"play_id":"63678f82-8eae-4e05-981a-5c2f9b393027","local_time":"20230305183111","is_ascension_mode":true,"campfire_choices":[{"data":"Dagger Spray","floor":6,"key":"SMITH"},{"floor":15,"key":"REST"}],"neow_cost":"NONE","seed_source_timestamp":371691892752200,"circlet_count":0,"master_deck":["AscendersBane","Strike_G","Strike_G","Strike_G","Strike_G","Strike_G","Defend_G","Defend_G","Defend_G","Defend_G","Defend_G","Survivor","Neutralize","Dagger Spray+1","Flash of Steel","Blade Dance","Terror","Choke","Backflip","PiercingWail","Leg Sweep","Cloak And Dagger","Malaise","Well Laid Plans"],"relics":["Ring of the Snake","NeowsBlessing","White Beast Statue","Anchor","Eternal Feather","CeramicFish","Calipers","Busted Crown","Pear","Singing Bowl"],"potions_floor_usage":[12,12,13,16,16],"damage_taken":[{"damage":0,"enemies":"Jaw Worm","floor":1,"turns":1},{"damage":0,"enemies":"Cultist","floor":5,"turns":1},{"damage":0,"enemies":"Lagavulin","floor":7,"turns":1},{"damage":40,"enemies":"Gremlin Nob","floor":10,"turns":4},{"damage":0,"enemies":"Small Slimes","floor":11,"turns":2},{"damage":0,"enemies":"3 Sentries","floor":12,"turns":4},{"damage":0,"enemies":"Looter","floor":13,"turns":3},{"damage":0,"enemies":"2 Fungi Beasts","floor":14,"turns":3},{"damage":18,"enemies":"The Guardian","floor":16,"turns":17},{"damage":0,"enemies":"Shell Parasite","floor":18,"turns":7},{"damage":13,"enemies":"2 Thieves","floor":19,"turns":4},{"damage":81,"enemies":"Gremlin Leader","floor":23,"turns":8}],"seed_played":"-2224868825814830764","potions_obtained":[{"floor":3,"key":"CunningPotion"},{"floor":3,"key":"Strength Potion"},{"floor":12,"key":"GhostInAJar"},{"floor":13,"key":"EssenceOfSteel"},{"floor":14,"key":"EssenceOfSteel"},{"floor":16,"key":"Strength Potion"},{"floor":18,"key":"FairyPotion"}],"is_trial":false,"path_per_floor":["M","?","?","$","M","R","E","?","T","E","M","E","M","M","R","B",null,"M","M","$","?","?","E"],"character_chosen":"THE_SILENT","items_purchased":["Flash of Steel","Pear"],"campfire_rested":1,"item_purchase_floors":[4,20],"current_hp_per_floor":[59,59,59,59,59,59,59,41,41,1,1,1,1,1,32,14,53,53,40,50,50,50,0],"gold":8,"neow_bonus":"THREE_ENEMY_KILL","is_prod":false,"is_daily":false,"chose_seed":false,"campfire_upgraded":1,"win_rate":0,"timestamp":1678037471,"path_taken":["M","?","?","$","?","R","E","?","T","E","M","E","M","M","R","BOSS","M","M","$","?","?","E"],"build_version":"2022-12-18","purchased_purges":1,"victory":false,"max_hp_per_floor":[66,66,66,66,66,66,66,66,66,66,66,66,66,66,66,66,66,66,66,76,76,76,76],"card_choices":[{"not_picked":["Dodge and Roll","Endless Agony"],"picked":"Dagger Spray","floor":1},{"not_picked":["Cloak And Dagger","Backstab"],"picked":"Blade Dance","floor":5},{"not_picked":["Poisoned Stab","Slice"],"picked":"Terror","floor":7},{"not_picked":["Underhanded Strike","Outmaneuver"],"picked":"Choke","floor":10},{"not_picked":["Choke","Sucker Punch"],"picked":"Backflip","floor":11},{"not_picked":["Acrobatics","Outmaneuver"],"picked":"PiercingWail","floor":12},{"not_picked":["Backflip","Calculated Gamble"],"picked":"Leg Sweep","floor":13},{"not_picked":["All Out Attack","Blade Dance"],"picked":"Cloak And Dagger","floor":14},{"not_picked":["Corpse Explosion","Burst"],"picked":"Malaise","floor":16},{"not_picked":["Reflex"],"picked":"SKIP","floor":18},{"not_picked":["Backflip"],"picked":"SKIP","floor":19}],"player_experience":2206514,"relics_obtained":[{"floor":7,"key":"White Beast Statue"},{"floor":9,"key":"Eternal Feather"},{"floor":10,"key":"CeramicFish"},{"floor":12,"key":"Calipers"}],"event_choices":[{"damage_healed":0,"gold_gain":150,"player_choice":"AGREE","damage_taken":0,"max_hp_gain":0,"max_hp_loss":0,"event_name":"Liars Game","floor":2,"gold_loss":0,"cards_obtained":["Doubt"]},{"damage_healed":0,"gold_gain":0,"player_choice":"Bought 2 Potions","damage_taken":0,"max_hp_gain":0,"max_hp_loss":0,"event_name":"The Woman in Blue","floor":3,"gold_loss":0},{"damage_healed":0,"gold_gain":0,"player_choice":"Success","damage_taken":18,"relics_obtained":["Anchor"],"max_hp_gain":0,"max_hp_loss":0,"event_name":"Scrap Ooze","floor":8,"gold_loss":0},{"damage_healed":0,"gold_gain":0,"player_choice":"Read","damage_taken":0,"max_hp_gain":0,"max_hp_loss":0,"event_name":"The Library","floor":21,"gold_loss":0,"cards_obtained":["Well Laid Plans"]},{"damage_healed":0,"gold_gain":0,"player_choice":"Obtained Relic","damage_taken":0,"relics_obtained":["Singing Bowl"],"max_hp_gain":0,"max_hp_loss":0,"event_name":"Addict","floor":22,"gold_loss":85}],"is_beta":false,"boss_relics":[{"not_picked":["Ring of the Serpent","Runic Dome"],"picked":"Busted Crown"}],"items_purged_floors":[4],"is_endless":false,"potions_floor_spawned":[5,10,11,12,13,14,16,18,19],"killed_by":"Gremlin Leader","ascension_level":20}