{"gold_per_floor":[117,128,146,161,161,161,121,121,174,187,187,217,217,217],"floor_reached":14,"playtime":423,"items_purged":[],"score":160,"play_id":"ffd03a39-b840-4501-ba5d-8f3cf5afcf94","local_time":"20230305212019","is_ascension_mode":true,"campfire_choices":[{"floor":6,"key":"DIG"},{"floor":8,"key":"DIG"},{"floor":11,"key":"DIG"},{"floor":13,"key":"DIG"}],"neow_cost":"TEN_PERCENT_HP_LOSS","seed_source_timestamp":382186082219500,"circlet_count":0,"master_deck":["AscendersBane","Strike_G","Strike_G","Strike_G","Strike_G","Strike_G","Defend_G","Defend_G","Defend_G","Defend_G","Defend_G","Survivor","Neutralize","Quick Slash","Tactician","Dagger Spray","Footwork","Neutralize","Eviscerate","Well Laid Plans","Reflex"],"relics":["Ring of the Snake","Shovel","Lantern","Strawberry","Oddly Smooth Stone","Nunchaku","Odd Mushroom","Bag of Preparation"],"potions_floor_usage":[12,14,14],"damage_taken":[{"damage":1,"enemies":"Small Slimes","floor":1,"turns":5},{"damage":0,"enemies":"Cultist","floor":2,"turns":4},{"damage":0,"enemies":"Jaw Worm","floor":3,"turns":6},{"damage":0,"enemies":"Exordium Wildlife","floor":4,"turns":2},{"damage":0,"enemies":"Looter","floor":7,"turns":4},{"damage":0,"enemies":"Gremlin Gang","floor":10,"turns":3},{"damage":12,"enemies":"The Mushroom Lair","floor":12,"turns":4},{"damage":57,"enemies":"Lagavulin","floor":14,"turns":11}],"seed_played":"-231081422844326217","potions_obtained":[{"floor":2,"key":"Energy Potion"},{"floor":4,"key":"Block Potion"},{"floor":12,"key":"Block Potion"}],"is_trial":false,"path_per_floor":["M","M","M","M","?","R","M","R","T","M","R","?","R","E"],"character_chosen":"THE_SILENT","items_purchased":[],"campfire_rested":0,"item_purchase_floors":[],"current_hp_per_floor":[58,58,58,58,58,58,58,65,65,65,65,53,53,0],"gold":217,"neow_bonus":"ONE_RARE_RELIC","is_prod":false,"is_daily":false,"chose_seed":false,"campfire_upgraded":0,"win_rate":0,"timestamp":1678047619,"path_taken":["M","M","M","M","?","R","?","R","T","M","R","?","R","E"],"build_version":"2022-12-18","purchased_purges":0,"victory":false,"max_hp_per_floor":[60,60,60,60,60,60,60,67,67,67,67,67,67,67],"card_choices":[{"not_picked":["Acrobatics","Slice"],"picked":"Quick Slash","floor":1},{"not_picked":["Flechettes","Reflex"],"picked":"Tactician","floor":2},{"not_picked":["Outmaneuver","Poisoned Stab"],"picked":"Dagger Spray","floor":3},{"not_picked":["Acrobatics","Deadly Poison"],"picked":"Footwork","floor":4},{"not_picked":["Slice","Blade Dance"],"picked":"Eviscerate","floor":7},{"not_picked":["Dodge and Roll","Deadly Poison"],"picked":"Well Laid Plans","floor":10},{"not_picked":["Endless Agony","Prepared"],"picked":"Reflex","floor":12}],"player_experience":2211367,"relics_obtained":[{"floor":6,"key":"Lantern"},{"floor":8,"key":"Strawberry"},{"floor":9,"key":"Oddly Smooth Stone"},{"floor":11,"key":"Nunchaku"},{"floor":12,"key":"Odd Mushroom"},{"floor":13,"key":"Bag of Preparation"}],"event_choices":[{"damage_healed":0,"gold_gain":0,"player_choice":"1 cards matched","damage_taken":0,"max_hp_gain":0,"max_hp_loss":0,"event_name":"Match and Keep!","floor":5,"gold_loss":0,"cards_obtained":["Neutralize"]},{"damage_healed":0,"gold_gain":0,"player_choice":"Fought Mushrooms","damage_taken":0,"max_hp_gain":0,"max_hp_loss":0,"event_name":"Mushrooms","floor":12,"gold_loss":0}],"is_beta":false,"boss_relics":[],"items_purged_floors":[],"is_endless":false,"potions_floor_spawned":[2,4,10,12],"killed_by":"Lagavulin","ascension_level":20}