{"gold_per_floor":[112,124,124,21,35,35,66,82,134,134,134,134,166,12,12,85,85,95,45,45,45,31,31,47,47,47,59,71,83,95],"floor_reached":30,"playtime":766,"items_purged":["Pain","Strike_G"],"score":468,"play_id":"e81eba2d-5b1a-48b3-9b2a-f912e7baf9d8","local_time":"20230314175959","is_ascension_mode":true,"campfire_choices":[{"data":"Caltrops","floor":6,"key":"SMITH"},{"data":"Crippling Poison","floor":11,"key":"SMITH"},{"data":"Footwork","floor":15,"key":"SMITH"},{"data":"Neutralize","floor":23,"key":"SMITH"},{"data":"Deadly Poison","floor":25,"key":"SMITH"},{"data":"Quick Slash","floor":27,"key":"SMITH"}],"neow_cost":"NONE","seed_source_timestamp":1147440789176600,"circlet_count":0,"master_deck":["AscendersBane","Strike_G","Strike_G","Strike_G","Defend_G","Defend_G","Defend_G","Defend_G","Defend_G","Survivor","Neutralize+1","Dodge and Roll","Heel Hook","Caltrops+1","Flash of Steel","Quick Slash+1","Crippling Poison+1","Heel Hook","Bane","Deadly Poison+1","Footwork+1","Venomology","Shame","Shame","Skewer+1","Parasite"],"relics":["Ring of the Snake","NeowsBlessing","Pantograph","Potion Belt","WarpedTongs","Smiling Mask","Cursed Key","Boot","Bottled Flame","MawBank","Nilry\u0027s Codex"],"potions_floor_usage":[7,7,22,22,30,30],"damage_taken":[{"damage":0,"enemies":"Cultist","floor":1,"turns":1},{"damage":0,"enemies":"Small Slimes","floor":2,"turns":1},{"damage":0,"enemies":"Jaw Worm","floor":5,"turns":1},{"damage":23,"enemies":"3 Sentries","floor":7,"turns":14},{"damage":19,"enemies":"Lots of Slimes","floor":8,"turns":3},{"damage":23,"enemies":"Lagavulin","floor":13,"turns":6},{"damage":12,"enemies":"Hexaghost","floor":16,"turns":9},{"damage":15,"enemies":"Shell Parasite","floor":18,"turns":6},{"damage":12,"enemies":"2 Thieves","floor":22,"turns":4},{"damage":2,"enemies":"3 Cultists","floor":24,"turns":5},{"damage":9,"enemies":"Book of Stabbing","floor":30,"turns":2}],"seed_played":"-2376052368193186462","potions_obtained":[{"floor":1,"key":"Dexterity Potion"},{"floor":2,"key":"Fire Potion"},{"floor":18,"key":"Explosive Potion"}],"is_trial":false,"path_per_floor":["M","M","?","$","M","R","E","M","T","?","R","?","E","$","R","B",null,"M","$","?","T","M","R","M","R","T","R","$","?","E"],"character_chosen":"THE_SILENT","items_purchased":["Flash of Steel","Deadly Poison","Footwork"],"campfire_rested":0,"item_purchase_floors":[4,14,14],"current_hp_per_floor":[59,59,59,59,59,59,36,17,17,39,39,39,16,16,16,29,57,42,42,42,42,30,30,28,28,28,28,28,7,0],"gold":95,"neow_bonus":"THREE_ENEMY_KILL","is_prod":false,"is_daily":false,"chose_seed":false,"campfire_upgraded":6,"win_rate":0,"timestamp":1678813199,"path_taken":["M","?","?","?","?","R","E","M","T","?","R","?","E","$","R","BOSS","M","?","?","?","M","R","?","R","T","R","$","?","E"],"build_version":"2022-12-18","purchased_purges":2,"victory":false,"max_hp_per_floor":[66,66,66,66,66,66,66,66,66,66,66,66,66,66,66,66,66,66,66,66,66,66,66,66,66,66,66,66,66,66],"card_choices":[{"not_picked":["Deflect","Blur"],"picked":"Dodge and Roll","floor":1},{"not_picked":["Cloak And Dagger","Prepared"],"picked":"Heel Hook","floor":2},{"not_picked":["PiercingWail","Underhanded Strike"],"picked":"Quick Slash","floor":5},{"not_picked":["Caltrops","Blade Dance"],"picked":"Crippling Poison","floor":7},{"not_picked":["Dagger Throw","Underhanded Strike"],"picked":"Heel Hook","floor":8},{"not_picked":["Dodge and Roll","Cloak And Dagger"],"picked":"Bane","floor":13},{"not_picked":["Glass Knife","Die Die Die"],"picked":"Venomology","floor":16},{"not_picked":["Distraction","Blade Dance","Bane"],"picked":"SKIP","floor":18},{"not_picked":["Expertise","Dagger Throw"],"picked":"Skewer+1","floor":22},{"not_picked":["Masterful Stab","Bane","Crippling Poison"],"picked":"SKIP","floor":24}],"player_experience":2231341,"relics_obtained":[{"floor":7,"key":"Pantograph"},{"floor":9,"key":"Potion Belt"},{"floor":13,"key":"Smiling Mask"},{"floor":21,"key":"Bottled Flame"},{"floor":26,"key":"MawBank"},{"floor":29,"key":"Nilry\u0027s Codex"}],"event_choices":[{"damage_healed":0,"gold_gain":0,"cards_transformed":["Strike_G"],"player_choice":"Change","damage_taken":0,"max_hp_gain":0,"max_hp_loss":0,"event_name":"Living Wall","floor":3,"gold_loss":0,"cards_obtained":["Caltrops"]},{"damage_healed":22,"gold_gain":0,"player_choice":"Banana","damage_taken":0,"max_hp_gain":0,"max_hp_loss":0,"event_name":"Big Fish","floor":10,"gold_loss":0},{"damage_healed":0,"gold_gain":0,"player_choice":"Rummage","damage_taken":0,"relics_obtained":["WarpedTongs"],"max_hp_gain":0,"max_hp_loss":0,"event_name":"Accursed Blacksmith","floor":12,"gold_loss":0,"cards_obtained":["Pain"]},{"damage_healed":0,"gold_gain":0,"player_choice":"Stole Relic","damage_taken":0,"relics_obtained":["Boot"],"max_hp_gain":0,"max_hp_loss":0,"event_name":"Addict","floor":20,"gold_loss":0,"cards_obtained":["Shame"]},{"damage_healed":0,"gold_gain":0,"player_choice":"Obtained Book","damage_taken":21,"max_hp_gain":0,"max_hp_loss":0,"event_name":"Cursed Tome","floor":29,"gold_loss":0}],"is_beta":false,"boss_relics":[{"not_picked":["Busted Crown","SacredBark"],"picked":"Cursed Key"}],"items_purged_floors":[14,19],"is_endless":false,"potions_floor_spawned":[1,2,18],"killed_by":"Book of Stabbing","ascension_level":20}