{"gold_per_floor":[110,110,129,129,148,179,193,2,2,2,12,31,60,72,72,72],"floor_reached":16,"playtime":497,"items_purged":["Strike_G"],"score":228,"play_id":"f734b751-3612-41e6-92c1-c1f74233c65f","local_time":"20230305113639","is_ascension_mode":true,"campfire_choices":[{"floor":10,"key":"REST"},{"data":"Concentrate","floor":15,"key":"SMITH"}],"neow_cost":"NONE","seed_source_timestamp":347092728770900,"circlet_count":0,"master_deck":["AscendersBane","Strike_G","Strike_G","Strike_G","Strike_G","Defend_G","Defend_G","Defend_G","Defend_G","Defend_G","Survivor","Neutralize","Flechettes+1","Backflip","Reflex","Unload","Dash","Reflex","Concentrate+1","Escape Plan","Eviscerate","Blur"],"relics":["Ring of the Snake","NeowsBlessing","Torii","Tingsha","Boot"],"potions_floor_usage":[6,6,12,13,16,16],"damage_taken":[{"damage":0,"enemies":"Small Slimes","floor":1,"turns":1},{"damage":0,"enemies":"Cultist","floor":3,"turns":1},{"damage":0,"enemies":"Jaw Worm","floor":5,"turns":1},{"damage":48,"enemies":"Gremlin Nob","floor":6,"turns":5},{"damage":4,"enemies":"Lots of Slimes","floor":7,"turns":4},{"damage":8,"enemies":"3 Louse","floor":11,"turns":4},{"damage":0,"enemies":"Gremlin Gang","floor":12,"turns":2},{"damage":8,"enemies":"Lagavulin","floor":13,"turns":7},{"damage":2,"enemies":"Lots of Slimes","floor":14,"turns":4},{"damage":14,"enemies":"Hexaghost","floor":16,"turns":10}],"seed_played":"-8513915238397642067","potions_obtained":[{"floor":1,"key":"Explosive Potion"},{"floor":3,"key":"EntropicBrew"},{"floor":6,"key":"Strength Potion"},{"floor":13,"key":"GhostInAJar"},{"floor":14,"key":"Poison Potion"}],"is_trial":false,"path_per_floor":["M","?","M","?","M","E","M","$","T","R","M","M","E","M","R","B"],"character_chosen":"THE_SILENT","items_purchased":["Reflex","Concentrate"],"campfire_rested":1,"item_purchase_floors":[8,8],"current_hp_per_floor":[59,59,59,59,59,11,7,7,7,26,18,18,10,8,8,0],"gold":72,"neow_bonus":"THREE_ENEMY_KILL","is_prod":false,"is_daily":false,"chose_seed":false,"campfire_upgraded":1,"win_rate":0,"timestamp":1678012599,"path_taken":["M","?","?","?","M","E","M","$","T","R","M","M","E","M","R","BOSS"],"build_version":"2022-12-18","purchased_purges":1,"victory":false,"max_hp_per_floor":[66,66,66,66,66,66,66,66,66,66,66,66,66,66,66,66],"card_choices":[{"not_picked":["Endless Agony","Cloak And Dagger"],"picked":"Flechettes","floor":1},{"not_picked":["Blade Dance","Flying Knee"],"picked":"Backflip","floor":3},{"not_picked":["Masterful Stab","Flying Knee"],"picked":"Reflex","floor":5},{"not_picked":["Slice","Blade Dance"],"picked":"Unload","floor":6},{"not_picked":["Deflect","Finisher"],"picked":"Dash","floor":7},{"not_picked":["Slice","Catalyst"],"picked":"Escape Plan","floor":11},{"not_picked":["Flying Knee","Quick Slash"],"picked":"Eviscerate","floor":12},{"not_picked":["Deadly Poison","Noxious Fumes"],"picked":"Blur","floor":13},{"not_picked":["Deadly Poison","Catalyst","Slice"],"picked":"SKIP","floor":14}],"player_experience":2201221,"relics_obtained":[{"floor":6,"key":"Tingsha"},{"floor":13,"key":"Boot"}],"event_choices":[{"damage_healed":0,"gold_gain":0,"player_choice":"Gave Potion","damage_taken":0,"relics_obtained":["Torii"],"max_hp_gain":0,"max_hp_loss":0,"event_name":"WeMeetAgain","floor":2,"gold_loss":0},{"damage_healed":0,"gold_gain":0,"player_choice":"Upgraded","damage_taken":0,"max_hp_gain":0,"max_hp_loss":0,"event_name":"Upgrade Shrine","floor":4,"gold_loss":0,"cards_upgraded":["Flechettes"]}],"is_beta":false,"boss_relics":[],"items_purged_floors":[8],"is_endless":false,"potions_floor_spawned":[1,3,6,13,14],"killed_by":"Hexaghost","ascension_level":20}