{"gold_per_floor":[118,118,15,15,27,58,73,101,125,151,301,37,55,72,72,72],"floor_reached":16,"playtime":466,"items_purged":["Strike_G","Doubt"],"score":290,"play_id":"b4ec394e-7012-4d0e-82c9-2d776e7e0ca0","local_time":"20230305125200","is_ascension_mode":true,"campfire_choices":[{"data":"Doppelganger","floor":15,"key":"SMITH"}],"neow_cost":"NONE","seed_source_timestamp":351643660964400,"circlet_count":0,"master_deck":["AscendersBane","Strike_G","Strike_G","Strike_G+1","Strike_G+1","Defend_G","Defend_G","Defend_G+1","Defend_G","Defend_G","Survivor","Neutralize","Footwork","Quick Slash+1","Doppelganger+1","Predator","Footwork","Backflip","Crippling Poison","Poisoned Stab"],"relics":["Ring of the Snake","NeowsBlessing","Ancient Tea Set","Strawberry","Snake Skull","MealTicket","Whetstone"],"potions_floor_usage":[10],"damage_taken":[{"damage":0,"enemies":"Small Slimes","floor":1,"turns":1},{"damage":0,"enemies":"2 Louse","floor":5,"turns":1},{"damage":0,"enemies":"3 Sentries","floor":6,"turns":1},{"damage":0,"enemies":"Jaw Worm","floor":7,"turns":5},{"damage":31,"enemies":"Lagavulin","floor":8,"turns":7},{"damage":48,"enemies":"Gremlin Nob","floor":10,"turns":5},{"damage":5,"enemies":"Exordium Wildlife","floor":13,"turns":10},{"damage":4,"enemies":"2 Fungi Beasts","floor":14,"turns":4},{"damage":34,"enemies":"Hexaghost","floor":16,"turns":12}],"seed_played":"4661026894794758519","potions_obtained":[{"floor":5,"key":"Swift Potion"},{"floor":7,"key":"FairyPotion"}],"is_trial":false,"path_per_floor":["M","?","$","?","M","E","M","E","T","E","?","$","M","M","R","B"],"character_chosen":"THE_SILENT","items_purchased":["Quick Slash","Whetstone"],"campfire_rested":0,"item_purchase_floors":[3,12],"current_hp_per_floor":[59,39,39,61,61,61,61,37,37,21,21,36,31,27,27,0],"gold":72,"neow_bonus":"THREE_ENEMY_KILL","is_prod":false,"is_daily":false,"chose_seed":false,"campfire_upgraded":1,"win_rate":0,"timestamp":1678017120,"path_taken":["M","?","$","?","M","E","M","E","T","E","?","$","M","M","R","BOSS"],"build_version":"2022-12-18","purchased_purges":2,"victory":false,"max_hp_per_floor":[66,66,66,66,66,66,66,73,73,73,73,73,73,73,73,73],"card_choices":[{"not_picked":["Bane","Prepared"],"picked":"Footwork","floor":1},{"not_picked":["Heel Hook","Quick Slash"],"picked":"Doppelganger","floor":5},{"not_picked":["Slice","Catalyst"],"picked":"Predator","floor":6},{"not_picked":["Finisher","Concentrate"],"picked":"Footwork","floor":7},{"not_picked":["Bane","Predator"],"picked":"Backflip","floor":8},{"not_picked":["Prepared","Blur"],"picked":"Crippling Poison","floor":10},{"not_picked":["Eviscerate","Backflip"],"picked":"Poisoned Stab","floor":13},{"not_picked":["Underhanded Strike","Acrobatics","Dagger Spray"],"picked":"SKIP","floor":14}],"player_experience":2205523,"relics_obtained":[{"floor":6,"key":"Ancient Tea Set"},{"floor":8,"key":"Strawberry"},{"floor":9,"key":"Snake Skull"},{"floor":10,"key":"MealTicket"}],"event_choices":[{"damage_healed":0,"gold_gain":0,"player_choice":"Entered Light","damage_taken":20,"max_hp_gain":0,"max_hp_loss":0,"event_name":"Shining Light","floor":2,"gold_loss":0,"cards_upgraded":["Defend_G","Strike_G"]},{"damage_healed":22,"gold_gain":0,"player_choice":"Banana","damage_taken":0,"max_hp_gain":0,"max_hp_loss":0,"event_name":"Big Fish","floor":4,"gold_loss":0},{"damage_healed":0,"gold_gain":150,"player_choice":"AGREE","damage_taken":0,"max_hp_gain":0,"max_hp_loss":0,"event_name":"Liars Game","floor":11,"gold_loss":0,"cards_obtained":["Doubt"]}],"is_beta":false,"boss_relics":[],"items_purged_floors":[3,12],"is_endless":false,"potions_floor_spawned":[5,7],"killed_by":"Hexaghost","ascension_level":20}