{"gold_per_floor":[117,127,127,139,150,150,177,177,203,168,168,197,214,166,166,166],"floor_reached":16,"playtime":392,"items_purged":[],"score":220,"play_id":"671bc48d-401e-41a7-846b-46edbb0ddcb4","local_time":"20230315214647","is_ascension_mode":true,"campfire_choices":[{"data":"Skewer","floor":6,"key":"SMITH"},{"floor":8,"key":"REST"},{"data":"Footwork","floor":15,"key":"SMITH"}],"neow_cost":"NONE","seed_source_timestamp":1247827364787900,"circlet_count":0,"master_deck":["AscendersBane","Strike_G","Strike_G","Strike_G","Strike_G","Defend_G","Defend_G","Defend_G","Defend_G","Defend_G","Survivor","Neutralize","Sucker Punch","Skewer+1","Footwork+1","Blur","Malaise","Dodge and Roll"],"relics":["Ring of the Snake","NeowsBlessing","Lantern","Blood Vial","Oddly Smooth Stone"],"potions_floor_usage":[16,16],"damage_taken":[{"damage":0,"enemies":"Small Slimes","floor":1,"turns":1},{"damage":0,"enemies":"2 Louse","floor":2,"turns":1},{"damage":0,"enemies":"Jaw Worm","floor":4,"turns":1},{"damage":0,"enemies":"Blue Slaver","floor":5,"turns":6},{"damage":38,"enemies":"Gremlin Nob","floor":7,"turns":6},{"damage":30,"enemies":"Lagavulin","floor":12,"turns":11},{"damage":1,"enemies":"Large Slime","floor":13,"turns":4},{"damage":43,"enemies":"Slime Boss","floor":16,"turns":12}],"seed_played":"-8581704191855339730","potions_obtained":[{"floor":1,"key":"Dexterity Potion"},{"floor":2,"key":"Dexterity Potion"},{"floor":13,"key":"Block Potion"}],"is_trial":false,"path_per_floor":["M","M","?","M","M","R","E","R","T","?","?","E","M","?","R","B"],"character_chosen":"THE_SILENT","items_purchased":[],"campfire_rested":1,"item_purchase_floors":[],"current_hp_per_floor":[59,59,52,52,52,52,14,33,33,49,54,26,27,27,27,0],"gold":166,"neow_bonus":"THREE_ENEMY_KILL","is_prod":false,"is_daily":false,"chose_seed":false,"campfire_upgraded":2,"win_rate":0,"timestamp":1678913207,"path_taken":["M","M","?","M","M","R","E","R","T","?","?","E","?","?","R","BOSS"],"build_version":"2022-12-18","purchased_purges":0,"victory":false,"max_hp_per_floor":[66,66,66,66,66,66,66,66,66,66,71,71,71,71,71,71],"card_choices":[{"not_picked":["Dash","Expertise"],"picked":"Sucker Punch","floor":1},{"not_picked":["Dagger Throw","Deadly Poison"],"picked":"Skewer","floor":2},{"not_picked":["Dagger Spray","Prepared"],"picked":"Footwork","floor":4},{"not_picked":["Tactician","Poisoned Stab"],"picked":"Blur","floor":5},{"not_picked":["Backflip","Cloak And Dagger"],"picked":"Malaise","floor":7},{"not_picked":["Choke","Riddle With Holes","Poisoned Stab"],"picked":"SKIP","floor":12},{"not_picked":["PiercingWail","Blade Dance"],"picked":"Dodge and Roll","floor":13}],"player_experience":2239291,"relics_obtained":[{"floor":7,"key":"Lantern"},{"floor":9,"key":"Blood Vial"},{"floor":12,"key":"Oddly Smooth Stone"}],"event_choices":[{"cards_removed":["Strike_G"],"damage_healed":0,"gold_gain":0,"player_choice":"Card Removal","damage_taken":7,"max_hp_gain":0,"max_hp_loss":0,"event_name":"Golden Wing","floor":3,"gold_loss":0},{"damage_healed":16,"gold_gain":0,"player_choice":"Healed","damage_taken":0,"max_hp_gain":0,"max_hp_loss":0,"event_name":"The Cleric","floor":10,"gold_loss":35},{"damage_healed":0,"gold_gain":0,"player_choice":"Donut","damage_taken":0,"max_hp_gain":5,"max_hp_loss":0,"event_name":"Big Fish","floor":11,"gold_loss":0},{"damage_healed":0,"gold_gain":0,"player_choice":"Left Gold","damage_taken":0,"max_hp_gain":0,"max_hp_loss":0,"event_name":"World of Goop","floor":14,"gold_loss":48}],"is_beta":false,"boss_relics":[],"items_purged_floors":[],"is_endless":false,"potions_floor_spawned":[1,2,13],"killed_by":"Slime Boss","ascension_level":20}