{"gold_per_floor":[114,37,37,37,37,75,75,116,116,116,132,19,38,73,73,162,162,176,7,7,31,51,86,86,11,11,11,27,27,27,63,63,63],"floor_reached":33,"playtime":812,"items_purged":[],"score":748,"play_id":"e69b139a-8b36-47cb-a474-9dcaa72af4e8","local_time":"20230310192121","is_ascension_mode":true,"campfire_choices":[{"data":"Deadly Poison","floor":7,"key":"SMITH"},{"data":"Footwork","floor":10,"key":"SMITH"},{"data":"Noxious Fumes","floor":15,"key":"SMITH"},{"floor":24,"key":"REST"},{"floor":30,"key":"REST"},{"floor":32,"key":"REST"}],"neow_cost":"NONE","seed_source_timestamp":806670125758200,"circlet_count":0,"master_deck":["AscendersBane","Survivor","Neutralize","Deadly Poison+1","Footwork+1","Masterful Stab","Corpse Explosion","Leg Sweep","Poisoned Stab","Footwork","Noxious Fumes+1","Bane","Adrenaline","Slice","Glass Knife","Unload","Dagger Spray","Setup","Glass Knife","Crippling Poison","Tactician","Well Laid Plans","Expertise","Escape Plan","Tools of the Trade","All Out Attack","Expertise","Setup","Crippling Poison","Venomology","Catalyst","Heel Hook"],"relics":["Ring of the Snake","NeowsBlessing","Pen Nib","Golden Idol","The Specimen","Dream Catcher","Snake Skull","Calipers","Pocketwatch","Pandora\u0027s Box","Lee\u0027s Waffle","Akabeko","Bottled Tornado","Oddly Smooth Stone","Question Card"],"potions_floor_usage":[14,18,22,33,33],"damage_taken":[{"damage":0,"enemies":"Cultist","floor":1,"turns":1},{"damage":0,"enemies":"Lagavulin","floor":6,"turns":2},{"damage":0,"enemies":"Gremlin Nob","floor":8,"turns":1},{"damage":5,"enemies":"Jaw Worm","floor":11,"turns":4},{"damage":2,"enemies":"2 Louse","floor":13,"turns":3},{"damage":6,"enemies":"3 Sentries","floor":14,"turns":6},{"damage":15,"enemies":"Hexaghost","floor":16,"turns":8},{"damage":17,"enemies":"2 Thieves","floor":18,"turns":3},{"damage":0,"enemies":"3 Byrds","floor":21,"turns":3},{"damage":4,"enemies":"Centurion and Healer","floor":22,"turns":4},{"damage":30,"enemies":"Gremlin Leader","floor":23,"turns":6},{"damage":34,"enemies":"Shelled Parasite and Fungi","floor":28,"turns":4},{"damage":31,"enemies":"Book of Stabbing","floor":31,"turns":4},{"damage":38,"enemies":"Champ","floor":33,"turns":9}],"seed_played":"6735435305153375441","potions_obtained":[{"floor":6,"key":"Fire Potion"},{"floor":11,"key":"Swift Potion"},{"floor":16,"key":"DistilledChaos"},{"floor":21,"key":"Block Potion"}],"is_trial":false,"path_per_floor":["M","$","?","?","?","E","R","E","T","R","M","$","M","E","R","B",null,"M","$","?","M","M","E","R","?","T","?","M","?","R","E","R","B"],"character_chosen":"THE_SILENT","items_purchased":["Footwork","Poisoned Stab","Footwork","Lee\u0027s Waffle"],"campfire_rested":3,"item_purchase_floors":[2,12,12,19],"current_hp_per_floor":[59,59,59,59,54,54,54,54,54,54,49,49,47,41,41,26,52,35,67,67,67,63,33,53,53,53,53,19,19,39,8,28,0],"gold":63,"neow_bonus":"THREE_ENEMY_KILL","is_prod":false,"is_daily":false,"chose_seed":false,"campfire_upgraded":3,"win_rate":0,"timestamp":1678472481,"path_taken":["M","$","?","?","?","E","R","E","T","R","?","?","M","E","R","BOSS","M","$","?","M","?","E","R","?","T","?","M","?","R","E","R","BOSS"],"build_version":"2022-12-18","purchased_purges":0,"victory":false,"max_hp_per_floor":[66,66,66,60,60,60,60,60,60,60,60,60,60,60,60,60,60,60,67,67,67,67,67,67,67,67,67,67,67,67,67,67,67],"card_choices":[{"not_picked":["Cloak And Dagger","Masterful Stab"],"picked":"Deadly Poison","floor":1},{"not_picked":["Flying Knee","Accuracy"],"picked":"Masterful Stab","floor":6},{"not_picked":["Concentrate","Deflect"],"picked":"Corpse Explosion","floor":8},{"not_picked":["Expertise","Cloak And Dagger"],"picked":"Leg Sweep","floor":11},{"not_picked":["Deflect","Backflip"],"picked":"Noxious Fumes","floor":13},{"not_picked":["Endless Agony","Tactician"],"picked":"Bane","floor":14},{"not_picked":["Tools of the Trade","Phantasmal Killer"],"picked":"Adrenaline","floor":16},{"not_picked":["Sucker Punch","Skewer"],"picked":"Escape Plan","floor":18},{"not_picked":["Bane","Acrobatics"],"picked":"Expertise","floor":21},{"not_picked":["Reflex","Deflect"],"picked":"Setup","floor":22},{"not_picked":["Flechettes","Prepared"],"picked":"Crippling Poison","floor":23},{"not_picked":["Blur","Distraction+1"],"picked":"Venomology","floor":24},{"not_picked":["Dash","Underhanded Strike","Dagger Throw+1"],"picked":"SKIP","floor":28},{"not_picked":["Outmaneuver","Dash","Blade Dance"],"picked":"SKIP","floor":31},{"not_picked":["Quick Slash","Underhanded Strike","Endless Agony"],"picked":"Heel Hook","floor":32}],"player_experience":2225175,"relics_obtained":[{"floor":6,"key":"Dream Catcher"},{"floor":8,"key":"Snake Skull"},{"floor":9,"key":"Calipers"},{"floor":14,"key":"Pocketwatch"},{"floor":23,"key":"Akabeko"},{"floor":26,"key":"Bottled Tornado"},{"floor":31,"key":"Question Card"}],"event_choices":[{"damage_healed":0,"gold_gain":0,"player_choice":"Box","damage_taken":0,"relics_obtained":["Pen Nib"],"max_hp_gain":0,"max_hp_loss":0,"event_name":"Big Fish","floor":3,"gold_loss":0,"cards_obtained":["Regret"]},{"damage_healed":0,"gold_gain":0,"player_choice":"Lose Max HP","damage_taken":0,"relics_obtained":["Golden Idol"],"max_hp_gain":0,"max_hp_loss":6,"event_name":"Golden Idol","floor":4,"gold_loss":0},{"damage_healed":0,"gold_gain":0,"player_choice":"Success","damage_taken":5,"relics_obtained":["The Specimen"],"max_hp_gain":0,"max_hp_loss":0,"event_name":"Scrap Ooze","floor":5,"gold_loss":0},{"damage_healed":0,"gold_gain":0,"player_choice":"2 cards matched","damage_taken":0,"max_hp_gain":0,"max_hp_loss":0,"event_name":"Match and Keep!","floor":20,"gold_loss":0,"cards_obtained":["Tools of the Trade","All Out Attack"]},{"cards_removed":["Regret"],"damage_healed":0,"gold_gain":0,"player_choice":"Gave Gold","damage_taken":0,"max_hp_gain":0,"max_hp_loss":0,"event_name":"Beggar","floor":25,"gold_loss":75},{"damage_healed":0,"gold_gain":0,"player_choice":"Read","damage_taken":0,"max_hp_gain":0,"max_hp_loss":0,"event_name":"The Library","floor":27,"gold_loss":0,"cards_obtained":["Catalyst"]},{"damage_healed":0,"gold_gain":0,"player_choice":"Gave Potion","damage_taken":0,"relics_obtained":["Oddly Smooth Stone"],"max_hp_gain":0,"max_hp_loss":0,"event_name":"WeMeetAgain","floor":29,"gold_loss":0}],"is_beta":false,"boss_relics":[{"not_picked":["Snecko Eye","Philosopher\u0027s Stone"],"picked":"Pandora\u0027s Box"}],"items_purged_floors":[],"is_endless":false,"potions_floor_spawned":[6,11,16,21],"killed_by":"Champ","ascension_level":20}