{"gold_per_floor":[409,419,432,18,29,58,58,91,144,144,171,171,187,207,207,207],"floor_reached":16,"playtime":581,"items_purged":[],"score":244,"play_id":"feeb950f-e1c4-4b89-92e5-0716bbf5d66b","local_time":"20230305124015","is_ascension_mode":true,"campfire_choices":[{"floor":7,"key":"REST"},{"data":"Finisher","floor":12,"key":"SMITH"},{"data":"Neutralize","floor":15,"key":"SMITH"}],"neow_cost":"CURSE","seed_source_timestamp":350823811913000,"circlet_count":0,"master_deck":["AscendersBane","Strike_G","Strike_G","Strike_G","Strike_G","Strike_G","Defend_G","Defend_G","Defend_G","Defend_G","Defend_G","Survivor","Neutralize+1","Writhe","Finisher+1","All Out Attack","Poisoned Stab","Infinite Blades","Poisoned Stab","Dodge and Roll","Flying Knee","Deadly Poison"],"relics":["Ring of the Snake","Old Coin","Thread and Needle","Centennial Puzzle","Sundial","Smiling Mask","Bag of Marbles"],"potions_floor_usage":[6,16,16],"damage_taken":[{"damage":17,"enemies":"Cultist","floor":1,"turns":6},{"damage":5,"enemies":"Small Slimes","floor":2,"turns":4},{"damage":8,"enemies":"Jaw Worm","floor":3,"turns":5},{"damage":2,"enemies":"3 Louse","floor":5,"turns":4},{"damage":14,"enemies":"Lagavulin","floor":6,"turns":6},{"damage":19,"enemies":"Gremlin Nob","floor":8,"turns":4},{"damage":19,"enemies":"Lagavulin","floor":11,"turns":7},{"damage":2,"enemies":"Looter","floor":13,"turns":2},{"damage":0,"enemies":"Exordium Thugs","floor":14,"turns":3},{"damage":58,"enemies":"Slime Boss","floor":16,"turns":12}],"seed_played":"-3630177161050650269","potions_obtained":[{"floor":2,"key":"Dexterity Potion"},{"floor":3,"key":"PowerPotion"},{"floor":8,"key":"Dexterity Potion"}],"is_trial":false,"path_per_floor":["M","M","M","$","M","E","R","E","T","?","E","R","M","M","R","B"],"character_chosen":"THE_SILENT","items_purchased":["Thread and Needle","Infinite Blades"],"campfire_rested":1,"item_purchase_floors":[4,4],"current_hp_per_floor":[42,37,29,29,27,13,32,13,13,76,57,57,55,55,55,0],"gold":207,"neow_bonus":"ONE_RARE_RELIC","is_prod":false,"is_daily":false,"chose_seed":false,"campfire_upgraded":2,"win_rate":0,"timestamp":1678016415,"path_taken":["M","M","M","$","?","E","R","E","T","?","E","R","M","M","R","BOSS"],"build_version":"2022-12-18","purchased_purges":0,"victory":false,"max_hp_per_floor":[66,66,66,66,66,66,66,66,66,76,76,76,76,76,76,76],"card_choices":[{"not_picked":["Prepared","Riddle With Holes"],"picked":"Finisher","floor":1},{"not_picked":["Predator","Outmaneuver"],"picked":"All Out Attack","floor":2},{"not_picked":["Distraction","Quick Slash"],"picked":"Poisoned Stab","floor":3},{"not_picked":["Quick Slash","Skewer","Catalyst"],"picked":"SKIP","floor":5},{"not_picked":["Dagger Throw","Terror"],"picked":"Phantasmal Killer","floor":6},{"not_picked":["Dagger Spray","Finisher"],"picked":"Poisoned Stab","floor":8},{"not_picked":["Outmaneuver","Endless Agony"],"picked":"Dodge and Roll","floor":11},{"not_picked":["PiercingWail","Heel Hook"],"picked":"Flying Knee","floor":13},{"not_picked":["Deflect","Sucker Punch"],"picked":"Deadly Poison","floor":14}],"player_experience":2204725,"relics_obtained":[{"floor":6,"key":"Centennial Puzzle"},{"floor":8,"key":"Sundial"},{"floor":9,"key":"Smiling Mask"},{"floor":11,"key":"Bag of Marbles"}],"event_choices":[{"cards_removed":["Phantasmal Killer"],"damage_healed":53,"gold_gain":0,"player_choice":"Offered Rare","damage_taken":0,"max_hp_gain":10,"max_hp_loss":0,"event_name":"Bonfire Elementals","floor":10,"gold_loss":0}],"is_beta":false,"boss_relics":[],"items_purged_floors":[],"is_endless":false,"potions_floor_spawned":[2,3,8],"killed_by":"Slime Boss","ascension_level":20}