{"gold_per_floor":[359,359,372,383,308,343,343,362,362,6,6,6],"floor_reached":12,"playtime":258,"items_purged":["Strike_G"],"score":156,"play_id":"b66dccb5-e9cd-4644-b400-6d1188c18b44","local_time":"20230315213956","is_ascension_mode":true,"campfire_choices":[{"data":"Unload","floor":7,"key":"SMITH"}],"neow_cost":"TEN_PERCENT_HP_LOSS","seed_source_timestamp":1247549054021100,"circlet_count":0,"master_deck":["AscendersBane","Strike_G","Strike_G","Defend_G","Defend_G","Defend_G","Defend_G","Defend_G","Survivor","Neutralize","Flying Knee+1","Poisoned Stab","Terror","Unload+1"],"relics":["Ring of the Snake","Kunai","Frozen Egg 2","Molten Egg 2"],"potions_floor_usage":[6],"damage_taken":[{"damage":0,"enemies":"Jaw Worm","floor":1,"turns":6},{"damage":4,"enemies":"Cultist","floor":3,"turns":3},{"damage":1,"enemies":"Small Slimes","floor":4,"turns":3},{"damage":15,"enemies":"Lagavulin","floor":6,"turns":5},{"damage":11,"enemies":"Gremlin Gang","floor":8,"turns":4},{"damage":26,"enemies":"Gremlin Nob","floor":12,"turns":3}],"seed_played":"-8985252571751507519","potions_obtained":[{"floor":1,"key":"Weak Potion"}],"is_trial":false,"path_per_floor":["M","?","M","M","?","E","R","M","T","$","?","E"],"character_chosen":"THE_SILENT","items_purchased":["Molten Egg 2"],"campfire_rested":0,"item_purchase_floors":[10],"current_hp_per_floor":[59,59,55,54,54,39,39,28,28,28,21,0],"gold":6,"neow_bonus":"TWO_FIFTY_GOLD","is_prod":false,"is_daily":false,"chose_seed":false,"campfire_upgraded":1,"win_rate":0,"timestamp":1678912796,"path_taken":["M","?","M","?","?","E","R","M","T","$","?","E"],"build_version":"2022-12-18","purchased_purges":1,"victory":false,"max_hp_per_floor":[60,60,60,60,60,60,60,60,60,60,60,60],"card_choices":[{"not_picked":["Concentrate","Riddle With Holes"],"picked":"Flying Knee","floor":1},{"not_picked":["Acrobatics","Infinite Blades"],"picked":"Poisoned Stab","floor":3},{"not_picked":["Catalyst","Cloak And Dagger"],"picked":"Terror","floor":4},{"not_picked":["Flying Knee","Catalyst"],"picked":"Unload","floor":6},{"not_picked":["Deadly Poison","Poisoned Stab","Bane"],"picked":"SKIP","floor":8}],"player_experience":2239033,"relics_obtained":[{"floor":6,"key":"Kunai"},{"floor":9,"key":"Frozen Egg 2"}],"event_choices":[{"damage_healed":0,"gold_gain":0,"player_choice":"Upgraded","damage_taken":0,"max_hp_gain":0,"max_hp_loss":0,"event_name":"Upgrade Shrine","floor":2,"gold_loss":0,"cards_upgraded":["Flying Knee"]},{"cards_removed":["Strike_G"],"damage_healed":0,"gold_gain":0,"player_choice":"Card Removal","damage_taken":0,"max_hp_gain":0,"max_hp_loss":0,"event_name":"The Cleric","floor":5,"gold_loss":75},{"cards_removed":["Strike_G"],"damage_healed":0,"gold_gain":0,"player_choice":"Card Removal","damage_taken":7,"max_hp_gain":0,"max_hp_loss":0,"event_name":"Golden Wing","floor":11,"gold_loss":0}],"is_beta":false,"boss_relics":[],"items_purged_floors":[10],"is_endless":false,"potions_floor_spawned":[1],"killed_by":"Gremlin Nob","ascension_level":20}