{"gold_per_floor":[113,78,78,98,98,98,125,138,138,138,150,183,183,203,203,203],"floor_reached":16,"playtime":417,"items_purged":[],"score":220,"play_id":"a748fc27-2349-4434-a2b0-7798b5dad17d","local_time":"20230315213528","is_ascension_mode":true,"campfire_choices":[{"data":"A Thousand Cuts","floor":6,"key":"SMITH"},{"floor":10,"key":"REST"},{"floor":15,"key":"REST"}],"neow_cost":"PERCENT_DAMAGE","seed_source_timestamp":1247122677131800,"circlet_count":0,"master_deck":["AscendersBane","Strike_G","Strike_G","Strike_G","Strike_G","Defend_G","Defend_G","Defend_G","Defend_G","Defend_G","Survivor+1","Neutralize+1","A Thousand Cuts+1","Backflip","Blade Dance","Footwork","Dodge and Roll","Setup","Infinite Blades","Cloak And Dagger"],"relics":["Ring of the Snake","Bottled Tornado","Bag of Preparation","Matryoshka"],"potions_floor_usage":[7,11,14],"damage_taken":[{"damage":1,"enemies":"2 Louse","floor":1,"turns":4},{"damage":7,"enemies":"Jaw Worm","floor":4,"turns":6},{"damage":27,"enemies":"Gremlin Nob","floor":7,"turns":4},{"damage":2,"enemies":"Small Slimes","floor":8,"turns":3},{"damage":0,"enemies":"3 Louse","floor":11,"turns":1},{"damage":9,"enemies":"3 Sentries","floor":12,"turns":6},{"damage":5,"enemies":"Red Slaver","floor":14,"turns":4},{"damage":28,"enemies":"Slime Boss","floor":16,"turns":3}],"seed_played":"-1429813131850476862","potions_obtained":[{"floor":1,"key":"SkillPotion"},{"floor":7,"key":"SkillPotion"},{"floor":11,"key":"ColorlessPotion"}],"is_trial":false,"path_per_floor":["M","?","?","M","?","R","E","M","T","R","M","E","?","M","R","B"],"character_chosen":"THE_SILENT","items_purchased":[],"campfire_rested":2,"item_purchase_floors":[],"current_hp_per_floor":[43,59,59,52,32,32,5,3,3,22,22,13,6,1,20,0],"gold":203,"neow_bonus":"THREE_RARE_CARDS","is_prod":false,"is_daily":false,"chose_seed":false,"campfire_upgraded":1,"win_rate":0,"timestamp":1678912528,"path_taken":["M","?","?","M","?","R","E","M","T","R","M","E","?","M","R","BOSS"],"build_version":"2022-12-18","purchased_purges":0,"victory":false,"max_hp_per_floor":[66,66,66,66,66,66,66,66,66,66,66,66,66,66,66,66],"card_choices":[{"not_picked":["Doppelganger","Die Die Die"],"picked":"A Thousand Cuts","floor":0},{"not_picked":["Riddle With Holes","Dagger Spray"],"picked":"Backflip","floor":1},{"not_picked":["Slice","Backflip"],"picked":"Blade Dance","floor":4},{"not_picked":["Catalyst","Acrobatics"],"picked":"Footwork","floor":7},{"not_picked":["Deadly Poison","PiercingWail"],"picked":"Dodge and Roll","floor":8},{"not_picked":["Dagger Throw","Masterful Stab"],"picked":"Setup","floor":11},{"not_picked":["Predator","Leg Sweep"],"picked":"Infinite Blades","floor":12},{"not_picked":["Dash","PiercingWail"],"picked":"Cloak And Dagger","floor":14}],"player_experience":2238616,"relics_obtained":[{"floor":7,"key":"Bottled Tornado"},{"floor":9,"key":"Bag of Preparation"},{"floor":12,"key":"Matryoshka"}],"event_choices":[{"damage_healed":16,"gold_gain":0,"player_choice":"Healed","damage_taken":0,"max_hp_gain":0,"max_hp_loss":0,"event_name":"The Cleric","floor":2,"gold_loss":35},{"damage_healed":0,"gold_gain":0,"player_choice":"Ignored","damage_taken":0,"max_hp_gain":0,"max_hp_loss":0,"event_name":"Liars Game","floor":3,"gold_loss":0},{"damage_healed":0,"gold_gain":0,"player_choice":"Entered Light","damage_taken":20,"max_hp_gain":0,"max_hp_loss":0,"event_name":"Shining Light","floor":5,"gold_loss":0,"cards_upgraded":["Neutralize","Survivor"]},{"cards_removed":["Strike_G"],"damage_healed":0,"gold_gain":0,"player_choice":"Card Removal","damage_taken":7,"max_hp_gain":0,"max_hp_loss":0,"event_name":"Golden Wing","floor":13,"gold_loss":0}],"is_beta":false,"boss_relics":[],"items_purged_floors":[],"is_endless":false,"potions_floor_spawned":[1,7,11],"killed_by":"Slime Boss","ascension_level":20}