{"gold_per_floor":[114,127,127,137,153,182,182,215,215,234,268,268,69,104,104,178,178,193,13,28,44,58,86,86,97,123,151,151,176,194,228,228,299,299,313,331,342,342,9,42,60,92,92,92,0,0,0,0,0,0,0,0,0,0,30,30],"floor_reached":57,"playtime":4616,"items_purged":["Pain","Regret","Regret"],"score":3365,"play_id":"0c92faaa-38d4-43ed-b4cc-af21875b5e40","local_time":"20230404191647","is_ascension_mode":true,"campfire_choices":[{"floor":7,"key":"REST"},{"data":"Acrobatics","floor":12,"key":"SMITH"},{"data":"Calculated Gamble","floor":15,"key":"SMITH"},{"data":"Doppelganger","floor":24,"key":"SMITH"},{"floor":32,"key":"RECALL"},{"data":"Malaise","floor":47,"key":"SMITH"},{"data":"Acrobatics","floor":49,"key":"SMITH"},{"data":"Outmaneuver","floor":53,"key":"SMITH"}],"neow_cost":"NONE","seed_source_timestamp":979007711317300,"circlet_count":0,"master_deck":["AscendersBane","Strike_G","Strike_G","Strike_G","Strike_G","Strike_G","Defend_G","Defend_G","Defend_G","Defend_G","Defend_G","Survivor","Neutralize","Heel Hook","Backflip","Injury","Sucker Punch+1","Terror","Dagger Throw+1","Shame","Unload+1","Decay","Acrobatics+1","Calculated Gamble+1","Outmaneuver+1","Slice+1","Doppelganger+1","Heel Hook+1","Heel Hook+1","Well Laid Plans+1","After Image+1","Acrobatics+1","All Out Attack+1","Eviscerate+1","Predator+1","Malaise+1","Quick Slash+1","Flechettes+1","Dodge and Roll","Neutralize+1","Writhe","Eviscerate+1","Shame","Blur","Clumsy"],"relics":["Ring of the Snake","NeowsBlessing","NeowsBlessing","Molten Egg 2","Molten Egg 2","Molten Egg 2","Molten Egg 2","Tough Bandages","Tough Bandages","Tough Bandages","Tough Bandages","Kunai","Kunai","Kunai","Kunai","HornCleat","HornCleat","HornCleat","Frozen Egg 2","Frozen Egg 2","Frozen Egg 2","Frozen Egg 2","Gremlin Horn","Gremlin Horn","HoveringKite","Pear","Pear","Pear","Omamori","Omamori","Toy Ornithopter","Toy Ornithopter","WarpedTongs","Bronze Scales","Bronze Scales","Bronze Scales","Art of War","Art of War","Coffee Dripper","Lee\u0027s Waffle","Lee\u0027s Waffle","Strawberry","Strawberry","Strawberry","Strawberry","Meat on the Bone","Red Mask","Red Mask","Red Mask","Red Mask","Blue Candle"],"potions_floor_usage":[31,33,56],"damage_taken":[{"damage":0,"enemies":"Small Slimes","floor":1,"turns":1},{"damage":0,"enemies":"Cultist","floor":2,"turns":1},{"damage":0,"enemies":"Jaw Worm","floor":4,"turns":1},{"damage":3,"enemies":"Looter","floor":5,"turns":4},{"damage":32,"enemies":"Lagavulin","floor":6,"turns":8},{"damage":12,"enemies":"Gremlin Nob","floor":8,"turns":4},{"damage":0,"enemies":"3 Louse","floor":10,"turns":3},{"damage":13,"enemies":"3 Sentries","floor":11,"turns":9},{"damage":0,"enemies":"Lagavulin","floor":14,"turns":5},{"damage":2,"enemies":"Hexaghost","floor":16,"turns":10},{"damage":5,"enemies":"3 Byrds","floor":18,"turns":7},{"damage":2,"enemies":"2 Thieves","floor":20,"turns":4},{"damage":0,"enemies":"Snecko","floor":21,"turns":6},{"damage":0,"enemies":"Chosen and Byrds","floor":22,"turns":5},{"damage":0,"enemies":"Gremlin Leader","floor":23,"turns":6},{"damage":11,"enemies":"Centurion and Healer","floor":25,"turns":7},{"damage":0,"enemies":"Book of Stabbing","floor":27,"turns":5},{"damage":1,"enemies":"Gremlin Leader","floor":29,"turns":6},{"damage":0,"enemies":"Cultist and Chosen","floor":30,"turns":5},{"damage":17,"enemies":"Book of Stabbing","floor":31,"turns":3},{"damage":17,"enemies":"Automaton","floor":33,"turns":11},{"damage":0,"enemies":"3 Shapes","floor":35,"turns":2},{"damage":0,"enemies":"3 Darklings","floor":36,"turns":3},{"damage":10,"enemies":"Transient","floor":37,"turns":6},{"damage":0,"enemies":"Giant Head","floor":40,"turns":7},{"damage":0,"enemies":"4 Shapes","floor":41,"turns":2},{"damage":0,"enemies":"Nemesis","floor":42,"turns":7},{"damage":19,"enemies":"Awakened One","floor":50,"turns":15},{"damage":19,"enemies":"Time Eater","floor":51,"turns":13},{"damage":10,"enemies":"Shield and Spear","floor":55,"turns":8},{"damage":88,"enemies":"The Heart","floor":56,"turns":11}],"seed_played":"7827190506434648215","potions_obtained":[{"floor":2,"key":"SpeedPotion"},{"floor":4,"key":"Weak Potion"},{"floor":11,"key":"SpeedPotion"},{"floor":14,"key":"Swift Potion"},{"floor":31,"key":"DistilledChaos"},{"floor":36,"key":"SteroidPotion"}],"is_trial":false,"path_per_floor":["M","M","?","M","M","E","R","E","T","M","E","R","$","E","R","B",null,"M","$","M","M","M","E","R","M","T","E","?","E","M","E","R","B",null,"M","M","M","?","$","E","M","E","T","$","?","?","R","$","R","B","B",null,"R","$","E","B",null],"character_chosen":"THE_SILENT","basemod:card_modifiers":[null,null,null,null,null,null,null,null,null,null,null,null,null,null,null,null,null,null,null,null,null,null,null,null,null,null,null,null,null,null,null,null,null,null,null,null,null,null,null,null,null,null,null,null,null],"items_purchased":["Calculated Gamble","Outmaneuver","Heel Hook+1","Lee\u0027s Waffle","Eviscerate+1"],"campfire_rested":1,"item_purchase_floors":[13,13,19,39,39],"current_hp_per_floor":[59,59,59,59,56,24,43,31,31,31,18,18,18,18,18,16,54,49,49,47,47,47,77,77,66,66,66,66,65,65,58,58,51,85,85,85,75,75,117,145,145,145,145,145,145,138,138,138,138,119,100,129,129,129,119,53],"gold":30,"neow_bonus":"THREE_ENEMY_KILL","is_prod":false,"is_daily":false,"chose_seed":false,"campfire_upgraded":6,"win_rate":0,"timestamp":1680628607,"path_taken":["M","M","?","?","M","E","R","E","T","?","E","R","$","E","R","BOSS","M","$","?","M","M","E","R","M","T","E","?","E","M","E","R","BOSS","M","M","?","?","$","E","M","E","T","?","?","?","R","?","R","BOSS","BOSS","R","$","E","BOSS"],"build_version":"2022-12-18","purchased_purges":3,"victory":true,"max_hp_per_floor":[66,66,66,66,66,66,66,66,66,66,66,66,66,66,66,66,66,66,66,66,66,66,96,96,96,96,96,96,96,96,96,96,96,96,96,96,96,96,117,145,145,145,145,145,145,138,138,138,138,138,138,138,138,138,138,138],"card_choices":[{"not_picked":["Dodge and Roll","Infinite Blades"],"picked":"Heel Hook","floor":1},{"not_picked":["PiercingWail","Outmaneuver"],"picked":"Backflip","floor":2},{"not_picked":["Crippling Poison","Dodge and Roll"],"picked":"Sucker Punch+1","floor":4},{"not_picked":["Deflect","Escape Plan"],"picked":"Terror","floor":5},{"not_picked":["Terror","Masterful Stab+1"],"picked":"Dagger Throw+1","floor":6},{"not_picked":["Poisoned Stab+1","Prepared"],"picked":"Unload+1","floor":8},{"not_picked":["Backflip","Skewer+1"],"picked":"Acrobatics","floor":10},{"not_picked":["PiercingWail","Poisoned Stab+1","Leg Sweep"],"picked":"SKIP","floor":11},{"not_picked":["Deflect","Endless Agony+1"],"picked":"Slice+1","floor":14},{"not_picked":["Envenom+1","Burst"],"picked":"Doppelganger","floor":16},{"not_picked":["Backflip","Distraction+1","Acrobatics"],"picked":"SKIP","floor":18},{"not_picked":["Dagger Throw+1","Corpse Explosion"],"picked":"Heel Hook+1","floor":20},{"not_picked":["PiercingWail","Outmaneuver","Dash+1"],"picked":"SKIP","floor":21},{"not_picked":["Outmaneuver","Noxious Fumes+1"],"picked":"Well Laid Plans+1","floor":22},{"not_picked":["Deflect","Dagger Throw+1"],"picked":"After Image+1","floor":23},{"not_picked":["Expertise","Terror+1"],"picked":"Acrobatics","floor":25},{"not_picked":["Backflip","Catalyst"],"picked":"All Out Attack+1","floor":27},{"not_picked":["Endless Agony+1","Underhanded Strike+1","Backflip"],"picked":"SKIP","floor":29},{"not_picked":["Noxious Fumes+1","Backstab+1"],"picked":"Eviscerate+1","floor":30},{"not_picked":["Deadly Poison","Catalyst"],"picked":"Predator+1","floor":31},{"not_picked":["Burst","Die Die Die+1"],"picked":"Malaise","floor":33},{"not_picked":["Dagger Throw+1","Dagger Spray+1"],"picked":"Quick Slash+1","floor":35},{"not_picked":["All Out Attack+1","Backflip"],"picked":"Flechettes+1","floor":36},{"not_picked":["Cloak And Dagger","Finisher+1"],"picked":"Dodge and Roll","floor":37},{"not_picked":["Finisher+1","Endless Agony+1","Riddle With Holes+1"],"picked":"SKIP","floor":40},{"not_picked":["Prepared","Acrobatics","Bouncing Flask"],"picked":"SKIP","floor":41},{"not_picked":["Heel Hook+1","Bullet Time"],"picked":"Blur","floor":42},{"not_picked":["Cloak And Dagger","Backflip","Sucker Punch+1"],"picked":"SKIP","floor":55}],"player_experience":2326845,"relics_obtained":[{"floor":6,"key":"Tough Bandages"},{"floor":8,"key":"Kunai"},{"floor":9,"key":"HornCleat"},{"floor":11,"key":"Frozen Egg 2"},{"floor":14,"key":"Gremlin Horn"},{"floor":23,"key":"Pear"},{"floor":26,"key":"Omamori"},{"floor":27,"key":"Toy Ornithopter"},{"floor":29,"key":"Bronze Scales"},{"floor":31,"key":"Art of War"},{"floor":40,"key":"Strawberry"},{"floor":42,"key":"Meat on the Bone"},{"floor":55,"key":"Blue Candle"}],"event_choices":[{"damage_healed":0,"gold_gain":0,"player_choice":"Gave Potion","damage_taken":0,"relics_obtained":["Molten Egg 2"],"max_hp_gain":0,"max_hp_loss":0,"event_name":"WeMeetAgain","floor":3,"gold_loss":0},{"damage_healed":0,"gold_gain":0,"player_choice":"Rummage","damage_taken":0,"relics_obtained":["WarpedTongs"],"max_hp_gain":0,"max_hp_loss":0,"event_name":"Accursed Blacksmith","floor":28,"gold_loss":0,"cards_obtained":["Pain"]},{"damage_healed":0,"gold_gain":0,"player_choice":"1 cards matched","damage_taken":0,"max_hp_gain":0,"max_hp_loss":0,"event_name":"Match and Keep!","floor":38,"gold_loss":0,"cards_obtained":["Neutralize"]},{"damage_healed":0,"gold_gain":0,"player_choice":"Paid","damage_taken":0,"relics_obtained":["Red Mask"],"max_hp_gain":0,"max_hp_loss":0,"event_name":"Tomb of Lord Red Mask","floor":45,"gold_loss":92},{"damage_healed":0,"gold_gain":0,"player_choice":"Max HP","damage_taken":0,"max_hp_gain":0,"max_hp_loss":7,"event_name":"Winding Halls","floor":46,"gold_loss":0}],"is_beta":false,"boss_relics":[{"not_picked":["Snecko Eye","Black Star"],"picked":"HoveringKite"},{"not_picked":["Velvet Choker","Cursed Key"],"picked":"Coffee Dripper"}],"items_purged_floors":[13,19,39],"is_endless":false,"potions_floor_spawned":[2,4,11,14,16,20,22,23,27,29,31,36,40,41,42,55],"ascension_level":20}