{"gold_per_floor":[109,109,122,122,122,122,47,47,74,74,108,123,138,138],"floor_reached":14,"playtime":261,"items_purged":["Injury"],"score":176,"play_id":"785479ae-3a09-48b6-a090-2e18e2339691","local_time":"20230404124620","is_ascension_mode":true,"campfire_choices":[{"data":"Noxious Fumes","floor":6,"key":"SMITH"},{"data":"Caltrops","floor":8,"key":"SMITH"},{"data":"Dash","floor":10,"key":"SMITH"}],"neow_cost":"NONE","seed_source_timestamp":959943846540300,"circlet_count":0,"master_deck":["AscendersBane","Strike_G","Strike_G","Strike_G","Strike_G","Strike_G","Defend_G","Defend_G","Defend_G","Defend_G","Survivor","Neutralize","Tactician","Noxious Fumes+1","Caltrops+1","Dash+1","Quick Slash","Doppelganger","Deadly Poison"],"relics":["Sozu","Golden Idol","Nunchaku","CaptainsWheel"],"potions_floor_usage":[],"damage_taken":[{"damage":1,"enemies":"Small Slimes","floor":1,"turns":3},{"damage":6,"enemies":"Cultist","floor":3,"turns":5},{"damage":44,"enemies":"Gremlin Nob","floor":11,"turns":4},{"damage":0,"enemies":"2 Louse","floor":12,"turns":3},{"damage":0,"enemies":"2 Fungi Beasts","floor":13,"turns":3},{"damage":12,"enemies":"3 Louse","floor":14,"turns":1}],"seed_played":"469247611031452999","potions_obtained":[],"is_trial":false,"path_per_floor":["M","?","M","?","?","R","$","R","T","R","E","M","M","M"],"character_chosen":"THE_SILENT","items_purchased":[],"campfire_rested":0,"item_purchase_floors":[],"current_hp_per_floor":[58,58,52,52,52,52,52,52,52,52,8,8,8,0],"gold":138,"neow_bonus":"BOSS_RELIC","is_prod":false,"is_daily":false,"chose_seed":false,"campfire_upgraded":3,"win_rate":0,"timestamp":1680605180,"path_taken":["M","?","?","?","?","R","$","R","T","R","E","M","M","M"],"build_version":"2022-12-18","purchased_purges":1,"victory":false,"max_hp_per_floor":[66,66,66,66,66,66,66,66,66,66,66,66,66,66],"card_choices":[{"not_picked":["Prepared","Bouncing Flask"],"picked":"Tactician","floor":1},{"not_picked":["PiercingWail","Accuracy"],"picked":"Caltrops","floor":3},{"not_picked":["Infinite Blades","Bane"],"picked":"Quick Slash","floor":11},{"not_picked":["Dagger Spray","Acrobatics"],"picked":"Doppelganger","floor":12},{"not_picked":["Sucker Punch","Accuracy"],"picked":"Deadly Poison","floor":13}],"player_experience":2325466,"relics_obtained":[{"floor":9,"key":"Nunchaku"},{"floor":11,"key":"CaptainsWheel"}],"event_choices":[{"damage_healed":0,"gold_gain":0,"player_choice":"1 cards matched","damage_taken":0,"max_hp_gain":0,"max_hp_loss":0,"event_name":"Match and Keep!","floor":2,"gold_loss":0,"cards_obtained":["Noxious Fumes"]},{"damage_healed":0,"gold_gain":0,"cards_transformed":["Defend_G"],"player_choice":"Change","damage_taken":0,"max_hp_gain":0,"max_hp_loss":0,"event_name":"Living Wall","floor":4,"gold_loss":0,"cards_obtained":["Dash"]},{"damage_healed":0,"gold_gain":0,"player_choice":"Take Wound","damage_taken":0,"relics_obtained":["Golden Idol"],"max_hp_gain":0,"max_hp_loss":0,"event_name":"Golden Idol","floor":5,"gold_loss":0,"cards_obtained":["Injury"]}],"is_beta":false,"boss_relics":[],"items_purged_floors":[7],"is_endless":false,"potions_floor_spawned":[1,11],"killed_by":"3 Louse","ascension_level":20}