{"gold_per_floor":[112,127,139,139,154,154,179,179,179,179],"floor_reached":10,"playtime":317,"items_purged":[],"score":136,"play_id":"576bc23d-82e3-4e47-82d6-3800bc71379f","local_time":"20230403222904","is_ascension_mode":true,"campfire_choices":[{"data":"Burst","floor":6,"key":"SMITH"},{"data":"Crippling Poison","floor":8,"key":"SMITH"}],"neow_cost":"NONE","seed_source_timestamp":908450131482200,"circlet_count":0,"master_deck":["AscendersBane","Strike_G","Strike_G","Strike_G","Strike_G","Strike_G","Defend_G","Defend_G","Defend_G","Defend_G","Defend_G","Survivor","Neutralize","Burst+1","Quick Slash","Crippling Poison+1","Deadly Poison","All Out Attack"],"relics":["Ring of the Snake","GremlinMask","Kunai","InkBottle"],"potions_floor_usage":[7],"damage_taken":[{"damage":4,"enemies":"Cultist","floor":1,"turns":6},{"damage":1,"enemies":"Jaw Worm","floor":2,"turns":5},{"damage":7,"enemies":"Small Slimes","floor":3,"turns":4},{"damage":0,"enemies":"3 Louse","floor":5,"turns":2},{"damage":19,"enemies":"Lagavulin","floor":7,"turns":7},{"damage":64,"enemies":"Gremlin Nob","floor":10,"turns":4}],"seed_played":"6749787308492195914","potions_obtained":[{"floor":5,"key":"AttackPotion"},{"floor":7,"key":"Strength Potion"}],"is_trial":false,"path_per_floor":["M","M","M","?","M","R","E","R","T","E"],"character_chosen":"THE_SILENT","items_purchased":[],"campfire_rested":0,"item_purchase_floors":[],"current_hp_per_floor":[55,54,47,47,47,47,28,28,28,0],"gold":179,"neow_bonus":"ONE_RANDOM_RARE_CARD","is_prod":false,"is_daily":false,"chose_seed":false,"campfire_upgraded":2,"win_rate":0,"timestamp":1680553744,"path_taken":["M","M","?","?","M","R","E","R","T","E"],"build_version":"2022-12-18","purchased_purges":0,"victory":false,"max_hp_per_floor":[66,66,66,66,66,66,66,66,66,66],"card_choices":[{"not_picked":["Underhanded Strike","Bane"],"picked":"Quick Slash","floor":1},{"not_picked":["All Out Attack","Dodge and Roll"],"picked":"Crippling Poison","floor":2},{"not_picked":["Caltrops","Dodge and Roll"],"picked":"Deadly Poison","floor":3},{"not_picked":["Deflect","Eviscerate","Cloak And Dagger"],"picked":"SKIP","floor":5},{"not_picked":["Deflect","Quick Slash"],"picked":"All Out Attack","floor":7}],"player_experience":2320034,"relics_obtained":[{"floor":7,"key":"Kunai"},{"floor":9,"key":"InkBottle"}],"event_choices":[{"damage_healed":0,"gold_gain":0,"player_choice":"Trade","damage_taken":0,"relics_obtained":["GremlinMask"],"max_hp_gain":0,"max_hp_loss":0,"event_name":"FaceTrader","floor":4,"gold_loss":0}],"is_beta":false,"boss_relics":[],"items_purged_floors":[],"is_endless":false,"potions_floor_spawned":[5,7],"killed_by":"Gremlin Nob","ascension_level":20}