{"gold_per_floor":[110,12,67,80,80,80,112,112,138,138,63,63,81,103,103,103],"floor_reached":16,"playtime":689,"items_purged":[],"score":196,"play_id":"00f5acc3-8070-4baa-96ee-ce6a668cdad5","local_time":"20230407011939","is_ascension_mode":true,"campfire_choices":[{"data":"Jack Of All Trades","floor":6,"key":"SMITH"},{"data":"After Image","floor":8,"key":"SMITH"},{"floor":10,"key":"REST"},{"data":"Cloak And Dagger","floor":15,"key":"SMITH"}],"neow_cost":"NONE","seed_source_timestamp":1177519957901400,"circlet_count":0,"master_deck":["AscendersBane","Strike_G","Strike_G","Strike_G","Strike_G","Defend_G","Defend_G","Defend_G","Defend_G","Survivor","Neutralize","After Image+1","Prepared","Jack Of All Trades+1","Infinite Blades","Cloak And Dagger+1","Reflex","Underhanded Strike","Masterful Stab"],"relics":["Ring of the Snake","Regal Pillow","Art of War","Oddly Smooth Stone","Odd Mushroom"],"potions_floor_usage":[7,7,16],"damage_taken":[{"damage":4,"enemies":"Small Slimes","floor":1,"turns":5},{"damage":2,"enemies":"2 Louse","floor":3,"turns":7},{"damage":0,"enemies":"Cultist","floor":4,"turns":5},{"damage":20,"enemies":"Gremlin Nob","floor":7,"turns":4},{"damage":0,"enemies":"Blue Slaver","floor":13,"turns":5},{"damage":1,"enemies":"The Mushroom Lair","floor":14,"turns":7},{"damage":58,"enemies":"Hexaghost","floor":16,"turns":13}],"seed_played":"-2005435620489748928","potions_obtained":[{"floor":1,"key":"Fire Potion"},{"floor":4,"key":"CunningPotion"},{"floor":7,"key":"Regen Potion"}],"is_trial":false,"path_per_floor":["M","$","M","M","?","R","E","R","T","R","?","?","M","?","R","B"],"character_chosen":"THE_SILENT","items_purchased":["Jack Of All Trades"],"campfire_rested":1,"item_purchase_floors":[2],"current_hp_per_floor":[55,55,53,53,42,42,22,22,22,56,56,56,56,55,55,0],"gold":103,"neow_bonus":"ONE_RANDOM_RARE_CARD","is_prod":false,"is_daily":false,"chose_seed":false,"campfire_upgraded":3,"win_rate":0,"timestamp":1680823179,"path_taken":["M","$","M","M","?","R","E","R","T","R","?","?","?","?","R","BOSS"],"build_version":"2022-12-18","purchased_purges":0,"victory":false,"max_hp_per_floor":[66,66,66,66,66,66,66,66,66,66,66,66,66,66,66,66],"card_choices":[{"not_picked":["Choke","Expertise"],"picked":"Prepared","floor":1},{"not_picked":["Caltrops","Outmaneuver"],"picked":"Infinite Blades","floor":3},{"not_picked":["Deflect","Slice"],"picked":"Cloak And Dagger","floor":4},{"not_picked":["Burst","Caltrops"],"picked":"Reflex","floor":7},{"not_picked":["Deflect","Outmaneuver"],"picked":"Underhanded Strike","floor":13},{"not_picked":["Prepared","Catalyst"],"picked":"Masterful Stab","floor":14}],"player_experience":2346742,"relics_obtained":[{"floor":7,"key":"Art of War"},{"floor":9,"key":"Oddly Smooth Stone"},{"floor":14,"key":"Odd Mushroom"}],"event_choices":[{"damage_healed":0,"gold_gain":0,"player_choice":"Success","damage_taken":11,"relics_obtained":["Regal Pillow"],"max_hp_gain":0,"max_hp_loss":0,"event_name":"Scrap Ooze","floor":5,"gold_loss":0},{"cards_removed":["Strike_G"],"damage_healed":0,"gold_gain":0,"player_choice":"Card Removal","damage_taken":0,"max_hp_gain":0,"max_hp_loss":0,"event_name":"The Cleric","floor":11,"gold_loss":75},{"cards_removed":["Defend_G"],"damage_healed":0,"gold_gain":0,"player_choice":"Offered Basic","damage_taken":0,"max_hp_gain":0,"max_hp_loss":0,"event_name":"Bonfire Elementals","floor":12,"gold_loss":0},{"damage_healed":0,"gold_gain":0,"player_choice":"Fought Mushrooms","damage_taken":0,"max_hp_gain":0,"max_hp_loss":0,"event_name":"Mushrooms","floor":14,"gold_loss":0}],"is_beta":false,"boss_relics":[],"items_purged_floors":[],"is_endless":false,"potions_floor_spawned":[1,4,7],"killed_by":"Hexaghost","ascension_level":20}