{"gold_per_floor":[112,37,37,37,53,53,79,98,176,176],"floor_reached":10,"playtime":316,"items_purged":["Regret"],"score":132,"play_id":"8b317eec-a9ab-4e0d-b496-bf224dff83bf","local_time":"20230405124212","is_ascension_mode":true,"campfire_choices":[{"floor":6,"key":"REST"}],"neow_cost":"CURSE","seed_source_timestamp":1046043724933100,"circlet_count":0,"master_deck":["AscendersBane","Strike_G","Strike_G","Strike_G","Strike_G","Defend_G","Defend_G","Defend_G","Defend_G","Survivor","Neutralize","Quick Slash","Venomology","Accuracy","Dagger Spray","Dodge and Roll","Backstab"],"relics":["Ring of the Snake","Omamori","Boot","White Beast Statue"],"potions_floor_usage":[5,5,7,7,7,7,8],"damage_taken":[{"damage":23,"enemies":"Jaw Worm","floor":1,"turns":7},{"damage":0,"enemies":"Small Slimes","floor":5,"turns":2},{"damage":14,"enemies":"Lagavulin","floor":7,"turns":6},{"damage":0,"enemies":"Cultist","floor":8,"turns":3},{"damage":31,"enemies":"Gremlin Nob","floor":10,"turns":3}],"seed_played":"4930436248673620415","potions_obtained":[{"floor":1,"key":"FearPotion"},{"floor":4,"key":"EntropicBrew"}],"is_trial":false,"path_per_floor":["M","$","?","?","M","R","E","M","T","E"],"character_chosen":"THE_SILENT","items_purchased":[],"campfire_rested":1,"item_purchase_floors":[],"current_hp_per_floor":[36,36,25,25,25,44,30,30,30,0],"gold":176,"neow_bonus":"TRANSFORM_TWO_CARDS","is_prod":false,"is_daily":false,"chose_seed":false,"campfire_upgraded":0,"win_rate":0,"timestamp":1680691332,"path_taken":["M","$","?","?","?","R","E","M","T","E"],"build_version":"2022-12-18","purchased_purges":1,"victory":false,"max_hp_per_floor":[66,66,66,66,66,66,66,66,66,66],"card_choices":[{"not_picked":["Dagger Throw","Acrobatics"],"picked":"Accuracy","floor":1},{"not_picked":["Flying Knee","Dagger Throw"],"picked":"Dagger Spray","floor":5},{"not_picked":["Endless Agony","Blur"],"picked":"Dodge and Roll","floor":7},{"not_picked":["Tactician","Poisoned Stab"],"picked":"Backstab","floor":8}],"player_experience":2335175,"relics_obtained":[{"floor":7,"key":"Boot"},{"floor":9,"key":"White Beast Statue"}],"event_choices":[{"damage_healed":0,"gold_gain":0,"player_choice":"Success","damage_taken":11,"relics_obtained":["Omamori"],"max_hp_gain":0,"max_hp_loss":0,"event_name":"Scrap Ooze","floor":3,"gold_loss":0},{"damage_healed":0,"gold_gain":0,"player_choice":"Got Potions","damage_taken":0,"max_hp_gain":0,"max_hp_loss":0,"event_name":"Lab","floor":4,"gold_loss":0}],"is_beta":false,"boss_relics":[],"items_purged_floors":[2],"is_endless":false,"potions_floor_spawned":[1],"killed_by":"Gremlin Nob","ascension_level":20}