{"gold_per_floor":[111,186,199,210,220,220,245,245,269,311,320,349,363,382,382,469,469,492,520,148,177,198,230,230,230,230,255,264,264,304,333,333,333],"floor_reached":33,"playtime":1648,"items_purged":["Defend_G"],"score":652,"play_id":"832d34bd-747e-4db0-ae53-361c0de65d63","local_time":"20230404124125","is_ascension_mode":true,"campfire_choices":[{"data":"Calculated Gamble","floor":6.0,"key":"SMITH"},{"data":"Deadly Poison","floor":8,"key":"SMITH"},{"floor":15,"key":"REST"},{"floor":24,"key":"REST"},{"floor":29,"key":"REST"},{"data":"Acrobatics","floor":32,"key":"SMITH"}],"neow_cost":"NONE","seed_source_timestamp":958242352749800,"circlet_count":0,"master_deck":["AscendersBane","Strike_G","Strike_G","Defend_G","Defend_G","Defend_G","Survivor","Neutralize","Crippling Poison+1","After Image+1","Backflip+1","Deadly Poison+1","Flying Knee","Outmaneuver","Calculated Gamble+1","Blur","Heel Hook","Bane","Corpse Explosion","Escape Plan+1","Prepared","Setup","Bandage Up","Outmaneuver","Acrobatics+1","Deflect","Writhe","Deadly Poison+1","Flechettes+1"],"special_seed":0,"relics":["Astrolabe","Smiling Mask","Vajra","CeramicFish","Runic Pyramid","TwistedFunnel","Potion Belt","Eternal Feather","Orichalcum","Boot"],"potions_floor_usage":[7,12,13,18,19,22,23,33,33],"damage_taken":[{"damage":0.0,"enemies":"Small Slimes","floor":1.0,"turns":4.0},{"damage":0.0,"enemies":"Cultist","floor":3.0,"turns":4.0},{"damage":0.0,"enemies":"2 Louse","floor":4.0,"turns":4.0},{"damage":3.0,"enemies":"Looter","floor":5.0,"turns":4.0},{"damage":15,"enemies":"3 Sentries","floor":7,"turns":8},{"damage":13,"enemies":"Lagavulin","floor":10,"turns":7},{"damage":0,"enemies":"2 Fungi Beasts","floor":12,"turns":3},{"damage":2,"enemies":"Exordium Wildlife","floor":13,"turns":5},{"damage":14,"enemies":"3 Louse","floor":14,"turns":4},{"damage":8,"enemies":"The Guardian","floor":16,"turns":12},{"damage":15,"enemies":"2 Thieves","floor":18,"turns":3},{"damage":0,"enemies":"Shell Parasite","floor":19,"turns":7},{"damage":9,"enemies":"Centurion and Healer","floor":21,"turns":5},{"damage":18,"enemies":"Chosen and Byrds","floor":22,"turns":5},{"damage":15,"enemies":"Book of Stabbing","floor":23,"turns":6},{"damage":15,"enemies":"Snake Plant","floor":27,"turns":5},{"damage":27,"enemies":"Slavers","floor":30,"turns":4},{"damage":3,"enemies":"Centurion and Healer","floor":31,"turns":4},{"damage":77,"enemies":"Automaton","floor":33,"turns":12}],"seed_played":"701105102424341752","potions_obtained":[{"floor":3.0,"key":"FearPotion"},{"floor":4.0,"key":"ColorlessPotion"},{"floor":10,"key":"SkillPotion"},{"floor":12,"key":"SpeedPotion"},{"floor":16,"key":"Explosive Potion"},{"floor":18,"key":"SpeedPotion"},{"floor":21,"key":"ColorlessPotion"},{"floor":30,"key":"SkillPotion"},{"floor":31,"key":"Explosive Potion"}],"is_trial":false,"path_per_floor":["M","?","M","M","M","R","E","R","T","E","?","M","M","M","R","B",null,"M","M","$","M","M","E","R","?","T","M","?","R","E","M","R","B"],"character_chosen":"THE_SILENT","items_purchased":["TwistedFunnel","Setup","Bandage Up"],"campfire_rested":3,"item_purchase_floors":[20,20,20],"current_hp_per_floor":[59,48,48,48,45,45,30,30,30,17,17,17,15,1,20,12,53,38,38,38,33,19,8,27,27,27,16,16,50,27,28,43,0],"gold":333,"neow_bonus":"BOSS_RELIC","is_prod":false,"is_daily":false,"chose_seed":false,"campfire_upgraded":3,"win_rate":0,"timestamp":1680604885,"path_taken":["M","?","M","M","M","R","E","R","T","E","?","M","M","M","R","BOSS","M","M","$","M","M","E","R","?","T","M","?","R","E","M","R","BOSS"],"build_version":"2022-12-18","purchased_purges":1,"victory":false,"max_hp_per_floor":[66,66,66,66,66,66,66,66,66,66,66,66,66,66,66,66,66,66,66,66,66,66,66,66,66,66,66,66,66,66,66,66,66],"card_choices":[{"not_picked":["Deflect","Terror"],"picked":"Deadly Poison","floor":1.0},{"not_picked":["Expertise","Cloak And Dagger"],"picked":"Flying Knee","floor":3.0},{"not_picked":["Slice","Dodge and Roll"],"picked":"Outmaneuver","floor":4.0},{"not_picked":["Concentrate","Caltrops"],"picked":"Calculated Gamble","floor":5.0},{"not_picked":["Blade Dance","Storm of Steel","Prepared"],"picked":"SKIP","floor":7},{"not_picked":["Footwork","Bane"],"picked":"Blur","floor":10},{"not_picked":["Deadly Poison","Prepared"],"picked":"Bane","floor":12},{"not_picked":["Dodge and Roll","Deflect","Endless Agony"],"picked":"SKIP","floor":13},{"not_picked":["Sucker Punch","Slice","Dodge and Roll"],"picked":"SKIP","floor":14},{"not_picked":["Tools of the Trade","Grand Finale"],"picked":"Corpse Explosion","floor":16},{"not_picked":["Flying Knee","Sucker Punch"],"picked":"Escape Plan+1","floor":18},{"not_picked":["Deadly Poison","Masterful Stab"],"picked":"Prepared","floor":19},{"not_picked":["Dodge and Roll","Finisher"],"picked":"Outmaneuver","floor":21},{"not_picked":["Cloak And Dagger","Outmaneuver"],"picked":"Acrobatics","floor":22},{"not_picked":["Predator","Well Laid Plans","Blade Dance"],"picked":"SKIP","floor":23},{"not_picked":["Blade Dance","Outmaneuver"],"picked":"Deflect","floor":27},{"not_picked":["Dodge and Roll","Riddle With Holes"],"picked":"Deadly Poison+1","floor":30},{"not_picked":["Deadly Poison","Finisher"],"picked":"Flechettes+1","floor":31}],"player_experience":2323818,"relics_obtained":[{"floor":7,"key":"Smiling Mask"},{"floor":9,"key":"Vajra"},{"floor":10,"key":"CeramicFish"},{"floor":23,"key":"Potion Belt"},{"floor":26,"key":"Eternal Feather"},{"floor":30,"key":"Boot"}],"event_choices":[{"damage_healed":0.0,"max_hp_gain":0.0,"max_hp_loss":0.0,"gold_gain":75.0,"event_name":"World of Goop","player_choice":"Gather Gold","floor":2.0,"gold_loss":0.0,"damage_taken":11.0},{"damage_healed":0,"gold_gain":0,"cards_transformed":["Strike_G"],"player_choice":"Transformed","damage_taken":0,"max_hp_gain":0,"max_hp_loss":0,"event_name":"Transmorgrifier","floor":11,"gold_loss":0,"cards_obtained":["Heel Hook"]},{"damage_healed":0,"gold_gain":0,"player_choice":"Ignored","damage_taken":0,"max_hp_gain":0,"max_hp_loss":0,"event_name":"Cursed Tome","floor":25,"gold_loss":0},{"damage_healed":0,"gold_gain":0,"player_choice":"Opened","damage_taken":0,"relics_obtained":["Orichalcum"],"max_hp_gain":0,"max_hp_loss":0,"event_name":"The Mausoleum","floor":28,"gold_loss":0,"cards_obtained":["Writhe"]}],"is_beta":false,"boss_relics":[{"not_picked":["Empty Cage","Tiny House"],"picked":"Runic Pyramid"}],"items_purged_floors":[20],"is_endless":false,"potions_floor_spawned":[3,4,5,10,12,16,18,21,30,31],"killed_by":"Automaton","ascension_level":20}