{"gold_per_floor":[117,117,137,147,147,176,176,209,209,209,247,274,299,12,12,93,93,120,138,32,49,49,49,90,90,90,114,114],"floor_reached":28,"playtime":2633,"items_purged":["Strike_G"],"score":562,"play_id":"fe7a8d11-9e64-4f9b-8490-144c60160a25","local_time":"20230330191116","is_ascension_mode":true,"campfire_choices":[{"floor":7,"key":"REST"},{"floor":10,"key":"REST"},{"data":"Calculated Gamble","floor":15,"key":"SMITH"},{"data":"Wraith Form v2","floor":23,"key":"SMITH"},{"data":"Footwork","floor":25,"key":"SMITH"}],"neow_cost":"NONE","seed_source_timestamp":548659053055900,"circlet_count":0,"master_deck":["AscendersBane","Strike_G","Strike_G","Defend_G","Defend_G","Defend_G","Defend_G","Defend_G","Survivor","Neutralize","Phantasmal Killer","Predator","Dodge and Roll","Neutralize","Slice","Quick Slash","Calculated Gamble+1","Well Laid Plans","Escape Plan","Outmaneuver","Wraith Form v2+1","Footwork+1","Dagger Spray","Caltrops","Blur","Venomology"],"relics":["Ring of the Snake","HornCleat","Matryoshka","Vajra","Question Card","CeramicFish","Shuriken","Philosopher\u0027s Stone","Potion Belt","StrikeDummy"],"potions_floor_usage":[6,8,11,13,16,21,27,28],"damage_taken":[{"damage":9,"enemies":"Jaw Worm","floor":1,"turns":6},{"damage":0,"enemies":"Cultist","floor":3,"turns":3},{"damage":0,"enemies":"2 Louse","floor":4,"turns":3},{"damage":35,"enemies":"Lagavulin","floor":6,"turns":9},{"damage":20,"enemies":"Gremlin Nob","floor":8,"turns":4},{"damage":4,"enemies":"Lagavulin","floor":11,"turns":5},{"damage":0,"enemies":"Looter","floor":12,"turns":3},{"damage":0,"enemies":"Lots of Slimes","floor":13,"turns":2},{"damage":30,"enemies":"Slime Boss","floor":16,"turns":5},{"damage":16,"enemies":"Shell Parasite","floor":18,"turns":8},{"damage":9,"enemies":"Spheric Guardian","floor":21,"turns":5},{"damage":0,"enemies":"Gremlin Leader","floor":24,"turns":8},{"damage":29,"enemies":"Cultist and Chosen","floor":27,"turns":9},{"damage":52,"enemies":"Book of Stabbing","floor":28,"turns":6}],"seed_played":"5389038840626840920","potions_obtained":[{"floor":1,"key":"Poison Potion"},{"floor":5,"key":"Regen Potion"},{"floor":5,"key":"Dexterity Potion"},{"floor":6,"key":"Strength Potion"},{"floor":8,"key":"Explosive Potion"},{"floor":13,"key":"Fire Potion"},{"floor":16,"key":"DuplicationPotion"},{"floor":18,"key":"Ancient Potion"},{"floor":24,"key":"Swift Potion"}],"is_trial":false,"path_per_floor":["M","?","M","M","?","E","R","E","T","R","E","M","M","$","R","B",null,"M","?","$","M","?","R","E","R","T","M","E"],"character_chosen":"THE_SILENT","items_purchased":["Shuriken","Caltrops"],"campfire_rested":2,"item_purchase_floors":[14,20],"current_hp_per_floor":[50,50,50,50,50,30,49,29,29,48,44,44,44,44,44,14,53,37,37,37,28,76,76,76,76,76,47,0],"gold":114,"neow_bonus":"ONE_RANDOM_RARE_CARD","is_prod":false,"is_daily":false,"chose_seed":false,"campfire_upgraded":3,"win_rate":0,"timestamp":1680196276,"path_taken":["M","?","M","?","?","E","R","E","T","R","E","?","M","$","R","BOSS","M","?","$","M","?","R","E","R","T","M","E"],"build_version":"2022-12-18","purchased_purges":1,"victory":false,"max_hp_per_floor":[66,66,66,66,66,66,66,66,66,66,66,66,66,66,66,66,66,66,66,66,66,76,76,76,76,76,76,76],"card_choices":[{"not_picked":["Poisoned Stab","PiercingWail"],"picked":"Predator","floor":1},{"not_picked":["Underhanded Strike","Choke"],"picked":"Slice","floor":3},{"not_picked":["Infinite Blades","Expertise"],"picked":"Quick Slash","floor":4},{"not_picked":["Underhanded Strike","Endless Agony","Acrobatics"],"picked":"SKIP","floor":6},{"not_picked":["Envenom","Deflect"],"picked":"Calculated Gamble","floor":8},{"not_picked":["Endless Agony","Bane","Concentrate"],"picked":"Well Laid Plans","floor":11},{"not_picked":["Eviscerate","Setup","PiercingWail"],"picked":"Escape Plan","floor":12},{"not_picked":["Finisher","Dodge and Roll","Quick Slash"],"picked":"Outmaneuver","floor":13},{"not_picked":["Corpse Explosion","A Thousand Cuts","Bullet Time"],"picked":"Wraith Form v2","floor":16},{"not_picked":["Concentrate","Deadly Poison","Prepared"],"picked":"Footwork","floor":18},{"not_picked":["Distraction","Slice","Bane","Eviscerate"],"picked":"SKIP","floor":21},{"not_picked":["Flying Knee","Sucker Punch","Prepared"],"picked":"Blur","floor":24},{"not_picked":["Bouncing Flask","Blur","Cloak And Dagger"],"picked":"Venomology","floor":27}],"player_experience":2306599,"relics_obtained":[{"floor":6,"key":"HornCleat"},{"floor":8,"key":"Matryoshka"},{"floor":9,"key":"Vajra"},{"floor":9,"key":"Question Card"},{"floor":11,"key":"CeramicFish"},{"floor":24,"key":"Potion Belt"},{"floor":26,"key":"StrikeDummy"}],"event_choices":[{"damage_healed":0,"gold_gain":0,"player_choice":"2 cards matched","damage_taken":0,"max_hp_gain":0,"max_hp_loss":0,"event_name":"Match and Keep!","floor":2,"gold_loss":0,"cards_obtained":["Dodge and Roll","Neutralize"]},{"damage_healed":0,"gold_gain":0,"player_choice":"Got Potions","damage_taken":0,"max_hp_gain":0,"max_hp_loss":0,"event_name":"Lab","floor":5,"gold_loss":0},{"damage_healed":0,"gold_gain":0,"cards_transformed":["Strike_G","Strike_G"],"player_choice":"Became Test Subject","damage_taken":0,"max_hp_gain":0,"max_hp_loss":0,"event_name":"Drug Dealer","floor":19,"gold_loss":0,"cards_obtained":["Dagger Spray","Bullet Time"]},{"cards_removed":["Bullet Time"],"damage_healed":38,"gold_gain":0,"player_choice":"Offered Rare","damage_taken":0,"max_hp_gain":10,"max_hp_loss":0,"event_name":"Bonfire Elementals","floor":22,"gold_loss":0}],"is_beta":false,"boss_relics":[{"not_picked":["Sozu","Empty Cage"],"picked":"Philosopher\u0027s Stone"}],"items_purged_floors":[20],"is_endless":false,"potions_floor_spawned":[1,6,8,13,16,18,24],"killed_by":"Book of Stabbing","ascension_level":20}