{"gold_per_floor":[113,188,199,199,199,227,27,27,108,108,124,124,124,159,159,159],"floor_reached":16,"playtime":273,"items_purged":[],"score":262,"play_id":"e2f5f2d1-3ced-426f-8a81-a3b5b8c26bf6","local_time":"20230403223502","is_ascension_mode":true,"campfire_choices":[{"data":"Footwork","floor":8.0,"key":"SMITH"},{"floor":10.0,"key":"REST"},{"data":"Bane","floor":15.0,"key":"SMITH"}],"neow_cost":"NONE","seed_source_timestamp":908781916112500,"circlet_count":0,"master_deck":["AscendersBane","Strike_G","Strike_G","Strike_G","Strike_G","Defend_G","Defend_G","Defend_G","Defend_G","Defend_G","Survivor","Neutralize","Poisoned Stab","Deadly Poison","Footwork+1","Bane+1","Deep Breath","Outmaneuver"],"special_seed":0,"relics":["Ring of the Snake","NeowsBlessing","Lantern","PreservedInsect","PrismaticShard","Kunai","Golden Idol","Akabeko"],"potions_floor_usage":[],"damage_taken":[{"damage":0.0,"enemies":"Small Slimes","floor":1.0,"turns":1.0},{"damage":0.0,"enemies":"2 Louse","floor":3.0,"turns":1.0},{"damage":0.0,"enemies":"3 Sentries","floor":6.0,"turns":1.0},{"damage":1.0,"enemies":"Jaw Worm","floor":11.0,"turns":4.0},{"damage":5.0,"enemies":"Gremlin Nob","floor":14.0,"turns":3.0},{"damage":42,"enemies":"Slime Boss","floor":16,"turns":9}],"seed_played":"6599189948562808263","potions_obtained":[{"floor":3.0,"key":"GamblersBrew"},{"floor":14.0,"key":"EssenceOfSteel"}],"is_trial":false,"path_per_floor":["M","?","M","?","?","E","$","R","T","R","M","?","?","E","R","B"],"character_chosen":"THE_SILENT","items_purchased":["PrismaticShard","Bane"],"campfire_rested":1,"item_purchase_floors":[7,7],"current_hp_per_floor":[59,48,48,41,23,23,23,23,23,42,41,41,41,36,36,0],"gold":159,"neow_bonus":"THREE_ENEMY_KILL","is_prod":false,"is_daily":false,"chose_seed":false,"campfire_upgraded":2,"win_rate":0,"timestamp":1680554102,"path_taken":["M","?","M","?","?","E","?","R","T","R","M","?","?","E","R","BOSS"],"build_version":"2022-12-18","purchased_purges":0,"victory":false,"max_hp_per_floor":[66,66,66,66,66,66,66,66,66,66,66,66,66,66,66,66],"card_choices":[{"not_picked":["Acrobatics","Masterful Stab"],"picked":"Poisoned Stab","floor":1.0},{"not_picked":["Dagger Throw","Prepared"],"picked":"Deadly Poison","floor":3.0},{"not_picked":["Prepared","Dodge and Roll"],"picked":"Footwork","floor":6.0},{"not_picked":["Cold Snap","Anger"],"picked":"Deep Breath","floor":11.0},{"not_picked":["All Out Attack","Bane"],"picked":"Outmaneuver","floor":14.0}],"player_experience":2320351,"relics_obtained":[{"floor":6.0,"key":"PreservedInsect"},{"floor":9.0,"key":"Kunai"},{"floor":14.0,"key":"Akabeko"}],"event_choices":[{"damage_healed":0.0,"max_hp_gain":0.0,"max_hp_loss":0.0,"gold_gain":75.0,"event_name":"World of Goop","player_choice":"Gather Gold","floor":2.0,"gold_loss":0.0,"damage_taken":11.0},{"cards_removed":["Strike_G"],"damage_healed":0.0,"max_hp_gain":0.0,"max_hp_loss":0.0,"gold_gain":0.0,"event_name":"Golden Wing","player_choice":"Card Removal","floor":4.0,"gold_loss":0.0,"damage_taken":7.0},{"damage_healed":0.0,"max_hp_gain":0.0,"max_hp_loss":0.0,"gold_gain":0.0,"event_name":"Scrap Ooze","player_choice":"Success","floor":5.0,"gold_loss":0.0,"damage_taken":18.0,"relics_obtained":["Lantern"]},{"damage_healed":0.0,"max_hp_gain":0.0,"max_hp_loss":0.0,"gold_gain":0.0,"event_name":"Golden Idol","player_choice":"Take Wound","floor":12.0,"gold_loss":0.0,"damage_taken":0.0,"relics_obtained":["Golden Idol"],"cards_obtained":["Injury"]},{"cards_removed":["Injury"],"damage_healed":0.0,"max_hp_gain":0.0,"max_hp_loss":0.0,"gold_gain":0.0,"event_name":"Purifier","player_choice":"Purged","floor":13.0,"gold_loss":0.0,"damage_taken":0.0}],"is_beta":false,"boss_relics":[],"items_purged_floors":[],"is_endless":false,"potions_floor_spawned":[3,14],"killed_by":"Slime Boss","ascension_level":20}