{"gold_per_floor":[111,124,139,151,25,55,55,84,84,84,118,118,138,148,148,226,226,206,206,96,112,130,130,465,477,531,561,541,552,564,564],"floor_reached":31,"playtime":1344,"items_purged":["Strike_G"],"score":648,"play_id":"2db15319-9bfc-40ab-98a7-201dda0c8970","local_time":"20230409235642","is_ascension_mode":true,"campfire_choices":[{"floor":7,"key":"REST"},{"data":"Noxious Fumes","floor":10,"key":"SMITH"},{"data":"Footwork","floor":12,"key":"SMITH"},{"data":"Catalyst","floor":15,"key":"SMITH"},{"data":"Malaise","floor":23,"key":"SMITH"}],"neow_cost":"NONE","seed_source_timestamp":119829437126400,"circlet_count":0,"master_deck":["AscendersBane","Strike_G","Strike_G","Strike_G+1","Defend_G","Defend_G","Defend_G","Defend_G","Defend_G","Survivor","Neutralize","Bouncing Flask","Flying Knee","Deadly Poison","Noxious Fumes+1","Backflip","Dash","Malaise+1","Footwork+1","Outmaneuver","Catalyst+1","Bullet Time","Bouncing Flask+1"],"relics":["Black Star","Ancient Tea Set","Omamori","Meat on the Bone","Eternal Feather","Shuriken","Torii","Anchor","Busted Crown","Smiling Mask","Old Coin","Strawberry","Bird Faced Urn","HornCleat"],"potions_floor_usage":[6,8,11,18,24,24,24,25,27,31,31],"damage_taken":[{"damage":0,"enemies":"2 Louse","floor":1,"turns":4},{"damage":1,"enemies":"Cultist","floor":2,"turns":4},{"damage":16,"enemies":"Jaw Worm","floor":3,"turns":4},{"damage":15,"enemies":"Gremlin Gang","floor":4,"turns":7},{"damage":20,"enemies":"3 Sentries","floor":6,"turns":7},{"damage":7,"enemies":"Lagavulin","floor":8,"turns":6},{"damage":17,"enemies":"3 Sentries","floor":11,"turns":8},{"damage":0,"enemies":"2 Fungi Beasts","floor":13,"turns":4},{"damage":8,"enemies":"Exordium Wildlife","floor":14,"turns":6},{"damage":16,"enemies":"Hexaghost","floor":16,"turns":13},{"damage":1,"enemies":"2 Thieves","floor":18,"turns":4},{"damage":12,"enemies":"Shell Parasite","floor":21,"turns":3},{"damage":29,"enemies":"Snake Plant","floor":22,"turns":5},{"damage":1,"enemies":"Gremlin Leader","floor":24,"turns":4},{"damage":1,"enemies":"Shelled Parasite and Fungi","floor":25,"turns":7},{"damage":7,"enemies":"Book of Stabbing","floor":27,"turns":7},{"damage":0,"enemies":"Centurion and Healer","floor":29,"turns":7},{"damage":1,"enemies":"Snecko","floor":30,"turns":6},{"damage":45,"enemies":"Slavers","floor":31,"turns":5}],"seed_played":"4860762106822889943","potions_obtained":[{"floor":1,"key":"Energy Potion"},{"floor":2,"key":"CultistPotion"},{"floor":8,"key":"BlessingOfTheForge"},{"floor":14,"key":"CunningPotion"},{"floor":16,"key":"BlessingOfTheForge"},{"floor":22,"key":"EntropicBrew"},{"floor":24,"key":"AttackPotion"},{"floor":25,"key":"Explosive Potion"},{"floor":27,"key":"Fire Potion"}],"is_trial":false,"path_per_floor":["M","M","M","M","$","E","R","E","T","R","E","R","M","M","R","B",null,"M","?","?","M","M","R","E","M","T","E","?","M","M","E"],"character_chosen":"THE_SILENT","items_purchased":["Backflip"],"campfire_rested":1,"item_purchase_floors":[5],"current_hp_per_floor":[59,58,42,27,27,7,26,19,19,28,23,35,35,39,51,35,58,57,57,57,45,28,40,39,38,45,38,38,42,41,0],"gold":564,"neow_bonus":"BOSS_RELIC","is_prod":false,"is_daily":false,"chose_seed":false,"campfire_upgraded":4,"win_rate":0,"timestamp":1681077402,"path_taken":["M","M","M","M","$","E","R","E","T","R","E","R","M","M","R","BOSS","M","?","?","?","M","R","E","M","T","E","?","M","M","E"],"build_version":"2022-12-18","purchased_purges":1,"victory":false,"max_hp_per_floor":[66,66,66,66,66,66,66,66,66,66,66,66,66,66,66,66,66,66,66,66,66,66,66,66,66,73,73,73,73,73,73],"card_choices":[{"not_picked":["Dodge and Roll","Quick Slash"],"picked":"Bouncing Flask","floor":1},{"not_picked":["Dodge and Roll","Cloak And Dagger"],"picked":"Flying Knee","floor":2},{"not_picked":["Prepared","Eviscerate"],"picked":"Deadly Poison","floor":3},{"not_picked":["Flechettes","Dagger Spray"],"picked":"Noxious Fumes","floor":4},{"not_picked":["Reflex","Dagger Spray"],"picked":"Dash","floor":6},{"not_picked":["Blur","Flying Knee"],"picked":"Malaise","floor":8},{"not_picked":["All Out Attack","Underhanded Strike"],"picked":"Footwork","floor":11},{"not_picked":["Flechettes","Backflip"],"picked":"Outmaneuver","floor":13},{"not_picked":["Reflex","Dash"],"picked":"Catalyst","floor":14},{"not_picked":["Envenom","Die Die Die"],"picked":"Bullet Time","floor":16},{"not_picked":["Blade Dance"],"picked":"SKIP","floor":18},{"not_picked":["Quick Slash"],"picked":"SKIP","floor":21},{"not_picked":["Sucker Punch"],"picked":"SKIP","floor":22},{"not_picked":["Predator"],"picked":"SKIP","floor":24},{"not_picked":["Flechettes+1"],"picked":"SKIP","floor":25},{"not_picked":["Die Die Die"],"picked":"SKIP","floor":27},{"not_picked":[],"picked":"Bouncing Flask+1","floor":29},{"not_picked":["Caltrops"],"picked":"SKIP","floor":30}],"player_experience":2356384,"relics_obtained":[{"floor":6,"key":"Ancient Tea Set"},{"floor":6,"key":"Omamori"},{"floor":8,"key":"Meat on the Bone"},{"floor":8,"key":"Eternal Feather"},{"floor":9,"key":"Shuriken"},{"floor":11,"key":"Torii"},{"floor":11,"key":"Anchor"},{"floor":24,"key":"Smiling Mask"},{"floor":24,"key":"Old Coin"},{"floor":26,"key":"Strawberry"},{"floor":27,"key":"Bird Faced Urn"},{"floor":27,"key":"HornCleat"}],"event_choices":[{"damage_healed":0,"gold_gain":0,"player_choice":"Ignored","damage_taken":0,"max_hp_gain":0,"max_hp_loss":0,"event_name":"Vampires","floor":19,"gold_loss":0},{"cards_removed":["Strike_G"],"damage_healed":0,"gold_gain":0,"player_choice":"Upgrade and Remove","damage_taken":0,"max_hp_gain":0,"max_hp_loss":0,"event_name":"Designer","floor":20,"gold_loss":110,"cards_upgraded":["Strike_G"]},{"damage_healed":0,"gold_gain":0,"player_choice":"Bought 1 Potion","damage_taken":0,"max_hp_gain":0,"max_hp_loss":0,"event_name":"The Woman in Blue","floor":28,"gold_loss":0}],"is_beta":false,"boss_relics":[{"not_picked":["SlaversCollar","Calling Bell"],"picked":"Busted Crown"}],"items_purged_floors":[5],"is_endless":false,"potions_floor_spawned":[1,2,8,14,16,22,24,25,27],"killed_by":"Slavers","ascension_level":20}