{"gold_per_floor":[167,167,6,6,6,6,21,40,40,63,106,124,124,124],"floor_reached":14,"playtime":339,"items_purged":[],"score":180,"play_id":"ee8c39b9-322d-4205-946b-5cc281a1d387","local_time":"20230417194510","is_ascension_mode":true,"campfire_choices":[{"data":"Poisoned Stab","floor":6,"key":"SMITH"}],"neow_cost":"NONE","seed_source_timestamp":179507946931400,"circlet_count":0,"master_deck":["AscendersBane","Strike_G","Strike_G","Strike_G","Strike_G+1","Strike_G","Defend_G","Defend_G","Defend_G","Defend_G","Defend_G","Survivor","Neutralize","Poisoned Stab+1","Well Laid Plans","Cloak And Dagger","Blur","After Image","Sucker Punch+1","Flying Knee+1","PiercingWail"],"relics":["Tiny House","Golden Idol","Medical Kit","Molten Egg 2","Thread and Needle","Bottled Tornado"],"potions_floor_usage":[11,12],"damage_taken":[{"damage":4,"enemies":"Small Slimes","floor":1,"turns":4},{"damage":7,"enemies":"Jaw Worm","floor":7,"turns":3},{"damage":2,"enemies":"2 Louse","floor":8,"turns":2},{"damage":18,"enemies":"Gremlin Gang","floor":10,"turns":7},{"damage":31,"enemies":"Gremlin Nob","floor":11,"turns":6},{"damage":0,"enemies":"Exordium Thugs","floor":12,"turns":5},{"damage":3,"enemies":"Red Slaver","floor":14,"turns":1}],"seed_played":"-1421065045992660097","potions_obtained":[{"floor":0,"key":"Energy Potion"},{"floor":11,"key":"DistilledChaos"},{"floor":12,"key":"Dexterity Potion"}],"is_trial":false,"path_per_floor":["M","?","$","?","?","R","M","M","T","M","E","M","T","M"],"character_chosen":"THE_SILENT","items_purchased":["Medical Kit"],"campfire_rested":0,"item_purchase_floors":[3],"current_hp_per_floor":[60,60,60,60,60,60,53,51,51,33,2,2,2,0],"gold":124,"neow_bonus":"BOSS_RELIC","is_prod":false,"is_daily":false,"chose_seed":false,"campfire_upgraded":1,"win_rate":0,"timestamp":1681753510,"path_taken":["M","?","$","?","?","R","M","M","T","M","E","?","?","M"],"build_version":"2022-12-18","purchased_purges":0,"victory":false,"max_hp_per_floor":[71,71,71,71,71,71,71,71,71,71,71,71,71,71],"card_choices":[{"not_picked":["Bane","Slice"],"picked":"Poisoned Stab","floor":0},{"not_picked":["Blade Dance","Deadly Poison"],"picked":"Well Laid Plans","floor":1},{"not_picked":["Backflip","Cloak And Dagger"],"picked":"Blur","floor":7},{"not_picked":["Dagger Spray","PiercingWail"],"picked":"After Image","floor":8},{"not_picked":["Dodge and Roll","Backflip"],"picked":"Sucker Punch+1","floor":10},{"not_picked":["Deadly Poison","Underhanded Strike+1"],"picked":"Flying Knee+1","floor":11},{"not_picked":["Deflect","Underhanded Strike+1"],"picked":"PiercingWail","floor":12}],"player_experience":2368551,"relics_obtained":[{"floor":9,"key":"Molten Egg 2"},{"floor":11,"key":"Thread and Needle"},{"floor":13,"key":"Bottled Tornado"}],"event_choices":[{"damage_healed":0,"gold_gain":0,"player_choice":"Take Wound","damage_taken":0,"relics_obtained":["Golden Idol"],"max_hp_gain":0,"max_hp_loss":0,"event_name":"Golden Idol","floor":2,"gold_loss":0,"cards_obtained":["Injury"]},{"cards_removed":["Injury"],"damage_healed":0,"gold_gain":0,"player_choice":"Forget","damage_taken":0,"max_hp_gain":0,"max_hp_loss":0,"event_name":"Living Wall","floor":4,"gold_loss":0},{"damage_healed":0,"gold_gain":0,"player_choice":"1 cards matched","damage_taken":0,"max_hp_gain":0,"max_hp_loss":0,"event_name":"Match and Keep!","floor":5,"gold_loss":0,"cards_obtained":["Cloak And Dagger"]}],"is_beta":false,"boss_relics":[],"items_purged_floors":[],"is_endless":false,"potions_floor_spawned":[11,12],"killed_by":"Red Slaver","ascension_level":20}