{"gold_per_floor":[110,122,132,158,172,172,204,204,251,264,339,489,489,71,71,71],"floor_reached":16,"playtime":426,"items_purged":["Defend_G"],"score":200,"play_id":"69bd0277-c26f-4332-8be0-20db5f924446","local_time":"20230415231503","is_ascension_mode":true,"campfire_choices":[{"data":"Noxious Fumes","floor":6,"key":"SMITH"},{"data":"Well Laid Plans","floor":8,"key":"SMITH"},{"floor":15,"key":"REST"}],"neow_cost":"NONE","seed_source_timestamp":19211845589000,"circlet_count":0,"master_deck":["AscendersBane","Strike_G","Strike_G","Strike_G","Strike_G","Strike_G","Defend_G","Defend_G","Defend_G","Defend_G","Survivor","Neutralize","Choke","Reflex","Well Laid Plans+1","Noxious Fumes+1","Cloak And Dagger","PiercingWail","The Bomb"],"relics":["Ring of the Snake","NeowsBlessing","Snake Skull","Smiling Mask","Bag of Preparation","PrismaticShard"],"potions_floor_usage":[7,16],"damage_taken":[{"damage":0,"enemies":"Cultist","floor":1,"turns":1},{"damage":0,"enemies":"Jaw Worm","floor":2,"turns":1},{"damage":0,"enemies":"2 Louse","floor":3,"turns":1},{"damage":10,"enemies":"Large Slime","floor":5,"turns":9},{"damage":10,"enemies":"Lagavulin","floor":7,"turns":7},{"damage":26,"enemies":"Exordium Thugs","floor":10,"turns":6},{"damage":23,"enemies":"Slime Boss","floor":16,"turns":3}],"seed_played":"-1483022099813696801","potions_obtained":[{"floor":2,"key":"Energy Potion"},{"floor":3,"key":"Ancient Potion"},{"floor":7,"key":"Swift Potion"}],"is_trial":false,"path_per_floor":["M","M","M","T","M","R","E","R","T","M","?","?","?","$","R","B"],"character_chosen":"THE_SILENT","items_purchased":["PrismaticShard","The Bomb"],"campfire_rested":1,"item_purchase_floors":[14,14],"current_hp_per_floor":[59,59,59,59,49,49,39,39,39,13,2,2,2,2,21,0],"gold":71,"neow_bonus":"THREE_ENEMY_KILL","is_prod":false,"is_daily":false,"chose_seed":false,"campfire_upgraded":2,"win_rate":0,"timestamp":1681593303,"path_taken":["M","M","M","?","M","R","E","R","T","M","?","?","?","$","R","BOSS"],"build_version":"2022-12-18","purchased_purges":1,"victory":false,"max_hp_per_floor":[66,66,66,66,66,66,66,66,66,66,66,66,66,66,66,66],"card_choices":[{"not_picked":["Dagger Throw","Masterful Stab"],"picked":"Choke","floor":1},{"not_picked":["Footwork","Expertise"],"picked":"Reflex","floor":2},{"not_picked":["Sucker Punch","Flying Knee"],"picked":"Well Laid Plans","floor":3},{"not_picked":["Dodge and Roll","Calculated Gamble"],"picked":"Noxious Fumes","floor":5},{"not_picked":["Storm of Steel","Sucker Punch"],"picked":"Cloak And Dagger","floor":7},{"not_picked":["Deflect","Dodge and Roll"],"picked":"PiercingWail","floor":10}],"player_experience":2367516,"relics_obtained":[{"floor":4,"key":"Snake Skull"},{"floor":7,"key":"Smiling Mask"},{"floor":9,"key":"Bag of Preparation"}],"event_choices":[{"damage_healed":0,"gold_gain":75,"player_choice":"Gather Gold","damage_taken":11,"max_hp_gain":0,"max_hp_loss":0,"event_name":"World of Goop","floor":11,"gold_loss":0},{"damage_healed":0,"gold_gain":150,"player_choice":"AGREE","damage_taken":0,"max_hp_gain":0,"max_hp_loss":0,"event_name":"Liars Game","floor":12,"gold_loss":0,"cards_obtained":["Doubt"]},{"cards_removed":["Doubt"],"damage_healed":0,"gold_gain":0,"player_choice":"Forget","damage_taken":0,"max_hp_gain":0,"max_hp_loss":0,"event_name":"Living Wall","floor":13,"gold_loss":0}],"is_beta":false,"boss_relics":[],"items_purged_floors":[14],"is_endless":false,"potions_floor_spawned":[2,3,7],"killed_by":"Slime Boss","ascension_level":20}