{"gold_per_floor":[117,117,126,126,149,169,169,5,31,52,90,117,117,156,156,156],"floor_reached":16,"playtime":352,"items_purged":[],"score":220,"play_id":"71434345-26ea-4d86-b33a-b20292bd037f","local_time":"20230419175332","is_ascension_mode":true,"campfire_choices":[{"data":"Dash","floor":7,"key":"SMITH"},{"data":"Footwork","floor":13,"key":"SMITH"},{"floor":15,"key":"REST"}],"neow_cost":"NONE","seed_source_timestamp":345599398506800,"circlet_count":0,"master_deck":["AscendersBane","Strike_G","Strike_G","Strike_G","Strike_G","Defend_G","Defend_G","Defend_G","Defend_G","Defend_G","Survivor","Neutralize","Dagger Throw","Sucker Punch","Dodge and Roll","Dash+1","Prepared","Eviscerate","Footwork+1","Tactician"],"relics":["Ring of the Snake","NeowsBlessing","CeramicFish","Potion Belt","Medical Kit","Art of War","Boot","Lantern"],"potions_floor_usage":[11,14,14],"damage_taken":[{"damage":0,"enemies":"Small Slimes","floor":1,"turns":1},{"damage":0,"enemies":"Jaw Worm","floor":5,"turns":1},{"damage":0,"enemies":"Cultist","floor":6,"turns":1},{"damage":3,"enemies":"3 Louse","floor":10,"turns":5},{"damage":21,"enemies":"3 Sentries","floor":11,"turns":8},{"damage":0,"enemies":"2 Fungi Beasts","floor":12,"turns":5},{"damage":29,"enemies":"Gremlin Nob","floor":14,"turns":4},{"damage":20,"enemies":"Slime Boss","floor":16,"turns":3}],"seed_played":"2533905995351425715","potions_obtained":[{"floor":1,"key":"Fire Potion"},{"floor":10,"key":"FearPotion"},{"floor":11,"key":"Weak Potion"}],"is_trial":false,"path_per_floor":["M","?","?","T","M","M","R","$","T","M","E","M","R","E","R","B"],"character_chosen":"THE_SILENT","items_purchased":["Medical Kit"],"campfire_rested":1,"item_purchase_floors":[8],"current_hp_per_floor":[59,54,54,54,54,54,54,54,54,51,30,30,30,1,20,0],"gold":156,"neow_bonus":"THREE_ENEMY_KILL","is_prod":false,"is_daily":false,"chose_seed":false,"campfire_upgraded":2,"win_rate":0,"timestamp":1681919612,"path_taken":["M","?","?","?","?","M","R","$","T","M","E","M","R","E","R","BOSS"],"build_version":"2022-12-18","purchased_purges":0,"victory":false,"max_hp_per_floor":[66,66,66,66,66,66,66,66,66,66,66,66,66,66,66,66],"card_choices":[{"not_picked":["Endless Agony","Dodge and Roll"],"picked":"Dagger Throw","floor":1},{"not_picked":["Prepared","Concentrate"],"picked":"Dodge and Roll","floor":5},{"not_picked":["Setup","Slice"],"picked":"Dash","floor":6},{"not_picked":["Cloak And Dagger","Outmaneuver"],"picked":"Prepared","floor":10},{"not_picked":["Deflect","Dagger Throw"],"picked":"Eviscerate","floor":11},{"not_picked":["Infinite Blades","Backstab"],"picked":"Footwork","floor":12},{"not_picked":["Backflip","Backstab"],"picked":"Tactician","floor":14}],"player_experience":2374321,"relics_obtained":[{"floor":4,"key":"Potion Belt"},{"floor":9,"key":"Art of War"},{"floor":11,"key":"Boot"},{"floor":14,"key":"Lantern"}],"event_choices":[{"damage_healed":0,"gold_gain":0,"player_choice":"Success","damage_taken":5,"relics_obtained":["CeramicFish"],"max_hp_gain":0,"max_hp_loss":0,"event_name":"Scrap Ooze","floor":2,"gold_loss":0},{"damage_healed":0,"gold_gain":0,"cards_transformed":["Strike_G"],"player_choice":"Change","damage_taken":0,"max_hp_gain":0,"max_hp_loss":0,"event_name":"Living Wall","floor":3,"gold_loss":0,"cards_obtained":["Sucker Punch"]}],"is_beta":false,"boss_relics":[],"items_purged_floors":[],"is_endless":false,"potions_floor_spawned":[1,10,11],"killed_by":"Slime Boss","ascension_level":20}