{"gold_per_floor":[111,111,131,143,68,68,95,95,172,97,97,108,108,141,141,213,213,224,184,197,197,197,197,214,43,43,78,3,36,56,72,72,150,150,167,179,96,106,106,106,138,138,210,260,276,307,307,50,50,50,50,50,50,13,40,40],"floor_reached":56,"playtime":4211,"items_purged":["Defend_G","Defend_G+1"],"score":1956,"play_id":"8af7f568-62e3-4b36-bd9f-823b144a3688","local_time":"20230419190346","is_ascension_mode":true,"campfire_choices":[{"data":"Eviscerate","floor":6,"key":"SMITH"},{"data":"Concentrate","floor":8,"key":"SMITH"},{"data":"Calculated Gamble","floor":15,"key":"SMITH"},{"data":"Malaise","floor":23,"key":"SMITH"},{"data":"A Thousand Cuts","floor":32,"key":"SMITH"},{"data":"A Thousand Cuts","floor":40,"key":"SMITH"},{"floor":42,"key":"REST"},{"floor":47,"key":"REST"},{"floor":49,"key":"RECALL"},{"data":"Concentrate","floor":53,"key":"SMITH"}],"neow_cost":"TEN_PERCENT_HP_LOSS","seed_source_timestamp":345960560891500,"circlet_count":0,"master_deck":["AscendersBane","Strike_G+1","Defend_G+1","Defend_G+1","Defend_G+1","Survivor","Tools of the Trade","Eviscerate+1","Deflect+1","Concentrate+1","Expertise+1","Flying Knee","Underhanded Strike","Calculated Gamble+1","Malaise+1","Backstab","Expertise","Acrobatics+1","Predator","A Thousand Cuts+1","Reflex","A Thousand Cuts+1","Escape Plan+1","Tactician","Tactician","PiercingWail+1","Backflip","Concentrate+1","Reflex","Riddle With Holes","Double Tap"],"relics":["Ring of the Snake","Blood Vial","Pear","Turnip","HoveringKite","Medical Kit","Centennial Puzzle","Bottled Lightning","InkBottle","Runic Dome","War Paint","Prayer Wheel","Peace Pipe","PrismaticShard","Paper Crane"],"potions_floor_usage":[7,35],"damage_taken":[{"damage":4,"enemies":"Jaw Worm","floor":1,"turns":7},{"damage":0,"enemies":"2 Louse","floor":3,"turns":4},{"damage":10,"enemies":"Cultist","floor":4,"turns":6},{"damage":4,"enemies":"Gremlin Nob","floor":7,"turns":3},{"damage":6,"enemies":"Looter","floor":12,"turns":3},{"damage":3,"enemies":"Lagavulin","floor":14,"turns":5},{"damage":30,"enemies":"Hexaghost","floor":16,"turns":11},{"damage":0,"enemies":"3 Byrds","floor":18,"turns":4},{"damage":14,"enemies":"2 Thieves","floor":19,"turns":5},{"damage":5,"enemies":"Cultist and Chosen","floor":20,"turns":6},{"damage":14,"enemies":"Sentry and Sphere","floor":24,"turns":4},{"damage":3,"enemies":"Gremlin Leader","floor":27,"turns":7},{"damage":0,"enemies":"Book of Stabbing","floor":29,"turns":5},{"damage":0,"enemies":"Snecko","floor":30,"turns":2},{"damage":0,"enemies":"3 Cultists","floor":31,"turns":3},{"damage":4,"enemies":"Automaton","floor":33,"turns":5},{"damage":13,"enemies":"3 Darklings","floor":35,"turns":4},{"damage":6,"enemies":"3 Shapes","floor":36,"turns":2},{"damage":5,"enemies":"3 Darklings","floor":38,"turns":3},{"damage":18,"enemies":"Reptomancer","floor":41,"turns":3},{"damage":3,"enemies":"2 Orb Walkers","floor":44,"turns":2},{"damage":0,"enemies":"4 Shapes","floor":45,"turns":3},{"damage":19,"enemies":"Nemesis","floor":46,"turns":3},{"damage":20,"enemies":"Awakened One","floor":50,"turns":5},{"damage":17,"enemies":"Donu and Deca","floor":51,"turns":4},{"damage":31,"enemies":"Shield and Spear","floor":55,"turns":3},{"damage":32,"enemies":"The Heart","floor":56,"turns":2}],"seed_played":"-8227297799362384761","potions_obtained":[{"floor":1,"key":"FairyPotion"},{"floor":4,"key":"BlessingOfTheForge"},{"floor":27,"key":"Explosive Potion"},{"floor":31,"key":"SneckoOil"},{"floor":33,"key":"SteroidPotion"},{"floor":35,"key":"SteroidPotion"}],"is_trial":false,"path_per_floor":["M","?","M","M","$","R","E","R","T","?","?","M","?","E","R","B",null,"M","M","M","?","?","R","M","$","T","E","?","E","M","M","R","B",null,"M","M","$","M","?","R","E","R","T","?","M","E","R","$","R","B","B",null,"R","$","E","B"],"character_chosen":"THE_SILENT","items_purchased":["Medical Kit","Tactician","PrismaticShard","Riddle With Holes"],"campfire_rested":2,"item_purchase_floors":[25,37,48,54],"current_hp_per_floor":[55,55,55,45,45,45,41,41,51,51,30,26,26,25,25,20,58,60,48,45,45,45,45,33,33,33,32,32,34,36,38,38,36,62,51,47,47,44,44,44,28,49,49,48,50,33,54,54,54,36,21,58,58,58,29,0],"gold":40,"neow_bonus":"THREE_RARE_CARDS","is_prod":false,"is_daily":false,"chose_seed":false,"campfire_upgraded":7,"win_rate":0,"timestamp":1681923826,"path_taken":["M","?","M","M","$","R","E","R","T","?","?","M","?","E","R","BOSS","M","?","M","?","?","R","M","$","T","E","?","E","M","M","R","BOSS","M","M","$","M","?","R","E","R","T","?","M","E","R","$","R","BOSS","BOSS","R","$","E","BOSS"],"build_version":"2022-12-18","purchased_purges":2,"victory":false,"max_hp_per_floor":[60,60,60,60,60,60,60,60,70,70,70,70,70,70,70,70,70,70,70,70,70,70,70,70,70,70,70,70,70,70,70,70,70,70,70,70,70,70,70,70,70,70,70,70,70,70,70,70,70,70,70,70,70,70,70,70],"card_choices":[{"not_picked":["Storm of Steel","Bullet Time"],"picked":"Tools of the Trade","floor":0},{"not_picked":["Bane","Dagger Spray"],"picked":"Eviscerate","floor":1},{"not_picked":["Bane","Slice"],"picked":"Concentrate","floor":3},{"not_picked":["Noxious Fumes","Dagger Spray"],"picked":"Expertise","floor":4},{"not_picked":["Slice","Cloak And Dagger"],"picked":"Flying Knee","floor":7},{"not_picked":["Outmaneuver","Flying Knee"],"picked":"Underhanded Strike","floor":12},{"not_picked":["Poisoned Stab","Night Terror"],"picked":"Calculated Gamble","floor":14},{"not_picked":["Storm of Steel","Unload"],"picked":"Malaise","floor":16},{"not_picked":["Poisoned Stab+1","Sucker Punch"],"picked":"Backstab","floor":18},{"not_picked":["Catalyst","Flying Knee"],"picked":"Expertise","floor":19},{"not_picked":["Poisoned Stab","Sucker Punch","Slice"],"picked":"SKIP","floor":20},{"not_picked":["Deflect+1","Crippling Poison"],"picked":"Predator","floor":24},{"not_picked":["Malaise","Heel Hook"],"picked":"A Thousand Cuts","floor":27},{"not_picked":["Crippling Poison","Heel Hook","Endless Agony"],"picked":"SKIP","floor":29},{"not_picked":["Deflect","Sucker Punch"],"picked":"Reflex","floor":30},{"not_picked":["Blade Dance","Bane","Crippling Poison+1"],"picked":"SKIP","floor":31},{"not_picked":["Night Terror","Grand Finale"],"picked":"A Thousand Cuts","floor":33},{"not_picked":["Poisoned Stab+1","Accuracy+1","Expertise"],"picked":"SKIP","floor":35},{"not_picked":["Deflect+1","Outmaneuver"],"picked":"Escape Plan+1","floor":36},{"not_picked":["Backstab","Dodge and Roll"],"picked":"Tactician","floor":38},{"not_picked":["Dodge and Roll","Flying Knee"],"picked":"PiercingWail+1","floor":41},{"not_picked":["Sucker Punch","Slice"],"picked":"Backflip","floor":44},{"not_picked":["Expertise","Dagger Spray"],"picked":"Concentrate","floor":45},{"not_picked":["Cloak And Dagger","Underhanded Strike","Riddle With Holes"],"picked":"SKIP","floor":45},{"not_picked":["Dash","Escape Plan"],"picked":"Reflex","floor":46},{"not_picked":["Dagger Spray","Tantrum"],"picked":"Double Tap","floor":55}],"player_experience":2374673,"relics_obtained":[{"floor":7,"key":"Blood Vial"},{"floor":9,"key":"Pear"},{"floor":14,"key":"Turnip"},{"floor":26,"key":"Centennial Puzzle"},{"floor":27,"key":"Bottled Lightning"},{"floor":29,"key":"InkBottle"},{"floor":41,"key":"War Paint"},{"floor":44,"key":"Prayer Wheel"},{"floor":46,"key":"Peace Pipe"},{"floor":55,"key":"Paper Crane"}],"event_choices":[{"damage_healed":0,"gold_gain":0,"cards_transformed":["Strike_G"],"player_choice":"Change","damage_taken":0,"max_hp_gain":0,"max_hp_loss":0,"event_name":"Living Wall","floor":2,"gold_loss":0,"cards_obtained":["Deflect"]},{"cards_removed":["Strike_G"],"damage_healed":0,"gold_gain":0,"player_choice":"Card Removal","damage_taken":0,"max_hp_gain":0,"max_hp_loss":0,"event_name":"The Cleric","floor":10,"gold_loss":75},{"damage_healed":0,"gold_gain":0,"player_choice":"Entered Light","damage_taken":21,"max_hp_gain":0,"max_hp_loss":0,"event_name":"Shining Light","floor":11,"gold_loss":0,"cards_upgraded":["Defend_G","Expertise"]},{"cards_removed":["Strike_G"],"damage_healed":0,"gold_gain":0,"player_choice":"Purged","damage_taken":0,"max_hp_gain":0,"max_hp_loss":0,"event_name":"Purifier","floor":13,"gold_loss":0},{"damage_healed":0,"gold_gain":0,"player_choice":"Simplicity","damage_taken":0,"max_hp_gain":0,"max_hp_loss":0,"event_name":"Back to Basics","floor":21,"gold_loss":0,"cards_upgraded":["Strike_G","Strike_G","Defend_G","Defend_G","Defend_G"]},{"damage_healed":0,"gold_gain":0,"player_choice":"Read","damage_taken":0,"max_hp_gain":0,"max_hp_loss":0,"event_name":"The Library","floor":22,"gold_loss":0,"cards_obtained":["Acrobatics"]},{"cards_removed":["Neutralize"],"damage_healed":0,"gold_gain":0,"player_choice":"Gave Gold","damage_taken":0,"max_hp_gain":0,"max_hp_loss":0,"event_name":"Beggar","floor":28,"gold_loss":75},{"cards_removed":["Strike_G"],"damage_healed":0,"gold_gain":0,"player_choice":"Removed Attack","damage_taken":0,"max_hp_gain":0,"max_hp_loss":0,"event_name":"Falling","floor":39,"gold_loss":0},{"damage_healed":0,"gold_gain":0,"player_choice":"Fight","damage_taken":0,"max_hp_gain":0,"max_hp_loss":0,"event_name":"Mysterious Sphere","floor":44,"gold_loss":0}],"is_beta":false,"boss_relics":[{"not_picked":["Fusion Hammer","Black Star"],"picked":"HoveringKite"},{"not_picked":["Philosopher\u0027s Stone","Empty Cage"],"picked":"Runic Dome"}],"items_purged_floors":[5,48],"is_endless":false,"potions_floor_spawned":[1,4,27,31,33,35,36,44],"killed_by":"The Heart","ascension_level":20}