{"gold_per_floor":[113,113,133,55,69,69,84,114,114,133,165,165],"floor_reached":12,"playtime":260,"items_purged":[],"score":180,"play_id":"f88a9e34-dbf2-4437-8f54-5d13cb4ac468","local_time":"20230417195014","is_ascension_mode":true,"campfire_choices":[{"data":"Envenom","floor":6,"key":"SMITH"}],"neow_cost":"NONE","seed_source_timestamp":179891677158500,"circlet_count":0,"master_deck":["AscendersBane","Strike_G","Strike_G","Strike_G","Strike_G","Strike_G","Defend_G","Defend_G","Defend_G","Defend_G","Defend_G","Survivor","Neutralize","Masterful Stab","Envenom+1","Blade Dance","Infinite Blades","Terror","PiercingWail","Accuracy","Slice"],"relics":["Ring of the Snake","NeowsBlessing","Kunai","Sundial","Paper Crane"],"potions_floor_usage":[11,11,12],"damage_taken":[{"damage":0,"enemies":"Cultist","floor":1,"turns":1},{"damage":0,"enemies":"Jaw Worm","floor":3,"turns":1},{"damage":0,"enemies":"2 Louse","floor":5,"turns":1},{"damage":7,"enemies":"Exordium Wildlife","floor":7,"turns":3},{"damage":7,"enemies":"Lagavulin","floor":8,"turns":5},{"damage":9,"enemies":"Large Slime","floor":10,"turns":5},{"damage":34,"enemies":"Gremlin Nob","floor":11,"turns":4},{"damage":2,"enemies":"Blue Slaver","floor":12,"turns":2}],"seed_played":"783879059017545444","potions_obtained":[{"floor":1,"key":"ColorlessPotion"},{"floor":5,"key":"ColorlessPotion"},{"floor":7,"key":"Poison Potion"},{"floor":11,"key":"Block Potion"}],"is_trial":false,"path_per_floor":["M","?","M","$","M","R","M","E","T","M","E","M"],"character_chosen":"THE_SILENT","items_purchased":["Infinite Blades"],"campfire_rested":0,"item_purchase_floors":[4],"current_hp_per_floor":[59,59,59,59,59,59,52,45,45,36,2,0],"gold":165,"neow_bonus":"THREE_ENEMY_KILL","is_prod":false,"is_daily":false,"chose_seed":false,"campfire_upgraded":1,"win_rate":0,"timestamp":1681753814,"path_taken":["M","?","?","?","M","R","M","E","T","M","E","?"],"build_version":"2022-12-18","purchased_purges":0,"victory":false,"max_hp_per_floor":[66,66,66,66,66,66,66,66,66,66,66,66],"card_choices":[{"not_picked":["Riddle With Holes","Slice"],"picked":"Masterful Stab","floor":1},{"not_picked":["Blur","Noxious Fumes"],"picked":"Blade Dance","floor":3},{"not_picked":["Backflip","Outmaneuver"],"picked":"Terror","floor":5},{"not_picked":["Dodge and Roll","Blur"],"picked":"PiercingWail","floor":7},{"not_picked":["Footwork","Storm of Steel"],"picked":"Accuracy","floor":8},{"not_picked":["Distraction","Expertise","Underhanded Strike"],"picked":"SKIP","floor":10},{"not_picked":["Bouncing Flask","Quick Slash"],"picked":"Slice","floor":11}],"player_experience":2368907,"relics_obtained":[{"floor":8,"key":"Kunai"},{"floor":9,"key":"Sundial"},{"floor":11,"key":"Paper Crane"}],"event_choices":[{"damage_healed":0,"gold_gain":0,"player_choice":"1 cards matched","damage_taken":0,"max_hp_gain":0,"max_hp_loss":0,"event_name":"Match and Keep!","floor":2,"gold_loss":0,"cards_obtained":["Envenom"]}],"is_beta":false,"boss_relics":[],"items_purged_floors":[],"is_endless":false,"potions_floor_spawned":[1,5,7,11],"killed_by":"Blue Slaver","ascension_level":20}