{"gold_per_floor":[117,192,29,49,12,63,63,115,184,194,194,32,32,61,61,160,160,174,28,28,46,65,91,103,131,143,171,183,195],"floor_reached":29,"playtime":1299,"items_purged":["Defend_G"],"score":622,"play_id":"efd5779b-e6d4-4158-81b6-0a959c1c3ec2","local_time":"20230417201254","is_ascension_mode":true,"campfire_choices":[{"data":"Sucker Punch","floor":7,"key":"SMITH"},{"data":"Footwork","floor":11,"key":"SMITH"},{"data":"Neutralize","floor":13,"key":"SMITH"},{"data":"Footwork","floor":15,"key":"SMITH"},{"floor":24,"key":"REST"},{"floor":28,"key":"REST"}],"neow_cost":"NONE","seed_source_timestamp":180211704074200,"circlet_count":0,"master_deck":["AscendersBane","Strike_G","Strike_G","Strike_G","Strike_G","Strike_G","Defend_G","Defend_G","Defend_G","Defend_G","Survivor","Neutralize+1","Sucker Punch+1","Quick Slash","Footwork+1","Heel Hook","Reflex","Escape Plan","Footwork+1","Adrenaline","Finisher","Tactician","Acrobatics","Setup","Choke","Concentrate","Slice+1","Acrobatics"],"relics":["Ring of the Serpent","NeowsBlessing","Toolbox","Bag of Preparation","Bottled Flame","InkBottle","OrangePellets","Smiling Mask","MawBank","Juzu Bracelet"],"potions_floor_usage":[14,14,21,23,23,27,27],"damage_taken":[{"damage":0,"enemies":"2 Louse","floor":1,"turns":1},{"damage":0,"enemies":"Jaw Worm","floor":4,"turns":1},{"damage":0,"enemies":"Gremlin Nob","floor":6,"turns":1},{"damage":18,"enemies":"Lagavulin","floor":8,"turns":9},{"damage":0,"enemies":"Cultist","floor":10,"turns":2},{"damage":0,"enemies":"Gremlin Nob","floor":14,"turns":3},{"damage":23,"enemies":"The Guardian","floor":16,"turns":16},{"damage":5,"enemies":"3 Byrds","floor":18,"turns":7},{"damage":2,"enemies":"Shell Parasite","floor":21,"turns":7},{"damage":3,"enemies":"Cultist and Chosen","floor":22,"turns":6},{"damage":27,"enemies":"Slavers","floor":23,"turns":7},{"damage":16,"enemies":"Sentry and Sphere","floor":25,"turns":7},{"damage":8,"enemies":"3 Cultists","floor":27,"turns":5},{"damage":41,"enemies":"Gremlin Leader","floor":29,"turns":7}],"seed_played":"3894325221712500560","potions_obtained":[{"floor":6,"key":"ColorlessPotion"},{"floor":8,"key":"SpeedPotion"},{"floor":10,"key":"CunningPotion"},{"floor":16,"key":"Dexterity Potion"},{"floor":20,"key":"BlessingOfTheForge"},{"floor":22,"key":"Energy Potion"},{"floor":23,"key":"SneckoOil"},{"floor":25,"key":"LiquidMemories"}],"is_trial":false,"path_per_floor":["M","?","$","M","$","E","R","E","T","M","R","$","R","E","R","B",null,"M","$","?","M","M","E","R","M","T","M","R","E"],"character_chosen":"THE_SILENT","items_purchased":["Toolbox","Footwork","OrangePellets","Tactician","Acrobatics"],"campfire_rested":2,"item_purchase_floors":[3,5,12,19,19],"current_hp_per_floor":[59,48,48,48,48,48,48,30,30,30,30,30,30,30,30,7,51,46,46,46,44,41,14,33,17,17,9,28,0],"gold":195,"neow_bonus":"THREE_ENEMY_KILL","is_prod":false,"is_daily":false,"chose_seed":false,"campfire_upgraded":4,"win_rate":0,"timestamp":1681755174,"path_taken":["M","?","?","M","$","E","R","E","T","M","R","$","R","E","R","BOSS","M","$","?","?","M","E","R","M","T","M","R","E"],"build_version":"2022-12-18","purchased_purges":1,"victory":false,"max_hp_per_floor":[66,66,66,66,66,66,66,66,66,66,66,66,66,66,66,66,66,66,66,66,66,66,66,66,66,66,66,66,66],"card_choices":[{"not_picked":["Blade Dance","Prepared"],"picked":"Sucker Punch","floor":1},{"not_picked":["Bouncing Flask","Acrobatics"],"picked":"Quick Slash","floor":4},{"not_picked":["Escape Plan","Burst"],"picked":"Heel Hook","floor":6},{"not_picked":["Sucker Punch","Blade Dance"],"picked":"Reflex","floor":8},{"not_picked":["PiercingWail","Distraction"],"picked":"Escape Plan","floor":10},{"not_picked":["Dodge and Roll","Acrobatics"],"picked":"Footwork","floor":14},{"not_picked":["Unload","After Image"],"picked":"Adrenaline","floor":16},{"not_picked":["Dagger Spray","PiercingWail"],"picked":"Finisher","floor":18},{"not_picked":["Reflex","Crippling Poison"],"picked":"Setup","floor":21},{"not_picked":["Deadly Poison+1","Prepared"],"picked":"Choke","floor":22},{"not_picked":["Deflect","Dagger Throw"],"picked":"Concentrate","floor":23},{"not_picked":["Deadly Poison","Bane"],"picked":"Slice+1","floor":25},{"not_picked":["Quick Slash+1","Flying Knee"],"picked":"Acrobatics","floor":27}],"player_experience":2369167,"relics_obtained":[{"floor":6,"key":"Bag of Preparation"},{"floor":8,"key":"Bottled Flame"},{"floor":9,"key":"InkBottle"},{"floor":14,"key":"Smiling Mask"},{"floor":23,"key":"MawBank"},{"floor":26,"key":"Juzu Bracelet"}],"event_choices":[{"damage_healed":0,"gold_gain":75,"player_choice":"Gather Gold","damage_taken":11,"max_hp_gain":0,"max_hp_loss":0,"event_name":"World of Goop","floor":2,"gold_loss":0},{"damage_healed":0,"gold_gain":0,"player_choice":"Got Potions","damage_taken":0,"max_hp_gain":0,"max_hp_loss":0,"event_name":"Lab","floor":20,"gold_loss":0}],"is_beta":false,"boss_relics":[{"not_picked":["Velvet Choker","Empty Cage"],"picked":"Ring of the Serpent"}],"items_purged_floors":[19],"is_endless":false,"potions_floor_spawned":[6,8,10,16,22,23,25],"killed_by":"Gremlin Leader","ascension_level":20}