{"gold_per_floor":[11,11,11,21,171,171,196,196,196,196,196,230,245,262,262,262],"floor_reached":16,"playtime":510,"items_purged":[],"score":216,"play_id":"1e36cab7-661a-4ed5-8755-5b22c8c962b1","local_time":"20230522223227","is_ascension_mode":true,"campfire_choices":[{"data":"Doubt","floor":6,"key":"PURGE"},{"data":"Defend_G","floor":11,"key":"PURGE"},{"data":"Defend_G","floor":15,"key":"PURGE"}],"neow_cost":"NO_GOLD","seed_source_timestamp":698369562071500,"circlet_count":0,"master_deck":["AscendersBane","Strike_G","Strike_G","Strike_G","Strike_G","Strike_G","Defend_G","Defend_G","Survivor","Neutralize","Poisoned Stab","Dagger Spray","Backflip","Envenom","Blur","Outmaneuver"],"relics":["Ring of the Snake","Peace Pipe","Nunchaku","Dead Branch","Question Card","Darkstone Periapt"],"potions_floor_usage":[7,16],"damage_taken":[{"damage":1,"enemies":"Cultist","floor":1,"turns":5},{"damage":0,"enemies":"Small Slimes","floor":4,"turns":4},{"damage":28,"enemies":"Gremlin Nob","floor":7,"turns":4},{"damage":13,"enemies":"3 Sentries","floor":12,"turns":10},{"damage":0,"enemies":"2 Louse","floor":13,"turns":2},{"damage":1,"enemies":"2 Fungi Beasts","floor":14,"turns":4},{"damage":38,"enemies":"Hexaghost","floor":16,"turns":11}],"seed_played":"-4323422956955591141","potions_obtained":[{"floor":1,"key":"FearPotion"},{"floor":14,"key":"SkillPotion"}],"is_trial":false,"path_per_floor":["M","T","?","M","?","R","E","?","T","?","R","E","M","M","R","B"],"character_chosen":"THE_SILENT","items_purchased":[],"campfire_rested":0,"item_purchase_floors":[],"current_hp_per_floor":[58,58,53,53,53,53,25,47,47,47,47,34,34,33,33,0],"gold":262,"neow_bonus":"ONE_RARE_RELIC","is_prod":false,"is_daily":false,"chose_seed":false,"campfire_upgraded":0,"win_rate":0,"timestamp":1684787547,"path_taken":["M","?","?","M","?","R","E","?","T","?","R","E","?","M","R","BOSS"],"build_version":"2022-12-18","purchased_purges":0,"victory":false,"max_hp_per_floor":[66,66,66,66,66,66,66,66,66,66,66,66,66,66,66,66],"card_choices":[{"not_picked":["Endless Agony","Deflect"],"picked":"Poisoned Stab","floor":1},{"not_picked":["Escape Plan","Underhanded Strike"],"picked":"Dagger Spray","floor":4},{"not_picked":["Underhanded Strike","Well Laid Plans"],"picked":"Backflip","floor":7},{"not_picked":["Leg Sweep","Dagger Spray","Sucker Punch"],"picked":"Envenom","floor":12},{"not_picked":["Backflip","Tactician","Heel Hook"],"picked":"Blur","floor":13},{"not_picked":["PiercingWail","Dagger Throw","Blur"],"picked":"Outmaneuver","floor":14}],"player_experience":2394965,"relics_obtained":[{"floor":2,"key":"Nunchaku"},{"floor":7,"key":"Question Card"},{"floor":12,"key":"Darkstone Periapt"}],"event_choices":[{"damage_healed":0,"gold_gain":0,"player_choice":"Success","damage_taken":5,"relics_obtained":["Dead Branch"],"max_hp_gain":0,"max_hp_loss":0,"event_name":"Scrap Ooze","floor":3,"gold_loss":0},{"damage_healed":0,"gold_gain":150,"player_choice":"AGREE","damage_taken":0,"max_hp_gain":0,"max_hp_loss":0,"event_name":"Liars Game","floor":5,"gold_loss":0,"cards_obtained":["Doubt"]},{"damage_healed":22,"gold_gain":0,"player_choice":"Banana","damage_taken":0,"max_hp_gain":0,"max_hp_loss":0,"event_name":"Big Fish","floor":8,"gold_loss":0},{"cards_removed":["Defend_G"],"damage_healed":0,"gold_gain":0,"player_choice":"Offered Basic","damage_taken":0,"max_hp_gain":0,"max_hp_loss":0,"event_name":"Bonfire Elementals","floor":10,"gold_loss":0}],"is_beta":false,"boss_relics":[],"items_purged_floors":[],"is_endless":false,"potions_floor_spawned":[1,14],"killed_by":"Hexaghost","ascension_level":20}