{"gold_per_floor":[360,377,377,388,12,42,56,56,82,82,98,98,98],"floor_reached":13,"playtime":439,"items_purged":[],"score":170,"play_id":"3c292699-d9ba-4a01-a217-e55fc5de61de","local_time":"20230611123902","is_ascension_mode":true,"campfire_choices":[{"floor":8,"key":"REST"},{"data":"Dagger Spray","floor":10,"key":"SMITH"}],"neow_cost":"CURSE","seed_source_timestamp":1624142554394300,"circlet_count":0,"master_deck":["AscendersBane","Strike_G","Strike_G","Strike_G","Strike_G","Strike_G","Defend_G","Defend_G","Defend_G","Defend_G","Defend_G","Survivor","Neutralize","Poisoned Stab","Dagger Spray+1","Backflip","Acrobatics","Venomology","Reflex","Reflex"],"relics":["Ring of the Snake","OrangePellets","Strawberry","Smiling Mask","Art of War"],"potions_floor_usage":[6,7,11,13,13],"damage_taken":[{"damage":13,"enemies":"Cultist","floor":1,"turns":4},{"damage":1,"enemies":"2 Louse","floor":2,"turns":4},{"damage":0,"enemies":"Jaw Worm","floor":4,"turns":4},{"damage":37,"enemies":"3 Sentries","floor":6,"turns":9},{"damage":6,"enemies":"Lots of Slimes","floor":7,"turns":4},{"damage":5,"enemies":"Large Slime","floor":11,"turns":6},{"damage":57,"enemies":"Lagavulin","floor":13,"turns":9}],"seed_played":"3388178925115587230","potions_obtained":[{"floor":4,"key":"LiquidMemories"},{"floor":6,"key":"Fire Potion"},{"floor":11,"key":"ColorlessPotion"},{"floor":12,"key":"FairyPotion"}],"is_trial":false,"path_per_floor":["M","M","?","M","$","E","M","R","T","R","M","?","E"],"character_chosen":"THE_SILENT","items_purchased":["OrangePellets","Strawberry","Acrobatics"],"campfire_rested":1,"item_purchase_floors":[5,5,5],"current_hp_per_floor":[46,45,45,45,52,15,9,30,30,30,25,25,0],"gold":98,"neow_bonus":"TWO_FIFTY_GOLD","is_prod":false,"is_daily":false,"chose_seed":false,"campfire_upgraded":1,"win_rate":0,"timestamp":1686479942,"path_taken":["M","?","?","?","$","E","M","R","T","R","M","?","E"],"build_version":"2022-12-18","purchased_purges":0,"victory":false,"max_hp_per_floor":[66,66,66,66,73,73,73,73,73,73,73,73,73],"card_choices":[{"not_picked":["Sucker Punch","Setup"],"picked":"Poisoned Stab","floor":1},{"not_picked":["Sucker Punch","Dagger Throw"],"picked":"Dagger Spray","floor":2},{"not_picked":["Expertise","Flying Knee"],"picked":"Backflip","floor":4},{"not_picked":["Terror","Infinite Blades"],"picked":"Venomology","floor":6},{"not_picked":["PiercingWail","Blade Dance"],"picked":"Reflex","floor":7},{"not_picked":["Bane","Backflip"],"picked":"Reflex","floor":11}],"player_experience":2397267,"relics_obtained":[{"floor":6,"key":"Smiling Mask"},{"floor":9,"key":"Art of War"}],"event_choices":[{"cards_removed":["Pain"],"damage_healed":0,"gold_gain":0,"player_choice":"Purged","damage_taken":0,"max_hp_gain":0,"max_hp_loss":0,"event_name":"Purifier","floor":3,"gold_loss":0},{"damage_healed":0,"gold_gain":0,"player_choice":"Got Potions","damage_taken":0,"max_hp_gain":0,"max_hp_loss":0,"event_name":"Lab","floor":12,"gold_loss":0}],"is_beta":false,"boss_relics":[],"items_purged_floors":[],"is_endless":false,"potions_floor_spawned":[4,6,11],"killed_by":"Lagavulin","ascension_level":20}