{"gold_per_floor":[109,34,34,109,109,109,34,78,103,145,171,14,53,75,75,161,188,217,217,230,253,91,119,143,143,166,206,233,233],"floor_reached":29,"playtime":961,"items_purged":["Regret"],"score":687,"play_id":"97e2fa97-da17-4ea4-993a-97f4638210d0","local_time":"20230613221941","is_ascension_mode":true,"campfire_choices":[{"data":"Deadly Poison","floor":6,"key":"SMITH"},{"floor":15,"key":"REST"},{"floor":25,"key":"REST"}],"neow_cost":"NONE","seed_source_timestamp":1831262819654900,"circlet_count":0,"master_deck":["AscendersBane","Strike_G","Defend_G","Defend_G","Defend_G","Defend_G","Defend_G","Survivor","Neutralize","Deadly Poison+1","Dagger Spray","Quick Slash","Tactician","Adrenaline","Backflip","Deadly Poison+1","Eviscerate+1","Envenom+1","Bouncing Flask","Poisoned Stab","Corpse Explosion","Caltrops","Storm of Steel","Catalyst"],"relics":["Ring of the Snake","NeowsBlessing","Letter Opener","Mango","CeramicFish","Bronze Scales","Lantern","TwistedFunnel","Boot","Astrolabe","Centennial Puzzle","Orichalcum","Tough Bandages"],"potions_floor_usage":[13,16,23,24,29],"damage_taken":[{"damage":0,"enemies":"Jaw Worm","floor":1,"turns":1},{"damage":0,"enemies":"Gremlin Nob","floor":8,"turns":1},{"damage":0,"enemies":"Lagavulin","floor":10,"turns":1},{"damage":0,"enemies":"2 Louse","floor":11,"turns":2},{"damage":38,"enemies":"Gremlin Nob","floor":13,"turns":5},{"damage":2,"enemies":"Small Slimes","floor":14,"turns":2},{"damage":16,"enemies":"The Guardian","floor":16,"turns":9},{"damage":0,"enemies":"3 Byrds","floor":18,"turns":2},{"damage":0,"enemies":"Spheric Guardian","floor":20,"turns":2},{"damage":6,"enemies":"Centurion and Healer","floor":21,"turns":6},{"damage":43,"enemies":"Gremlin Leader","floor":23,"turns":6},{"damage":22,"enemies":"Snecko","floor":24,"turns":4},{"damage":42,"enemies":"Slavers","floor":27,"turns":3},{"damage":7,"enemies":"Snake Plant","floor":28,"turns":2},{"damage":12,"enemies":"Cultist and Chosen","floor":29,"turns":3}],"seed_played":"-8019221998083066831","potions_obtained":[{"floor":8,"key":"Block Potion"},{"floor":11,"key":"Dexterity Potion"},{"floor":13,"key":"Energy Potion"},{"floor":20,"key":"Poison Potion"},{"floor":23,"key":"Regen Potion"},{"floor":28,"key":"CunningPotion"}],"is_trial":false,"path_per_floor":["M","?","?","?","?","R","$","E","T","E","M","$","E","M","R","B",null,"M","?","M","M","$","E","M","R","T","E","M","M"],"character_chosen":"THE_SILENT","items_purchased":["TwistedFunnel","Corpse Explosion"],"campfire_rested":2,"item_purchase_floors":[12,22],"current_hp_per_floor":[59,59,59,48,44,44,44,44,44,44,44,44,6,4,28,12,63,63,90,90,84,84,41,33,60,60,18,11,0],"gold":233,"neow_bonus":"THREE_ENEMY_KILL","is_prod":false,"is_daily":false,"chose_seed":false,"campfire_upgraded":1,"win_rate":0,"timestamp":1686687581,"path_taken":["M","?","?","?","?","R","$","E","T","E","M","$","E","M","R","BOSS","M","?","?","M","$","E","M","R","T","E","M","M"],"build_version":"2022-12-18","purchased_purges":1,"victory":false,"max_hp_per_floor":[66,66,66,66,80,80,80,80,80,80,80,80,80,80,80,80,80,80,90,90,90,90,90,90,90,90,90,90,90],"card_choices":[{"not_picked":["Blade Dance","Setup"],"picked":"Deadly Poison","floor":1},{"not_picked":["Dodge and Roll","Sucker Punch"],"picked":"Dagger Spray","floor":8},{"not_picked":["PiercingWail","Sucker Punch"],"picked":"Quick Slash","floor":10},{"not_picked":["Dagger Throw","Backflip"],"picked":"Tactician","floor":11},{"not_picked":["Dagger Spray","Sucker Punch"],"picked":"Adrenaline","floor":13},{"not_picked":["Blur","Flying Knee"],"picked":"Backflip","floor":14},{"not_picked":["Storm of Steel","Burst"],"picked":"Malaise","floor":16},{"not_picked":["Choke+1","Accuracy"],"picked":"Bouncing Flask","floor":18},{"not_picked":["Dagger Spray","Dagger Throw","Infinite Blades"],"picked":"SKIP","floor":20},{"not_picked":["Dagger Spray","Deflect+1"],"picked":"Poisoned Stab","floor":21},{"not_picked":["Flying Knee","Concentrate","Deadly Poison"],"picked":"SKIP","floor":23},{"not_picked":["Concentrate","Dodge and Roll"],"picked":"Caltrops","floor":24},{"not_picked":["Poisoned Stab","PiercingWail"],"picked":"Storm of Steel","floor":27},{"not_picked":["Bouncing Flask","Flying Knee"],"picked":"Catalyst","floor":28}],"player_experience":2399325,"relics_obtained":[{"floor":8,"key":"CeramicFish"},{"floor":9,"key":"Bronze Scales"},{"floor":10,"key":"Lantern"},{"floor":13,"key":"Boot"},{"floor":23,"key":"Centennial Puzzle"},{"floor":26,"key":"Orichalcum"},{"floor":27,"key":"Tough Bandages"}],"event_choices":[{"cards_removed":["Strike_G"],"damage_healed":0,"gold_gain":0,"player_choice":"Card Removal","damage_taken":0,"max_hp_gain":0,"max_hp_loss":0,"event_name":"The Cleric","floor":2,"gold_loss":75},{"damage_healed":0,"gold_gain":0,"player_choice":"Box","damage_taken":0,"relics_obtained":["Letter Opener"],"max_hp_gain":0,"max_hp_loss":0,"event_name":"Big Fish","floor":3,"gold_loss":0,"cards_obtained":["Regret"]},{"damage_healed":0,"gold_gain":75,"player_choice":"Gather Gold","damage_taken":11,"max_hp_gain":0,"max_hp_loss":0,"event_name":"World of Goop","floor":4,"gold_loss":0},{"damage_healed":0,"gold_gain":0,"player_choice":"Success","damage_taken":18,"relics_obtained":["Mango"],"max_hp_gain":0,"max_hp_loss":0,"event_name":"Scrap Ooze","floor":5,"gold_loss":0},{"cards_removed":["Malaise"],"damage_healed":17,"gold_gain":0,"player_choice":"Offered Rare","damage_taken":0,"max_hp_gain":10,"max_hp_loss":0,"event_name":"Bonfire Elementals","floor":19,"gold_loss":0}],"is_beta":false,"boss_relics":[{"not_picked":["Ectoplasm","Philosopher\u0027s Stone"],"picked":"Astrolabe"}],"items_purged_floors":[7],"is_endless":false,"potions_floor_spawned":[8,11,13,20,23,28],"killed_by":"Cultist and Chosen","ascension_level":20}