{"gold_per_floor":[112,37,56,66,77,77,111,111,111,142,158,123,33,0,0,75,75,45,45,65,65],"floor_reached":21,"playtime":849,"items_purged":["Parasite"],"score":378,"play_id":"17f917cd-1c04-4471-b204-c446c52bc84a","local_time":"20230802145048","is_ascension_mode":true,"campfire_choices":[{"data":"Poisoned Stab","floor":6,"key":"SMITH"},{"floor":8,"key":"REST"},{"data":"Footwork","floor":15,"key":"SMITH"}],"neow_cost":"CURSE","seed_source_timestamp":796638735727800,"circlet_count":0,"master_deck":["AscendersBane","Strike_G","Strike_G","Strike_G","Strike_G","Strike_G","Defend_G","Defend_G","Defend_G","Defend_G","Defend_G","Survivor","Neutralize","Poisoned Stab+1","Poisoned Stab","Deadly Poison","Footwork+1","Escape Plan","Bane","Noxious Fumes","Venomology","Catalyst"],"relics":["Ring of the Snake","The Specimen","Happy Flower","Juzu Bracelet","Matryoshka","Busted Crown"],"potions_floor_usage":[4,10,18,20,21,21],"damage_taken":[{"damage":0,"enemies":"Cultist","floor":1,"turns":4},{"damage":3,"enemies":"2 Louse","floor":3,"turns":3},{"damage":1,"enemies":"Jaw Worm","floor":4,"turns":3},{"damage":10,"enemies":"Large Slime","floor":5,"turns":7},{"damage":34,"enemies":"Lagavulin","floor":7,"turns":6},{"damage":16,"enemies":"3 Sentries","floor":10,"turns":10},{"damage":1,"enemies":"Looter","floor":11,"turns":3},{"damage":10,"enemies":"The Guardian","floor":16,"turns":9},{"damage":9,"enemies":"2 Thieves","floor":18,"turns":4},{"damage":20,"enemies":"Shell Parasite","floor":20,"turns":5},{"damage":33,"enemies":"Masked Bandits","floor":21,"turns":3}],"seed_played":"-4286305689938155705","potions_obtained":[{"floor":3,"key":"Fire Potion"},{"floor":5,"key":"LiquidBronze"},{"floor":11,"key":"Fire Potion"},{"floor":18,"key":"FearPotion"}],"is_trial":false,"path_per_floor":["M","$","M","M","M","R","E","R","T","E","M","?","$","?","R","B",null,"M","?","M","?"],"character_chosen":"THE_SILENT","items_purchased":["Noxious Fumes"],"campfire_rested":1,"item_purchase_floors":[13],"current_hp_per_floor":[59,59,56,55,45,45,11,29,29,13,12,27,27,27,27,17,52,43,43,23,0],"gold":65,"neow_bonus":"ONE_RARE_RELIC","is_prod":false,"is_daily":false,"chose_seed":false,"campfire_upgraded":2,"win_rate":0,"timestamp":1690980648,"path_taken":["M","$","M","M","?","R","E","R","T","E","M","?","$","?","R","BOSS","M","?","M","?"],"build_version":"2022-12-18","purchased_purges":1,"victory":false,"max_hp_per_floor":[66,63,63,63,63,63,63,63,63,63,63,63,63,63,63,63,63,63,63,63,63],"card_choices":[{"not_picked":["Deflect","Blur"],"picked":"Poisoned Stab","floor":1},{"not_picked":["Slice","Flying Knee"],"picked":"Poisoned Stab","floor":3},{"not_picked":["Eviscerate","All Out Attack"],"picked":"Deadly Poison","floor":4},{"not_picked":["Outmaneuver","Dagger Throw","Poisoned Stab"],"picked":"SKIP","floor":5},{"not_picked":["Deadly Poison","Outmaneuver"],"picked":"Footwork","floor":7},{"not_picked":["Endless Agony","Blur"],"picked":"Escape Plan","floor":10},{"not_picked":["Outmaneuver","Backstab"],"picked":"Bane","floor":11},{"not_picked":["Tools of the Trade","Envenom"],"picked":"Venomology","floor":16},{"not_picked":[],"picked":"Catalyst","floor":18},{"not_picked":["Cloak And Dagger"],"picked":"SKIP","floor":20}],"player_experience":2405711,"relics_obtained":[{"floor":7,"key":"Happy Flower"},{"floor":9,"key":"Juzu Bracelet"},{"floor":10,"key":"Matryoshka"}],"event_choices":[{"damage_healed":15,"gold_gain":0,"player_choice":"Healed","damage_taken":0,"max_hp_gain":0,"max_hp_loss":0,"event_name":"The Cleric","floor":12,"gold_loss":35},{"damage_healed":0,"gold_gain":0,"player_choice":"Left Gold","damage_taken":0,"max_hp_gain":0,"max_hp_loss":0,"event_name":"World of Goop","floor":14,"gold_loss":33},{"damage_healed":0,"gold_gain":0,"player_choice":"Ignored","damage_taken":0,"max_hp_gain":0,"max_hp_loss":0,"event_name":"Cursed Tome","floor":19,"gold_loss":0},{"damage_healed":0,"gold_gain":0,"player_choice":"Fought Bandits","damage_taken":0,"max_hp_gain":0,"max_hp_loss":0,"event_name":"Masked Bandits","floor":21,"gold_loss":0}],"is_beta":false,"boss_relics":[{"not_picked":["Runic Dome","SlaversCollar"],"picked":"Busted Crown"}],"items_purged_floors":[2],"is_endless":false,"potions_floor_spawned":[3,5,11,18],"killed_by":"Masked Bandits","ascension_level":20}