{"gold_per_floor":[110,110,127,143,293,293,324,324,324,324,294,294,305,332,332,332],"floor_reached":16,"playtime":250,"items_purged":[],"score":216,"play_id":"4dab2e65-b51c-439f-a92f-5b11a890f33b","local_time":"20230802134010","is_ascension_mode":true,"campfire_choices":[{"data":"Catalyst","floor":6,"key":"SMITH"},{"floor":12,"key":"REST"},{"data":"Noxious Fumes","floor":15,"key":"SMITH"}],"neow_cost":"NONE","seed_source_timestamp":792994052707500,"circlet_count":0,"master_deck":["AscendersBane","Strike_G","Strike_G","Strike_G","Strike_G","Strike_G","Defend_G+1","Defend_G+1","Defend_G","Defend_G","Defend_G","Survivor","Neutralize","Noxious Fumes+1","Catalyst+1","Flying Knee","Doubt","Noxious Fumes+1","Expertise","Deadly Poison+1"],"relics":["Ring of the Snake","NeowsBlessing","Ice Cream","White Beast Statue","Eternal Feather","Toxic Egg 2"],"potions_floor_usage":[11,13,14,16],"damage_taken":[{"damage":0,"enemies":"Cultist","floor":1,"turns":1},{"damage":0,"enemies":"Small Slimes","floor":3,"turns":1},{"damage":0,"enemies":"Jaw Worm","floor":4,"turns":1},{"damage":28,"enemies":"Lagavulin","floor":7,"turns":7},{"damage":1,"enemies":"2 Fungi Beasts","floor":13,"turns":3},{"damage":29,"enemies":"Gremlin Nob","floor":14,"turns":4},{"damage":28,"enemies":"Slime Boss","floor":16,"turns":3}],"seed_played":"-3839958177172801568","potions_obtained":[{"floor":1,"key":"Fruit Juice"},{"floor":11,"key":"PowerPotion"},{"floor":11,"key":"EssenceOfSteel"},{"floor":13,"key":"Dexterity Potion"},{"floor":14,"key":"Strength Potion"}],"is_trial":false,"path_per_floor":["M","?","M","M","?","R","E","T","T","?","?","R","M","E","R","B"],"character_chosen":"THE_SILENT","items_purchased":[],"campfire_rested":1,"item_purchase_floors":[],"current_hp_per_floor":[59,59,59,59,59,59,31,31,31,11,16,46,45,16,28,0],"gold":332,"neow_bonus":"THREE_ENEMY_KILL","is_prod":false,"is_daily":false,"chose_seed":false,"campfire_upgraded":2,"win_rate":0,"timestamp":1690976410,"path_taken":["M","?","M","M","?","R","E","?","T","?","?","R","M","E","R","BOSS"],"build_version":"2022-12-18","purchased_purges":0,"victory":false,"max_hp_per_floor":[66,66,66,66,66,66,66,66,66,66,71,71,71,71,71,71],"card_choices":[{"not_picked":["Accuracy","Skewer"],"picked":"Noxious Fumes","floor":1},{"not_picked":["Predator","Setup"],"picked":"Catalyst","floor":3},{"not_picked":["Deflect","Dagger Throw"],"picked":"Flying Knee","floor":4},{"not_picked":["Footwork","Cloak And Dagger"],"picked":"Noxious Fumes","floor":7},{"not_picked":["Deflect","Underhanded Strike"],"picked":"Expertise","floor":13},{"not_picked":["Noxious Fumes","Blur+1"],"picked":"Deadly Poison+1","floor":14}],"player_experience":2405461,"relics_obtained":[{"floor":7,"key":"Ice Cream"},{"floor":8,"key":"White Beast Statue"},{"floor":9,"key":"Eternal Feather"},{"floor":14,"key":"Toxic Egg 2"}],"event_choices":[{"damage_healed":0,"gold_gain":0,"player_choice":"Grow","damage_taken":0,"max_hp_gain":0,"max_hp_loss":0,"event_name":"Living Wall","floor":2,"gold_loss":0,"cards_upgraded":["Noxious Fumes"]},{"damage_healed":0,"gold_gain":150,"player_choice":"AGREE","damage_taken":0,"max_hp_gain":0,"max_hp_loss":0,"event_name":"Liars Game","floor":5,"gold_loss":0,"cards_obtained":["Doubt"]},{"damage_healed":0,"gold_gain":0,"player_choice":"Entered Light","damage_taken":20,"max_hp_gain":0,"max_hp_loss":0,"event_name":"Shining Light","floor":10,"gold_loss":0,"cards_upgraded":["Defend_G","Defend_G"]},{"damage_healed":0,"gold_gain":0,"player_choice":"Bought 2 Potions","damage_taken":0,"max_hp_gain":0,"max_hp_loss":0,"event_name":"The Woman in Blue","floor":11,"gold_loss":0}],"is_beta":false,"boss_relics":[],"items_purged_floors":[],"is_endless":false,"potions_floor_spawned":[1,13,14],"killed_by":"Slime Boss","ascension_level":20}