{"gold_per_floor":[118,118,24,24,39,73,73,73,73,83,7,32,46,59,59,132,132,147,147,62,72,0,0,0],"floor_reached":24,"playtime":789,"items_purged":[],"score":408,"play_id":"d68ceb19-a19d-4523-b38c-3fa818fd0c1b","local_time":"20231204112405","is_ascension_mode":true,"campfire_choices":[{"data":"Accuracy","floor":8,"key":"SMITH"},{"data":"Transmutation","floor":15,"key":"SMITH"},{"data":"Accuracy","floor":23,"key":"SMITH"}],"neow_cost":"TEN_PERCENT_HP_LOSS","seed_source_timestamp":79754445229000,"circlet_count":0,"master_deck":["AscendersBane","Strike_G","Strike_G","Strike_G","Strike_G+1","Defend_G","Defend_G","Defend_G","Defend_G","Defend_G","Survivor","Neutralize","Transmutation+1","Dagger Spray+1","Infinite Blades","Cloak And Dagger","Flechettes","Dodge and Roll","Finisher","Accuracy+1","Blade Dance","Infinite Blades","Accuracy+1","Accuracy","Envenom","Decay"],"relics":["Ring of the Snake","Kunai","Eternal Feather","Whetstone","TungstenRod","Coffee Dripper","Akabeko"],"potions_floor_usage":[6,14,21,21,24],"damage_taken":[{"damage":5,"enemies":"2 Louse","floor":1,"turns":4},{"damage":2,"enemies":"Jaw Worm","floor":5,"turns":5},{"damage":24,"enemies":"3 Sentries","floor":6,"turns":9},{"damage":6,"enemies":"Cultist","floor":10,"turns":4},{"damage":18,"enemies":"Gremlin Nob","floor":12,"turns":4},{"damage":4,"enemies":"3 Louse","floor":13,"turns":2},{"damage":0,"enemies":"Gremlin Gang","floor":14,"turns":1},{"damage":8,"enemies":"Hexaghost","floor":16,"turns":8},{"damage":19,"enemies":"Chosen","floor":18,"turns":5},{"damage":9,"enemies":"Shell Parasite","floor":21,"turns":4},{"damage":38,"enemies":"Book of Stabbing","floor":24,"turns":4}],"seed_played":"7938172404461259614","potions_obtained":[{"floor":5,"key":"Regen Potion"},{"floor":10,"key":"Explosive Potion"},{"floor":14,"key":"AttackPotion"},{"floor":16,"key":"Weak Potion"},{"floor":21,"key":"Energy Potion"}],"is_trial":false,"path_per_floor":["M","?","$","?","M","E","?","R","T","M","$","E","M","M","R","B",null,"M","?","?","M","?","R","E"],"character_chosen":"THE_SILENT","items_purchased":["Infinite Blades","Cloak And Dagger","Accuracy"],"campfire_rested":0,"item_purchase_floors":[3,3,11],"current_hp_per_floor":[54,43,43,43,41,32,32,44,44,38,38,20,16,16,28,20,50,31,31,31,22,22,37,0],"gold":0,"neow_bonus":"RANDOM_COLORLESS_2","is_prod":false,"is_daily":false,"chose_seed":false,"campfire_upgraded":3,"win_rate":0,"timestamp":1701685445,"path_taken":["M","?","$","?","?","E","?","R","T","?","?","E","?","M","R","BOSS","M","?","?","M","?","R","E"],"build_version":"2022-12-18","purchased_purges":0,"victory":false,"max_hp_per_floor":[60,60,60,60,60,60,60,60,60,60,60,60,60,60,60,60,60,60,60,60,60,60,60,60],"card_choices":[{"not_picked":["Chrysalis","Secret Technique"],"picked":"Transmutation","floor":0},{"not_picked":["Eviscerate","Acrobatics"],"picked":"Dagger Spray","floor":1},{"not_picked":["Acrobatics","Calculated Gamble"],"picked":"Dodge and Roll","floor":5},{"not_picked":["Outmaneuver","Prepared"],"picked":"Finisher","floor":6},{"not_picked":["Calculated Gamble","Catalyst"],"picked":"Infinite Blades","floor":10},{"not_picked":["Reflex","Expertise","Grand Finale"],"picked":"SKIP","floor":12},{"not_picked":["Cloak And Dagger","PiercingWail"],"picked":"Accuracy","floor":13},{"not_picked":["Deadly Poison","Finisher","Underhanded Strike"],"picked":"SKIP","floor":14},{"not_picked":["Corpse Explosion","Phantasmal Killer"],"picked":"Envenom","floor":16},{"not_picked":["Concentrate+1","Flying Knee+1","Cloak And Dagger"],"picked":"SKIP","floor":18},{"not_picked":["Tactician","Choke","Crippling Poison"],"picked":"SKIP","floor":21}],"player_experience":2437691,"relics_obtained":[{"floor":6,"key":"Eternal Feather"},{"floor":9,"key":"Whetstone"},{"floor":12,"key":"TungstenRod"}],"event_choices":[{"damage_healed":0,"gold_gain":0,"player_choice":"Success","damage_taken":11,"relics_obtained":["Kunai"],"max_hp_gain":0,"max_hp_loss":0,"event_name":"Scrap Ooze","floor":2,"gold_loss":0},{"damage_healed":0,"gold_gain":0,"cards_transformed":["Strike_G"],"player_choice":"Transformed","damage_taken":0,"max_hp_gain":0,"max_hp_loss":0,"event_name":"Transmorgrifier","floor":4,"gold_loss":0,"cards_obtained":["Flechettes"]},{"damage_healed":0,"gold_gain":0,"player_choice":"2 cards matched","damage_taken":0,"max_hp_gain":0,"max_hp_loss":0,"event_name":"Match and Keep!","floor":7,"gold_loss":0,"cards_obtained":["Accuracy","Blade Dance"]},{"damage_healed":0,"gold_gain":0,"player_choice":"Smashed Altar","damage_taken":0,"max_hp_gain":0,"max_hp_loss":0,"event_name":"Forgotten Altar","floor":19,"gold_loss":0,"cards_obtained":["Decay"]},{"damage_healed":0,"gold_gain":0,"player_choice":"Obtained Relic","damage_taken":0,"relics_obtained":["Akabeko"],"max_hp_gain":0,"max_hp_loss":0,"event_name":"Addict","floor":20,"gold_loss":85},{"damage_healed":0,"gold_gain":0,"player_choice":"Paid Fearfully","damage_taken":0,"max_hp_gain":0,"max_hp_loss":0,"event_name":"Masked Bandits","floor":22,"gold_loss":72}],"is_beta":false,"boss_relics":[{"not_picked":["Runic Pyramid","Ectoplasm"],"picked":"Coffee Dripper"}],"items_purged_floors":[],"is_endless":false,"potions_floor_spawned":[5,10,14,16,21],"killed_by":"Book of Stabbing","ascension_level":20}