{"gold_per_floor":[113,133,133,7,7,51,86,107,187,221,221,236,236,254,254,350,350,371,402,421,421,421,421,460,475,475,475,475,518,112,112,112,202,202,216,282,282,615,615,615,106,106,106,119,146,146,175,200,200,200,200,200,200,37,70,70],"floor_reached":56,"playtime":2698,"items_purged":["Injury","Choke","Writhe"],"score":2040,"play_id":"b4cfffd7-9e4b-409c-8e81-aa00e7e9630a","local_time":"20231203164209","is_ascension_mode":true,"campfire_choices":[{"data":"Sadistic Nature","floor":11.0,"key":"SMITH"},{"data":"Bouncing Flask","floor":13.0,"key":"SMITH"},{"data":"Backflip","floor":15.0,"key":"SMITH"},{"data":"Bouncing Flask","floor":23.0,"key":"SMITH"},{"data":"Wraith Form v2","floor":27,"key":"SMITH"},{"data":"Noxious Fumes","floor":32,"key":"SMITH"},{"floor":40,"key":"RECALL"},{"data":"Mayhem","floor":46,"key":"SMITH"},{"data":"Catalyst","floor":49,"key":"SMITH"},{"data":"Burst","floor":53,"key":"SMITH"}],"neow_cost":"TEN_PERCENT_HP_LOSS","seed_source_timestamp":0,"circlet_count":0,"master_deck":["AscendersBane","Survivor","Neutralize","Sadistic Nature+1","Distraction","Bouncing Flask+1","Backflip+1","Choke","Blur+1","Doppelganger","Malaise","All Out Attack","Heel Hook","Burst+1","Wraith Form v2+1","Reflex","Calculated Gamble","Escape Plan+1","Bane","Terror","Bouncing Flask+1","Escape Plan","Noxious Fumes+1","After Image","Heel Hook","Mayhem+1","Sadistic Nature+1","Adrenaline","Catalyst+1"],"special_seed":0,"relics":["Ring of the Snake","Juzu Bracelet","Odd Mushroom","Eternal Feather","Happy Flower","Pandora\u0027s Box","Red Mask","MutagenicStrength","Bottled Lightning","Pear","Ancient Tea Set","War Paint","Coffee Dripper","Lizard Tail","TwistedFunnel","Kunai","Bag of Preparation","Strawberry","Du-Vu Doll","Toolbox","Pantograph"],"potions_floor_usage":[33,36,45,45,56],"damage_taken":[{"damage":0.0,"enemies":"Small Slimes","floor":1.0,"turns":5.0},{"damage":1.0,"enemies":"Jaw Worm","floor":2.0,"turns":4.0},{"damage":15.0,"enemies":"Lagavulin","floor":6.0,"turns":7.0},{"damage":2.0,"enemies":"The Mushroom Lair","floor":7.0,"turns":4.0},{"damage":0.0,"enemies":"Cultist","floor":8.0,"turns":2.0},{"damage":27.0,"enemies":"3 Sentries","floor":10.0,"turns":7.0},{"damage":1.0,"enemies":"2 Fungi Beasts","floor":12.0,"turns":2.0},{"damage":0.0,"enemies":"Exordium Wildlife","floor":14.0,"turns":2.0},{"damage":0.0,"enemies":"Slime Boss","floor":16.0,"turns":3.0},{"damage":0.0,"enemies":"Chosen","floor":18.0,"turns":4.0},{"damage":0.0,"enemies":"Masked Bandits","floor":19.0,"turns":2.0},{"damage":0.0,"enemies":"3 Byrds","floor":20.0,"turns":3.0},{"damage":32.0,"enemies":"Slavers","floor":24.0,"turns":4.0},{"damage":7,"enemies":"Centurion and Healer","floor":25,"turns":6},{"damage":21,"enemies":"Book of Stabbing","floor":29,"turns":5},{"damage":18,"enemies":"Collector","floor":33,"turns":6},{"damage":15,"enemies":"3 Darklings","floor":35,"turns":4},{"damage":2,"enemies":"2 Orb Walkers","floor":36,"turns":3},{"damage":0,"enemies":"3 Shapes","floor":44,"turns":1},{"damage":43,"enemies":"Reptomancer","floor":45,"turns":4},{"damage":0,"enemies":"Giant Head","floor":47,"turns":6},{"damage":6,"enemies":"Mind Bloom Boss Battle","floor":48,"turns":4},{"damage":31,"enemies":"Donu and Deca","floor":50,"turns":6},{"damage":51,"enemies":"Awakened One","floor":51,"turns":9},{"damage":54,"enemies":"Shield and Spear","floor":55,"turns":3},{"damage":52,"enemies":"The Heart","floor":56,"turns":2}],"seed_played":"2379212086901978525","potions_obtained":[{"floor":1.0,"key":"BlessingOfTheForge"},{"floor":7.0,"key":"DuplicationPotion"},{"floor":10.0,"key":"AttackPotion"},{"floor":16.0,"key":"SteroidPotion"},{"floor":19.0,"key":"FearPotion"},{"floor":35,"key":"Swift Potion"},{"floor":36,"key":"Fire Potion"},{"floor":55,"key":"Swift Potion"}],"is_trial":false,"path_per_floor":["M","M","?","$","?","E","?","M","T","E","R","M","R","M","R","B",null,"M","?","M","?","?","R","E","M","T","R","?","E","$","?","R","B",null,"M","?","?","?","T","R","$","?","T","M","E","R","E","?","R","B","B",null,"R","$","E","B"],"character_chosen":"THE_SILENT","items_purchased":["Deadly Poison","War Paint","Noxious Fumes","PowerPotion","TwistedFunnel","Mayhem","Toolbox"],"campfire_rested":0,"item_purchase_floors":[4,30,30,30,41,41,54],"current_hp_per_floor":[59,58,58,58,58,43,41,41,41,14,23,22,31,31,40,40,55,55,55,55,55,55,60,28,21,31,43,43,22,22,36,48,30,60,45,43,57,57,57,70,70,70,70,70,27,42,49,43,58,27,27,65,77,77,23,0],"gold":70,"neow_bonus":"RANDOM_COLORLESS_2","is_prod":false,"is_daily":false,"chose_seed":false,"campfire_upgraded":9,"win_rate":0,"timestamp":1701618129,"path_taken":["M","M","?","$","?","E","?","M","T","E","R","M","R","M","R","BOSS","M","?","M","?","?","R","E","M","T","R","?","E","$","?","R","BOSS","M","?","?","?","?","R","?","?","T","M","E","R","E","?","R","BOSS","BOSS","R","$","E","BOSS"],"build_version":"2022-12-18","purchased_purges":3,"victory":false,"max_hp_per_floor":[60,60,60,60,60,60,60,60,60,60,60,60,60,60,60,60,60,60,60,60,60,60,60,60,60,70,70,70,70,70,70,70,70,70,70,70,70,70,70,70,70,70,70,70,70,70,77,77,77,77,77,77,77,77,77,77],"card_choices":[{"not_picked":["Violence","Secret Technique"],"picked":"Sadistic Nature","floor":0.0},{"not_picked":["Eviscerate","Prepared"],"picked":"Distraction","floor":1.0},{"not_picked":["Blade Dance","PiercingWail"],"picked":"Bouncing Flask","floor":2.0},{"not_picked":["Dagger Throw","All Out Attack"],"picked":"Backflip","floor":6.0},{"not_picked":["Riddle With Holes","Backflip"],"picked":"Choke","floor":7.0},{"not_picked":["Prepared","Finisher","Quick Slash"],"picked":"SKIP","floor":8.0},{"not_picked":["Eviscerate","Bane"],"picked":"Blur","floor":10.0},{"not_picked":["Sucker Punch","Setup","Distraction"],"picked":"SKIP","floor":12.0},{"not_picked":["Expertise","Blade Dance","Backflip"],"picked":"SKIP","floor":14.0},{"not_picked":["Wraith Form v2","Glass Knife"],"picked":"Doppelganger","floor":16.0},{"not_picked":["Calculated Gamble","Flying Knee"],"picked":"Terror","floor":18.0},{"not_picked":["Acrobatics+1","Blur"],"picked":"Bouncing Flask","floor":20.0},{"not_picked":["Doppelganger","Cloak And Dagger"],"picked":"Escape Plan","floor":24.0},{"not_picked":["Finisher","Underhanded Strike","Outmaneuver"],"picked":"SKIP","floor":25},{"not_picked":["Outmaneuver","Slice","Reflex+1"],"picked":"SKIP","floor":29},{"not_picked":["Grand Finale","Glass Knife"],"picked":"After Image","floor":33},{"not_picked":["Infinite Blades","Quick Slash+1","Acrobatics"],"picked":"SKIP","floor":35},{"not_picked":["Dagger Spray","Cloak And Dagger"],"picked":"Heel Hook","floor":36},{"not_picked":["Caltrops","Cloak And Dagger","Footwork"],"picked":"SKIP","floor":44},{"not_picked":["Finisher","Bane+1"],"picked":"Adrenaline","floor":45},{"not_picked":["Dodge and Roll","Slice","Calculated Gamble"],"picked":"SKIP","floor":47},{"not_picked":["Sucker Punch+1","Underhanded Strike"],"picked":"Catalyst","floor":48},{"not_picked":["Skewer","Eviscerate","Bane+1"],"picked":"SKIP","floor":55}],"player_experience":2434993,"relics_obtained":[{"floor":6.0,"key":"Juzu Bracelet"},{"floor":7.0,"key":"Odd Mushroom"},{"floor":9.0,"key":"Eternal Feather"},{"floor":10.0,"key":"Happy Flower"},{"floor":19.0,"key":"Red Mask"},{"floor":24.0,"key":"Bottled Lightning"},{"floor":26,"key":"Pear"},{"floor":29,"key":"Ancient Tea Set"},{"floor":36,"key":"Lizard Tail"},{"floor":43,"key":"Kunai"},{"floor":45,"key":"Bag of Preparation"},{"floor":47,"key":"Strawberry"},{"floor":48,"key":"Du-Vu Doll"},{"floor":55,"key":"Pantograph"}],"event_choices":[{"damage_healed":0.0,"max_hp_gain":0.0,"max_hp_loss":0.0,"gold_gain":0.0,"event_name":"Golden Idol","player_choice":"Take Wound","floor":3.0,"gold_loss":0.0,"damage_taken":0.0,"relics_obtained":["Golden Idol"],"cards_obtained":["Injury"]},{"cards_removed":["Defend_G"],"damage_healed":0.0,"max_hp_gain":0.0,"max_hp_loss":0.0,"gold_gain":0.0,"event_name":"Bonfire Elementals","player_choice":"Offered Basic","floor":5.0,"gold_loss":0.0,"damage_taken":0.0},{"damage_healed":0.0,"max_hp_gain":0.0,"max_hp_loss":0.0,"gold_gain":0.0,"event_name":"Mushrooms","player_choice":"Fought Mushrooms","floor":7.0,"gold_loss":0.0,"damage_taken":0.0},{"damage_healed":0.0,"max_hp_gain":0.0,"max_hp_loss":0.0,"gold_gain":0.0,"event_name":"Masked Bandits","player_choice":"Fought Bandits","floor":19.0,"gold_loss":0.0,"damage_taken":0.0},{"damage_healed":0.0,"max_hp_gain":0.0,"max_hp_loss":0.0,"gold_gain":0.0,"event_name":"Vampires","player_choice":"Ignored","floor":21.0,"gold_loss":0.0,"damage_taken":0.0},{"damage_healed":0.0,"max_hp_gain":0.0,"max_hp_loss":0.0,"gold_gain":0.0,"event_name":"Drug Dealer","player_choice":"Inject Mutagens","floor":22.0,"gold_loss":0.0,"damage_taken":0.0,"relics_obtained":["MutagenicStrength"]},{"damage_healed":0,"gold_gain":0,"cards_transformed":["Deadly Poison"],"player_choice":"Transformed","damage_taken":0,"max_hp_gain":0,"max_hp_loss":0,"event_name":"Transmorgrifier","floor":28,"gold_loss":0,"cards_obtained":["Choke"]},{"damage_healed":14,"gold_gain":0,"player_choice":"Heal","damage_taken":0,"max_hp_gain":0,"max_hp_loss":0,"event_name":"The Library","floor":31,"gold_loss":0},{"damage_healed":0,"gold_gain":0,"player_choice":"Fight","damage_taken":0,"max_hp_gain":0,"max_hp_loss":0,"event_name":"Mysterious Sphere","floor":36,"gold_loss":0},{"damage_healed":14,"gold_gain":0,"player_choice":"Writhe","damage_taken":0,"max_hp_gain":0,"max_hp_loss":0,"event_name":"Winding Halls","floor":37,"gold_loss":0,"cards_obtained":["Writhe"]},{"damage_healed":0,"gold_gain":333,"player_choice":"Gave Idol","damage_taken":0,"max_hp_gain":0,"max_hp_loss":0,"event_name":"The Moai Head","floor":38,"relics_lost":["Golden Idol"],"gold_loss":0},{"damage_healed":0,"gold_gain":0,"player_choice":"Copied","damage_taken":0,"max_hp_gain":0,"max_hp_loss":0,"event_name":"Duplicator","floor":42,"gold_loss":0,"cards_obtained":["Sadistic Nature"]},{"damage_healed":0,"gold_gain":0,"player_choice":"Fight","damage_taken":0,"max_hp_gain":0,"max_hp_loss":0,"event_name":"MindBloom","floor":48,"gold_loss":0}],"is_beta":false,"boss_relics":[{"not_picked":["Snecko Eye","HoveringKite"],"picked":"Pandora\u0027s Box"},{"not_picked":["WristBlade","Philosopher\u0027s Stone"],"picked":"Coffee Dripper"}],"items_purged_floors":[4,30,41],"is_endless":false,"potions_floor_spawned":[1,7,10,16,19,20,35,36,44,55],"killed_by":"The Heart","ascension_level":20}