{"gold_per_floor":[113,113,132,232,0,0,28,38,63,76,1,14,14,29,29,103,103,123,73,73,88,88,88,105,105],"floor_reached":25,"playtime":1367,"items_purged":["Regret","Strike_G"],"score":456,"play_id":"a6c0a80a-2964-4cfe-b3a9-6b53b408dfc3","local_time":"20231206215820","is_ascension_mode":true,"campfire_choices":[{"data":"Apotheosis","floor":6,"key":"SMITH"},{"floor":13,"key":"RECALL"},{"floor":15,"key":"REST"},{"floor":23,"key":"REST"}],"neow_cost":"NONE","seed_source_timestamp":290035905544200,"circlet_count":0,"master_deck":["AscendersBane","Strike_G","Strike_G","Strike_G","Strike_G","Defend_G","Defend_G","Defend_G","Defend_G","Defend_G","Survivor","Neutralize","Quick Slash","Terror","Apotheosis+1","Accuracy","Well Laid Plans","Backflip","Leg Sweep","Adrenaline","A Thousand Cuts","CurseOfTheBell","Phantasmal Killer","Neutralize","Footwork","Cloak And Dagger","Cloak And Dagger"],"relics":["Ring of the Snake","NeowsBlessing","Dream Catcher","Happy Flower","Calling Bell","Smiling Mask","Sundial","WingedGreaves","Ninja Scroll"],"potions_floor_usage":[14,16,18,21,25],"damage_taken":[{"damage":0,"enemies":"Jaw Worm","floor":1,"turns":1},{"damage":0,"enemies":"2 Louse","floor":3,"turns":1},{"damage":0,"enemies":"3 Sentries","floor":7,"turns":2},{"damage":0,"enemies":"Cultist","floor":8,"turns":3},{"damage":2,"enemies":"Red Slaver","floor":10,"turns":5},{"damage":2,"enemies":"Gremlin Gang","floor":12,"turns":5},{"damage":3,"enemies":"Exordium Thugs","floor":14,"turns":5},{"damage":2,"enemies":"Hexaghost","floor":16,"turns":9},{"damage":21,"enemies":"Spheric Guardian","floor":18,"turns":8},{"damage":10,"enemies":"Chosen","floor":21,"turns":5},{"damage":22,"enemies":"Snake Plant","floor":24,"turns":4},{"damage":36,"enemies":"Slavers","floor":25,"turns":1}],"seed_played":"-5230307115119865058","potions_obtained":[{"floor":3,"key":"PowerPotion"},{"floor":7,"key":"DistilledChaos"},{"floor":14,"key":"ColorlessPotion"},{"floor":18,"key":"GamblersBrew"},{"floor":24,"key":"Dexterity Potion"}],"is_trial":false,"path_per_floor":["M","?","M","?","$","R","E","M","T","M","$","M","R","M","R","B",null,"M","$","?","M","T","R","M","E"],"character_chosen":"THE_SILENT","items_purchased":["Apotheosis","Accuracy"],"campfire_rested":2,"item_purchase_floors":[5,5],"current_hp_per_floor":[59,59,59,59,59,59,59,59,59,57,57,55,55,52,66,64,66,45,45,45,35,35,54,32,0],"gold":105,"neow_bonus":"THREE_ENEMY_KILL","is_prod":false,"is_daily":false,"chose_seed":false,"campfire_upgraded":1,"win_rate":0,"timestamp":1701896300,"path_taken":["M","?","M","?","$","R","E","?","T","M","$","M","R","M","R","BOSS","M","$","?","?","?","R","M","E"],"build_version":"2022-12-18","purchased_purges":2,"victory":false,"max_hp_per_floor":[66,66,66,66,66,66,66,66,66,66,66,66,66,66,66,66,66,66,66,66,66,66,66,66,66],"card_choices":[{"not_picked":["Dash","Finisher"],"picked":"Quick Slash","floor":1},{"not_picked":["Outmaneuver","PiercingWail"],"picked":"Terror","floor":3},{"not_picked":["Noxious Fumes","Sucker Punch"],"picked":"Well Laid Plans","floor":7},{"not_picked":["Backstab","Slice","Expertise"],"picked":"SKIP","floor":8},{"not_picked":["Sucker Punch","PiercingWail"],"picked":"Backflip","floor":10},{"not_picked":["Skewer","Bane","Crippling Poison"],"picked":"SKIP","floor":12},{"not_picked":["Underhanded Strike","Bane"],"picked":"Leg Sweep","floor":14},{"not_picked":["Deadly Poison","Well Laid Plans"],"picked":"Adrenaline","floor":15},{"not_picked":["Night Terror","Bullet Time"],"picked":"A Thousand Cuts","floor":16},{"not_picked":["Backstab","Prepared","Sucker Punch"],"picked":"SKIP","floor":18},{"not_picked":["Acrobatics","Underhanded Strike"],"picked":"Footwork","floor":21},{"not_picked":["Flechettes","Dagger Spray"],"picked":"Cloak And Dagger","floor":23},{"not_picked":["Footwork","Crippling Poison"],"picked":"Cloak And Dagger","floor":24}],"player_experience":2440293,"relics_obtained":[{"floor":7,"key":"Happy Flower"},{"floor":17,"key":"Smiling Mask"},{"floor":17,"key":"Sundial"},{"floor":17,"key":"WingedGreaves"},{"floor":22,"key":"Ninja Scroll"}],"event_choices":[{"damage_healed":0,"gold_gain":0,"player_choice":"Box","damage_taken":0,"relics_obtained":["Dream Catcher"],"max_hp_gain":0,"max_hp_loss":0,"event_name":"Big Fish","floor":2,"gold_loss":0,"cards_obtained":["Regret"]},{"damage_healed":0,"gold_gain":100,"player_choice":"Gold","damage_taken":0,"max_hp_gain":0,"max_hp_loss":0,"event_name":"Wheel of Change","floor":4,"gold_loss":0},{"damage_healed":0,"gold_gain":0,"player_choice":"2 cards matched","damage_taken":0,"max_hp_gain":0,"max_hp_loss":0,"event_name":"Match and Keep!","floor":20,"gold_loss":0,"cards_obtained":["Phantasmal Killer","Neutralize"]}],"is_beta":false,"boss_relics":[{"not_picked":["Cursed Key","Ectoplasm"],"picked":"Calling Bell"}],"items_purged_floors":[11,19],"is_endless":false,"potions_floor_spawned":[3,7,10,12,14,18,24],"killed_by":"Slavers","ascension_level":20}