{"gold_per_floor":[117,42,42,57,57,57,84,84,84,103,113,113,113,131,131,210,210,225,225,225,244,159,159,192,192,192,206,42,57,57,92,92,92],"floor_reached":33,"playtime":1415,"items_purged":["Writhe"],"score":566,"play_id":"36d7339c-9b93-4253-8f8d-fdcacc0da381","local_time":"20231213205824","is_ascension_mode":true,"campfire_choices":[{"data":"Neutralize","floor":6,"key":"SMITH"},{"floor":8,"key":"REST"},{"floor":13,"key":"REST"},{"data":"Calculated Gamble","floor":15,"key":"SMITH"},{"floor":23,"key":"REST"},{"floor":30,"key":"REST"},{"floor":32,"key":"REST"}],"neow_cost":"CURSE","seed_source_timestamp":435769442222700,"circlet_count":0,"master_deck":["AscendersBane","Strike_G","Strike_G","Strike_G","Strike_G","Defend_G","Defend_G","Defend_G","Defend_G","Defend_G","Survivor","Neutralize+1","Phantasmal Killer+1","Flying Knee","Poisoned Stab+1","Calculated Gamble+1","Outmaneuver","Tools of the Trade","Reflex+1","Dagger Throw+1","Doppelganger","Concentrate","Decay","Flechettes+1","Distraction","Reflex"],"relics":["Ring of the Snake","Molten Egg 2","HornCleat","Art of War","Runic Pyramid","Akabeko","Bag of Preparation","MutagenicStrength","Letter Opener","Happy Flower","Smiling Mask"],"potions_floor_usage":[11,16,16,33],"damage_taken":[{"damage":4,"enemies":"Small Slimes","floor":1,"turns":4},{"damage":2,"enemies":"Jaw Worm","floor":4,"turns":5},{"damage":41,"enemies":"3 Sentries","floor":7,"turns":13},{"damage":0,"enemies":"Cultist","floor":10,"turns":2},{"damage":2,"enemies":"Large Slime","floor":11,"turns":7},{"damage":3,"enemies":"Exordium Thugs","floor":14,"turns":5},{"damage":12,"enemies":"Hexaghost","floor":16,"turns":9},{"damage":14,"enemies":"2 Thieves","floor":18,"turns":4},{"damage":13,"enemies":"Shell Parasite","floor":21,"turns":2},{"damage":42,"enemies":"Book of Stabbing","floor":24,"turns":6},{"damage":0,"enemies":"Centurion and Healer","floor":27,"turns":3},{"damage":0,"enemies":"Shelled Parasite and Fungi","floor":29,"turns":2},{"damage":6,"enemies":"Slavers","floor":31,"turns":5},{"damage":78,"enemies":"Champ","floor":33,"turns":9}],"seed_played":"-1762265132724555297","potions_obtained":[{"floor":4,"key":"LiquidBronze"},{"floor":10,"key":"Swift Potion"},{"floor":14,"key":"BlessingOfTheForge"},{"floor":27,"key":"FairyPotion"},{"floor":29,"key":"GhostInAJar"}],"is_trial":false,"path_per_floor":["M","$","?","M","?","R","E","R","T","M","M","?","R","M","R","B",null,"M","?","?","M","?","R","E","?","T","M","$","M","R","E","R","B"],"character_chosen":"THE_SILENT","items_purchased":["Happy Flower"],"campfire_rested":5,"item_purchase_floors":[28],"current_hp_per_floor":[55,55,50,48,48,48,7,26,26,26,24,4,23,20,20,8,52,38,38,38,25,25,44,2,2,2,2,2,2,21,15,34,0],"gold":92,"neow_bonus":"THREE_RARE_CARDS","is_prod":false,"is_daily":false,"chose_seed":false,"campfire_upgraded":2,"win_rate":0,"timestamp":1702497504,"path_taken":["M","$","?","M","?","R","E","R","T","?","?","?","R","M","R","BOSS","M","?","?","M","?","R","E","?","T","M","$","M","R","E","R","BOSS"],"build_version":"2022-12-18","purchased_purges":1,"victory":false,"max_hp_per_floor":[66,66,66,66,66,66,66,66,66,66,66,66,66,66,66,66,66,66,66,66,66,66,66,66,66,66,66,66,66,66,66,66,66],"card_choices":[{"not_picked":["Bullet Time","Doppelganger"],"picked":"Phantasmal Killer","floor":0},{"not_picked":["Dagger Throw","Bane"],"picked":"Flying Knee","floor":1},{"not_picked":["Blade Dance","Deadly Poison"],"picked":"Poisoned Stab+1","floor":4},{"not_picked":["Cloak And Dagger","Deflect"],"picked":"Outmaneuver","floor":7},{"not_picked":["Prepared","Slice+1"],"picked":"Tools of the Trade","floor":10},{"not_picked":["Catalyst","Bane+1"],"picked":"Reflex","floor":11},{"not_picked":["Bane+1","Slice+1"],"picked":"Dagger Throw+1","floor":14},{"not_picked":["Wraith Form v2","Storm of Steel"],"picked":"Doppelganger","floor":16},{"not_picked":["Crippling Poison","Dodge and Roll"],"picked":"Concentrate","floor":18},{"not_picked":["Deadly Poison","Slice+1"],"picked":"Flechettes+1","floor":21},{"not_picked":["Dagger Throw+1","Expertise"],"picked":"Distraction","floor":24},{"not_picked":["Cloak And Dagger","Eviscerate+1"],"picked":"Reflex","floor":27},{"not_picked":["Blade Dance","Slice+1","Bouncing Flask"],"picked":"SKIP","floor":29},{"not_picked":["Dagger Throw+1","Prepared","Bane+1"],"picked":"SKIP","floor":31}],"player_experience":2447794,"relics_obtained":[{"floor":7,"key":"HornCleat"},{"floor":9,"key":"Art of War"},{"floor":24,"key":"Bag of Preparation"},{"floor":26,"key":"Letter Opener"},{"floor":31,"key":"Smiling Mask"}],"event_choices":[{"damage_healed":0,"gold_gain":0,"player_choice":"Success","damage_taken":5,"relics_obtained":["Molten Egg 2"],"max_hp_gain":0,"max_hp_loss":0,"event_name":"Scrap Ooze","floor":3,"gold_loss":0},{"damage_healed":0,"gold_gain":0,"cards_transformed":["Strike_G"],"player_choice":"Change","damage_taken":0,"max_hp_gain":0,"max_hp_loss":0,"event_name":"Living Wall","floor":5,"gold_loss":0,"cards_obtained":["Calculated Gamble"]},{"damage_healed":0,"gold_gain":0,"player_choice":"Entered Light","damage_taken":20,"max_hp_gain":0,"max_hp_loss":0,"event_name":"Shining Light","floor":12,"gold_loss":0,"cards_upgraded":["Reflex","Phantasmal Killer"]},{"damage_healed":0,"gold_gain":0,"player_choice":"Smashed Altar","damage_taken":0,"max_hp_gain":0,"max_hp_loss":0,"event_name":"Forgotten Altar","floor":19,"gold_loss":0,"cards_obtained":["Decay"]},{"damage_healed":0,"gold_gain":0,"player_choice":"Ignored","damage_taken":0,"max_hp_gain":0,"max_hp_loss":0,"event_name":"Ghosts","floor":20,"gold_loss":0},{"damage_healed":0,"gold_gain":0,"player_choice":"Obtained Relic","damage_taken":0,"relics_obtained":["Akabeko"],"max_hp_gain":0,"max_hp_loss":0,"event_name":"Addict","floor":22,"gold_loss":85},{"damage_healed":0,"gold_gain":0,"player_choice":"Inject Mutagens","damage_taken":0,"relics_obtained":["MutagenicStrength"],"max_hp_gain":0,"max_hp_loss":0,"event_name":"Drug Dealer","floor":25,"gold_loss":0}],"is_beta":false,"boss_relics":[{"not_picked":["Philosopher\u0027s Stone","Coffee Dripper"],"picked":"Runic Pyramid"}],"items_purged_floors":[2],"is_endless":false,"potions_floor_spawned":[4,10,14,27,29],"killed_by":"Champ","ascension_level":20}