{"gold_per_floor":[116,116,116,134,134,167,5,5,85,85,85,85,117,130,130,203,203,218,143,160,160,160,188,188,213,259,259],"floor_reached":27,"playtime":922,"items_purged":[],"score":660,"play_id":"facb1393-7df4-444d-839e-78262a753e99","local_time":"20231208224111","is_ascension_mode":true,"campfire_choices":[{"data":"Tactician","floor":8,"key":"SMITH"},{"data":"Neutralize","floor":10,"key":"SMITH"},{"floor":15,"key":"RECALL"},{"floor":24,"key":"REST"}],"neow_cost":"NONE","seed_source_timestamp":10427068204200,"circlet_count":0,"master_deck":["AscendersBane","Survivor+1","Neutralize+1","Dagger Spray+1","Underhanded Strike","Night Terror+1","Tactician+1","PiercingWail","Terror","Judgement","Skewer","Bouncing Flask","Dash","Backflip","Acrobatics","Doppelganger","Die Die Die","A Thousand Cuts","Melter","Evaluate","Dagger Throw","Go for the Eyes"],"relics":["Ring of the Snake","NeowsBlessing","Darkstone Periapt","PrismaticShard","Paper Crane","Gambling Chip","Boot","Pandora\u0027s Box","MutagenicStrength","Tiny Chest","Kunai","Ancient Tea Set"],"potions_floor_usage":[16,18,23],"damage_taken":[{"damage":0,"enemies":"Small Slimes","floor":1,"turns":1},{"damage":0,"enemies":"Jaw Worm","floor":4,"turns":1},{"damage":0,"enemies":"3 Sentries","floor":6,"turns":1},{"damage":9,"enemies":"Lagavulin","floor":13,"turns":6},{"damage":0,"enemies":"Cultist","floor":14,"turns":2},{"damage":0,"enemies":"Slime Boss","floor":16,"turns":3},{"damage":0,"enemies":"Chosen","floor":18,"turns":2},{"damage":0,"enemies":"2 Thieves","floor":20,"turns":1},{"damage":31,"enemies":"Book of Stabbing","floor":23,"turns":6},{"damage":12,"enemies":"Gremlin Leader","floor":25,"turns":5},{"damage":35,"enemies":"Slavers","floor":27,"turns":3}],"seed_played":"-1865250545802614392","potions_obtained":[{"floor":1,"key":"Poison Potion"},{"floor":4,"key":"CunningPotion"},{"floor":6,"key":"Strength Potion"},{"floor":20,"key":"SteroidPotion"}],"is_trial":false,"path_per_floor":["M","?","?","M","?","E","$","R","T","R","?","?","E","M","R","B",null,"M","?","M","?","?","E","R","E","T","E"],"character_chosen":"THE_SILENT","items_purchased":["PrismaticShard"],"campfire_rested":1,"item_purchase_floors":[7],"current_hp_per_floor":[59,59,59,59,39,39,39,39,39,39,34,34,25,25,25,25,56,56,56,56,56,56,25,44,32,32,0],"gold":259,"neow_bonus":"THREE_ENEMY_KILL","is_prod":false,"is_daily":false,"chose_seed":false,"campfire_upgraded":2,"win_rate":0,"timestamp":1702071671,"path_taken":["M","?","?","?","?","E","?","R","T","R","?","?","E","M","R","BOSS","M","?","M","?","?","E","R","E","T","E"],"build_version":"2022-12-18","purchased_purges":0,"victory":false,"max_hp_per_floor":[66,66,66,66,66,66,66,66,66,66,66,66,66,66,66,66,66,66,66,66,66,66,66,66,66,66,66],"card_choices":[{"not_picked":["Infinite Blades","Backstab"],"picked":"Dagger Spray","floor":1},{"not_picked":["Crippling Poison","Noxious Fumes"],"picked":"PiercingWail","floor":4},{"not_picked":["Outmaneuver","Cloak And Dagger"],"picked":"Terror","floor":6},{"not_picked":["True Grit","Heavy Blade","Ball Lightning"],"picked":"SKIP","floor":13},{"not_picked":["Steam","Glacier","Warcry"],"picked":"SKIP","floor":14},{"not_picked":["Die Die Die","Limit Break"],"picked":"Judgement","floor":16},{"not_picked":["Reflex","Distraction"],"picked":"Melter","floor":18},{"not_picked":["Outmaneuver+1","CrushJoints"],"picked":"Evaluate","floor":20},{"not_picked":["Sunder","Chaos"],"picked":"Dagger Throw","floor":23},{"not_picked":["Steam","Endless Agony"],"picked":"Go for the Eyes","floor":25}],"player_experience":2445572,"relics_obtained":[{"floor":6,"key":"Darkstone Periapt"},{"floor":9,"key":"Paper Crane"},{"floor":13,"key":"Boot"},{"floor":23,"key":"Tiny Chest"},{"floor":25,"key":"Kunai"},{"floor":26,"key":"Ancient Tea Set"}],"event_choices":[{"damage_healed":0,"gold_gain":0,"cards_transformed":["Strike_G"],"player_choice":"Change","damage_taken":0,"max_hp_gain":0,"max_hp_loss":0,"event_name":"Living Wall","floor":2,"gold_loss":0,"cards_obtained":["Underhanded Strike"]},{"damage_healed":0,"gold_gain":0,"player_choice":"2 cards matched","damage_taken":0,"max_hp_gain":0,"max_hp_loss":0,"event_name":"Match and Keep!","floor":3,"gold_loss":0,"cards_obtained":["Night Terror","Tactician"]},{"damage_healed":0,"gold_gain":0,"player_choice":"Entered Light","damage_taken":20,"max_hp_gain":0,"max_hp_loss":0,"event_name":"Shining Light","floor":5,"gold_loss":0,"cards_upgraded":["Survivor","Dagger Spray"]},{"damage_healed":0,"gold_gain":0,"player_choice":"Success","damage_taken":5,"relics_obtained":["Gambling Chip"],"max_hp_gain":0,"max_hp_loss":0,"event_name":"Scrap Ooze","floor":11,"gold_loss":0},{"damage_healed":0,"gold_gain":0,"player_choice":"Forge","damage_taken":0,"max_hp_gain":0,"max_hp_loss":0,"event_name":"Accursed Blacksmith","floor":12,"gold_loss":0,"cards_upgraded":["Night Terror"]},{"cards_removed":["Grand Finale"],"damage_healed":0,"gold_gain":0,"player_choice":"Gave Gold","damage_taken":0,"max_hp_gain":0,"max_hp_loss":0,"event_name":"Beggar","floor":19,"gold_loss":75},{"damage_healed":0,"gold_gain":0,"player_choice":"Inject Mutagens","damage_taken":0,"relics_obtained":["MutagenicStrength"],"max_hp_gain":0,"max_hp_loss":0,"event_name":"Drug Dealer","floor":21,"gold_loss":0},{"damage_healed":0,"gold_gain":0,"player_choice":"Ignored","damage_taken":0,"max_hp_gain":0,"max_hp_loss":0,"event_name":"Vampires","floor":22,"gold_loss":0}],"is_beta":false,"boss_relics":[{"not_picked":["Cursed Key","WristBlade"],"picked":"Pandora\u0027s Box"}],"items_purged_floors":[],"is_endless":false,"potions_floor_spawned":[1,4,6,20],"killed_by":"Slavers","ascension_level":20}