{"gold_per_floor":[119,119,139,28,41,41,116,147,147,193,205,217],"floor_reached":12,"playtime":338,"items_purged":["Defend_G"],"score":172,"play_id":"df698bf4-a2c0-40fd-aa15-0080ca1c0c8a","local_time":"20231208222525","is_ascension_mode":true,"campfire_choices":[{"data":"Crippling Poison","floor":6,"key":"SMITH"}],"neow_cost":"NONE","seed_source_timestamp":10066008858500,"circlet_count":0,"master_deck":["AscendersBane","Strike_G","Strike_G","Strike_G","Strike_G","Strike_G","Defend_G","Defend_G","Defend_G","Survivor","Neutralize","Crippling Poison+1","Well Laid Plans","Terror","Footwork","Distraction"],"relics":["Ring of the Snake","NeowsBlessing","Mummified Hand","MealTicket","MawBank","Blood Vial"],"potions_floor_usage":[8,10],"damage_taken":[{"damage":0,"enemies":"Small Slimes","floor":1,"turns":1},{"damage":0,"enemies":"Cultist","floor":3,"turns":1},{"damage":0,"enemies":"2 Louse","floor":5,"turns":1},{"damage":30,"enemies":"3 Sentries","floor":8,"turns":8},{"damage":8,"enemies":"Lagavulin","floor":10,"turns":7},{"damage":16,"enemies":"3 Sentries","floor":12,"turns":3}],"seed_played":"-8416408434670058621","potions_obtained":[{"floor":5,"key":"DuplicationPotion"},{"floor":8,"key":"SteroidPotion"}],"is_trial":false,"path_per_floor":["M","?","M","$","M","R","?","E","T","E","?","E"],"character_chosen":"THE_SILENT","items_purchased":["Well Laid Plans"],"campfire_rested":0,"item_purchase_floors":[4],"current_hp_per_floor":[59,59,59,59,59,59,48,18,18,10,10,0],"gold":217,"neow_bonus":"THREE_ENEMY_KILL","is_prod":false,"is_daily":false,"chose_seed":false,"campfire_upgraded":1,"win_rate":0,"timestamp":1702070725,"path_taken":["M","?","?","$","M","R","?","E","T","E","?","E"],"build_version":"2022-12-18","purchased_purges":1,"victory":false,"max_hp_per_floor":[66,66,66,66,66,66,66,66,66,66,66,66],"card_choices":[{"not_picked":["Dagger Throw","Concentrate"],"picked":"Quick Slash","floor":1},{"not_picked":["Dagger Spray","Dagger Throw"],"picked":"Crippling Poison","floor":3},{"not_picked":["Predator","Flying Knee"],"picked":"Terror","floor":5},{"not_picked":["Acrobatics","Bouncing Flask"],"picked":"Footwork","floor":8},{"not_picked":["Slice","Sucker Punch"],"picked":"Distraction","floor":10}],"player_experience":2445234,"relics_obtained":[{"floor":8,"key":"MealTicket"},{"floor":9,"key":"MawBank"},{"floor":10,"key":"Blood Vial"}],"event_choices":[{"cards_removed":["Quick Slash"],"damage_healed":0,"gold_gain":0,"player_choice":"Gave Card","damage_taken":0,"relics_obtained":["Mummified Hand"],"max_hp_gain":0,"max_hp_loss":0,"event_name":"WeMeetAgain","floor":2,"gold_loss":0},{"damage_healed":0,"gold_gain":75,"player_choice":"Gather Gold","damage_taken":11,"max_hp_gain":0,"max_hp_loss":0,"event_name":"World of Goop","floor":7,"gold_loss":0},{"cards_removed":["Defend_G"],"damage_healed":0,"gold_gain":0,"player_choice":"Purged","damage_taken":0,"max_hp_gain":0,"max_hp_loss":0,"event_name":"Purifier","floor":11,"gold_loss":0}],"is_beta":false,"boss_relics":[],"items_purged_floors":[4],"is_endless":false,"potions_floor_spawned":[5,8],"killed_by":"3 Sentries","ascension_level":20}