{"gold_per_floor":[118,393,408,408,421,421,64,90,143,143,153,153],"floor_reached":12,"playtime":312,"items_purged":[],"score":155,"play_id":"e8dab7cb-2eb3-438c-bc5b-2401a10c75bf","local_time":"20231217205651","is_ascension_mode":true,"campfire_choices":[{"data":"Choke","floor":6,"key":"SMITH"},{"data":"Cloak And Dagger","floor":10,"key":"SMITH"}],"neow_cost":"NONE","seed_source_timestamp":194583911997400,"circlet_count":0,"master_deck":["AscendersBane","Strike_G","Strike_G","Strike_G","Strike_G","Strike_G","Defend_G","Defend_G","Defend_G","Defend_G","Defend_G","Survivor","Neutralize","Choke+1","Concentrate","Tactician","Cloak And Dagger+1","Backflip","Reflex"],"relics":["Ring of the Snake","NeowsBlessing","Spirit Poop","Omamori","Sling","Boot","MealTicket"],"potions_floor_usage":[8,12],"damage_taken":[{"damage":0,"enemies":"Small Slimes","floor":1,"turns":1},{"damage":0,"enemies":"Cultist","floor":3,"turns":1},{"damage":0,"enemies":"2 Louse","floor":5,"turns":1},{"damage":21,"enemies":"3 Sentries","floor":8,"turns":9},{"damage":7,"enemies":"Gremlin Gang","floor":11,"turns":6},{"damage":44,"enemies":"Gremlin Nob","floor":12,"turns":4}],"seed_played":"-3962822747650741422","potions_obtained":[{"floor":1,"key":"DistilledChaos"},{"floor":11,"key":"EssenceOfSteel"}],"is_trial":false,"path_per_floor":["M","?","M","?","M","R","$","E","T","R","M","E"],"character_chosen":"THE_SILENT","items_purchased":["Omamori","Sling","Cloak And Dagger"],"campfire_rested":0,"item_purchase_floors":[7,7,7],"current_hp_per_floor":[59,59,59,59,59,59,59,38,38,38,31,0],"gold":153,"neow_bonus":"THREE_ENEMY_KILL","is_prod":false,"is_daily":false,"chose_seed":false,"campfire_upgraded":2,"win_rate":0,"timestamp":1702843011,"path_taken":["M","?","?","?","M","R","$","E","T","R","?","E"],"build_version":"2022-12-18","purchased_purges":0,"victory":false,"max_hp_per_floor":[66,66,66,66,66,66,66,66,66,66,66,66],"card_choices":[{"not_picked":["Backflip","Quick Slash"],"picked":"Choke","floor":1},{"not_picked":["Dagger Throw","Predator"],"picked":"Concentrate","floor":3},{"not_picked":["Endless Agony","Backflip"],"picked":"Tactician","floor":5},{"not_picked":["Poisoned Stab","Dodge and Roll"],"picked":"Backflip","floor":8},{"not_picked":["Finisher","Quick Slash"],"picked":"Reflex","floor":11}],"player_experience":2453133,"relics_obtained":[{"floor":8,"key":"Boot"},{"floor":9,"key":"MealTicket"}],"event_choices":[{"damage_healed":0,"gold_gain":275,"player_choice":"Desecrate","damage_taken":0,"max_hp_gain":0,"max_hp_loss":0,"event_name":"Golden Shrine","floor":2,"gold_loss":0,"cards_obtained":["Regret"]},{"cards_removed":["Regret"],"damage_healed":0,"gold_gain":0,"player_choice":"Offered Curse","damage_taken":0,"relics_obtained":["Spirit Poop"],"max_hp_gain":0,"max_hp_loss":0,"event_name":"Bonfire Elementals","floor":4,"gold_loss":0}],"is_beta":false,"boss_relics":[],"items_purged_floors":[],"is_endless":false,"potions_floor_spawned":[1,11],"killed_by":"Gremlin Nob","ascension_level":20}