{"gold_per_floor":[115,115,40,40,58,96,110,110],"floor_reached":8,"playtime":329,"items_purged":[],"score":112,"play_id":"7a336840-d9ef-4de6-acad-85817aef3bb2","local_time":"20231215165235","is_ascension_mode":true,"campfire_choices":[],"neow_cost":"NONE","seed_source_timestamp":7109002664500,"circlet_count":0,"master_deck":["AscendersBane","Strike_G","Strike_G","Strike_G","Strike_G","Strike_G","Defend_G","Defend_G","Defend_G","Defend_G","Defend_G","Survivor","Neutralize","Dagger Spray","Acrobatics","Choke","Flying Knee"],"relics":["Snecko Eye","Golden Idol","Blood Vial"],"potions_floor_usage":[],"damage_taken":[{"damage":3,"enemies":"2 Louse","floor":1,"turns":3},{"damage":9,"enemies":"Jaw Worm","floor":5,"turns":5},{"damage":23,"enemies":"3 Sentries","floor":6,"turns":12},{"damage":4,"enemies":"Cultist","floor":7,"turns":4},{"damage":51,"enemies":"Gremlin Nob","floor":8,"turns":4}],"seed_played":"9011562933301929586","potions_obtained":[],"is_trial":false,"path_per_floor":["M","?","?","?","M","E","M","E"],"character_chosen":"THE_SILENT","items_purchased":[],"campfire_rested":0,"item_purchase_floors":[],"current_hp_per_floor":[56,56,56,61,52,29,27,0],"gold":110,"neow_bonus":"BOSS_RELIC","is_prod":false,"is_daily":false,"chose_seed":false,"campfire_upgraded":0,"win_rate":0,"timestamp":1702655555,"path_taken":["M","?","?","?","M","E","?","E"],"build_version":"2022-12-18","purchased_purges":0,"victory":false,"max_hp_per_floor":[66,66,66,71,71,71,71,71],"card_choices":[{"not_picked":["Deadly Poison","Cloak And Dagger"],"picked":"Dagger Spray","floor":1},{"not_picked":["Heel Hook","Backstab"],"picked":"Acrobatics","floor":5},{"not_picked":["Finisher","Quick Slash"],"picked":"Choke","floor":6},{"not_picked":["Poisoned Stab","Acrobatics"],"picked":"Flying Knee","floor":7}],"player_experience":2449209,"relics_obtained":[{"floor":6,"key":"Blood Vial"}],"event_choices":[{"damage_healed":0,"gold_gain":0,"player_choice":"Take Wound","damage_taken":0,"relics_obtained":["Golden Idol"],"max_hp_gain":0,"max_hp_loss":0,"event_name":"Golden Idol","floor":2,"gold_loss":0,"cards_obtained":["Injury"]},{"cards_removed":["Injury"],"damage_healed":0,"gold_gain":0,"player_choice":"Card Removal","damage_taken":0,"max_hp_gain":0,"max_hp_loss":0,"event_name":"The Cleric","floor":3,"gold_loss":75},{"damage_healed":0,"gold_gain":0,"player_choice":"Donut","damage_taken":0,"max_hp_gain":5,"max_hp_loss":0,"event_name":"Big Fish","floor":4,"gold_loss":0}],"is_beta":false,"boss_relics":[],"items_purged_floors":[],"is_endless":false,"potions_floor_spawned":[],"killed_by":"Gremlin Nob","ascension_level":20}