{"gold_per_floor":[116,136,136,150,150,150,179,236,236,196],"floor_reached":10,"playtime":252,"items_purged":[],"score":132,"play_id":"ae87e382-a13f-48dd-9f42-44f333d1be45","local_time":"20231217205119","is_ascension_mode":true,"campfire_choices":[{"data":"Footwork","floor":6,"key":"SMITH"}],"neow_cost":"NONE","seed_source_timestamp":194311977310600,"circlet_count":0,"master_deck":["AscendersBane","Strike_G","Strike_G","Strike_G","Strike_G","Strike_G","Defend_G","Defend_G","Defend_G","Defend_G","Defend_G","Survivor","Neutralize","Poisoned Stab+1","Dash","Footwork+1","Dagger Spray","Flechettes"],"relics":["Ring of the Snake","NeowsBlessing","InkBottle","Frozen Egg 2","Dream Catcher"],"potions_floor_usage":[8],"damage_taken":[{"damage":0,"enemies":"2 Louse","floor":1,"turns":1},{"damage":0,"enemies":"Cultist","floor":2,"turns":1},{"damage":0,"enemies":"Jaw Worm","floor":4,"turns":1},{"damage":41,"enemies":"Lagavulin","floor":7,"turns":14},{"damage":22,"enemies":"3 Sentries","floor":8,"turns":8},{"damage":1,"enemies":"Looter","floor":10,"turns":2}],"seed_played":"-2247677649227143787","potions_obtained":[{"floor":4,"key":"LiquidBronze"}],"is_trial":false,"path_per_floor":["M","M","?","M","?","R","E","?","T","M"],"character_chosen":"THE_SILENT","items_purchased":[],"campfire_rested":0,"item_purchase_floors":[],"current_hp_per_floor":[59,59,59,59,64,64,23,1,1,0],"gold":196,"neow_bonus":"THREE_ENEMY_KILL","is_prod":false,"is_daily":false,"chose_seed":false,"campfire_upgraded":1,"win_rate":0,"timestamp":1702842679,"path_taken":["M","M","?","?","?","R","E","?","T","M"],"build_version":"2022-12-18","purchased_purges":0,"victory":false,"max_hp_per_floor":[66,66,66,66,71,71,71,71,71,71],"card_choices":[{"not_picked":["Quick Slash","Eviscerate"],"picked":"Poisoned Stab","floor":1},{"not_picked":["Prepared","Deflect"],"picked":"Dash","floor":2},{"not_picked":["Prepared","Cloak And Dagger"],"picked":"Footwork","floor":4},{"not_picked":["Predator","Flying Knee"],"picked":"Dagger Spray","floor":7},{"not_picked":["Flying Knee","Eviscerate"],"picked":"Flechettes","floor":8}],"player_experience":2452881,"relics_obtained":[{"floor":7,"key":"InkBottle"},{"floor":8,"key":"Frozen Egg 2"},{"floor":9,"key":"Dream Catcher"}],"event_choices":[{"damage_healed":0,"gold_gain":0,"player_choice":"Upgraded","damage_taken":0,"max_hp_gain":0,"max_hp_loss":0,"event_name":"Upgrade Shrine","floor":3,"gold_loss":0,"cards_upgraded":["Poisoned Stab"]},{"damage_healed":0,"gold_gain":0,"player_choice":"Donut","damage_taken":0,"max_hp_gain":5,"max_hp_loss":0,"event_name":"Big Fish","floor":5,"gold_loss":0},{"damage_healed":0,"gold_gain":0,"player_choice":"Searched \u00272\u0027 times","damage_taken":0,"max_hp_gain":0,"max_hp_loss":0,"event_name":"Dead Adventurer","floor":8,"gold_loss":0}],"is_beta":false,"boss_relics":[],"items_purged_floors":[],"is_endless":false,"potions_floor_spawned":[4],"killed_by":"Looter","ascension_level":20}