{"gold_per_floor":[109,109,125,50,67,67,102,28,28,28,56,56,67,77,77,156,156,172,190,190],"floor_reached":20,"playtime":894,"items_purged":["Pain"],"score":368,"play_id":"7225c122-1bf4-4574-a7f8-b5f170c95d62","local_time":"20231215170845","is_ascension_mode":true,"campfire_choices":[{"data":"Skewer","floor":6.0,"key":"SMITH"},{"floor":10.0,"key":"REST"},{"floor":15.0,"key":"REST"}],"neow_cost":"NONE","seed_source_timestamp":7448069519800,"circlet_count":0,"master_deck":["AscendersBane","Strike_G","Strike_G","Strike_G","Strike_G","Strike_G","Defend_G","Defend_G","Defend_G","Defend_G","Defend_G","Survivor","Neutralize","Dagger Throw","Skewer+1","Well Laid Plans","Leg Sweep","Distraction","Envenom","Poisoned Stab","Phantasmal Killer","Reflex+1","Deadly Poison+1"],"special_seed":0,"relics":["Ring of the Snake","NeowsBlessing","WarpedTongs","Blue Candle","Kunai","Ancient Tea Set","Fusion Hammer"],"potions_floor_usage":[19,20],"damage_taken":[{"damage":0.0,"enemies":"2 Louse","floor":1.0,"turns":1.0},{"damage":1.0,"enemies":"Cultist","floor":3.0,"turns":1.0},{"damage":0.0,"enemies":"Jaw Worm","floor":5.0,"turns":1.0},{"damage":27.0,"enemies":"Lagavulin","floor":7.0,"turns":8.0},{"damage":27.0,"enemies":"Gremlin Nob","floor":11.0,"turns":4.0},{"damage":7.0,"enemies":"Large Slime","floor":13.0,"turns":7.0},{"damage":13.0,"enemies":"Lots of Slimes","floor":14.0,"turns":6.0},{"damage":17.0,"enemies":"Slime Boss","floor":16.0,"turns":10.0},{"damage":19,"enemies":"Shell Parasite","floor":18,"turns":7},{"damage":20,"enemies":"Chosen","floor":19,"turns":5},{"damage":16,"enemies":"Sentry and Sphere","floor":20,"turns":5}],"seed_played":"1224501279887521311","potions_obtained":[{"floor":7.0,"key":"CultistPotion"},{"floor":11.0,"key":"EntropicBrew"},{"floor":12.0,"key":"LiquidBronze"},{"floor":18,"key":"CunningPotion"}],"is_trial":false,"path_per_floor":["M","?","M","$","M","R","E","$","T","R","E","?","M","M","R","B",null,"M","M","M"],"character_chosen":"THE_SILENT","items_purchased":["Distraction"],"campfire_rested":2,"item_purchase_floors":[8],"current_hp_per_floor":[59,59,58,58,58,58,31,31,31,50,23,23,16,3,22,5,51,32,12,0],"gold":190,"neow_bonus":"THREE_ENEMY_KILL","is_prod":false,"is_daily":false,"chose_seed":false,"campfire_upgraded":1,"win_rate":0,"timestamp":1702656525,"path_taken":["M","?","M","?","?","R","E","$","T","R","E","?","M","M","R","BOSS","M","?","M"],"build_version":"2022-12-18","purchased_purges":1,"victory":false,"max_hp_per_floor":[66,66,66,66,66,66,66,66,66,66,66,66,66,66,66,66,66,66,66,66],"card_choices":[{"not_picked":["Deflect","Slice"],"picked":"Dagger Throw","floor":1.0},{"not_picked":["Deadly Poison","Slice"],"picked":"Skewer","floor":3.0},{"not_picked":["Dash","Sucker Punch"],"picked":"Well Laid Plans","floor":5.0},{"not_picked":["Catalyst","Quick Slash"],"picked":"Leg Sweep","floor":7.0},{"not_picked":["Underhanded Strike","Outmaneuver"],"picked":"Envenom","floor":11.0},{"not_picked":["Cloak And Dagger","Flying Knee"],"picked":"Poisoned Stab","floor":13.0},{"not_picked":["Quick Slash","Deadly Poison","Dagger Throw"],"picked":"SKIP","floor":14.0},{"not_picked":["Malaise","After Image"],"picked":"Phantasmal Killer","floor":16.0},{"not_picked":["Backflip","Sucker Punch"],"picked":"Reflex+1","floor":18},{"not_picked":["Skewer","Blur"],"picked":"Deadly Poison+1","floor":19}],"player_experience":2449538,"relics_obtained":[{"floor":7.0,"key":"Blue Candle"},{"floor":9.0,"key":"Kunai"},{"floor":11.0,"key":"Ancient Tea Set"}],"event_choices":[{"damage_healed":0.0,"max_hp_gain":0.0,"max_hp_loss":0.0,"gold_gain":0.0,"event_name":"Accursed Blacksmith","player_choice":"Rummage","floor":2.0,"gold_loss":0.0,"damage_taken":0.0,"relics_obtained":["WarpedTongs"],"cards_obtained":["Pain"]},{"damage_healed":0.0,"max_hp_gain":0.0,"max_hp_loss":0.0,"gold_gain":0.0,"event_name":"Lab","player_choice":"Got Potions","floor":12.0,"gold_loss":0.0,"damage_taken":0.0}],"is_beta":false,"boss_relics":[{"not_picked":["Coffee Dripper","Ectoplasm"],"picked":"Fusion Hammer"}],"items_purged_floors":[4],"is_endless":false,"potions_floor_spawned":[7,11,13,16,18],"killed_by":"Sentry and Sphere","ascension_level":20}