{"gold_per_floor":[113,113,113,9,20,20,49,49,125,125,275,288,288,316,316,316],"floor_reached":16,"playtime":477,"items_purged":["Regret"],"score":262,"play_id":"57b39200-aabe-4368-91e3-fcf9a8de9c91","local_time":"20231222014113","is_ascension_mode":true,"campfire_choices":[{"data":"Tactician","floor":6,"key":"SMITH"},{"data":"Dodge and Roll","floor":8,"key":"SMITH"},{"data":"Neutralize","floor":10,"key":"SMITH"},{"floor":15,"key":"REST"}],"neow_cost":"NONE","seed_source_timestamp":557088600986100,"circlet_count":0,"master_deck":["AscendersBane","Strike_G","Strike_G","Strike_G","Strike_G","Defend_G","Defend_G","Defend_G","Defend_G","Defend_G","Survivor","Neutralize+1","Tactician+1","Expertise","Dodge and Roll+1","Acrobatics","Distraction","Doubt","Dagger Spray","Flechettes"],"relics":["Ring of the Snake","NeowsBlessing","Unceasing Top","Toy Ornithopter","Blue Candle","Pen Nib","Regal Pillow"],"potions_floor_usage":[14],"damage_taken":[{"damage":0,"enemies":"Small Slimes","floor":1,"turns":1},{"damage":0,"enemies":"Jaw Worm","floor":5,"turns":1},{"damage":0,"enemies":"Lagavulin","floor":7,"turns":1},{"damage":3,"enemies":"2 Louse","floor":12,"turns":6},{"damage":44,"enemies":"3 Sentries","floor":14,"turns":13},{"damage":57,"enemies":"Slime Boss","floor":16,"turns":8}],"seed_played":"-6384696324498504356","potions_obtained":[{"floor":1,"key":"ColorlessPotion"},{"floor":12,"key":"SpeedPotion"}],"is_trial":false,"path_per_floor":["M","?","?","$","M","R","E","R","T","R","?","M","T","E","R","B"],"character_chosen":"THE_SILENT","items_purchased":["Dodge and Roll"],"campfire_rested":1,"item_purchase_floors":[4],"current_hp_per_floor":[59,59,59,59,59,59,59,59,59,59,59,56,56,17,51,0],"gold":316,"neow_bonus":"THREE_ENEMY_KILL","is_prod":false,"is_daily":false,"chose_seed":false,"campfire_upgraded":3,"win_rate":0,"timestamp":1703205673,"path_taken":["M","?","?","$","M","R","E","R","T","R","?","?","?","E","R","BOSS"],"build_version":"2022-12-18","purchased_purges":1,"victory":false,"max_hp_per_floor":[66,66,66,66,66,66,66,66,66,66,66,66,66,66,66,66],"card_choices":[{"not_picked":["Calculated Gamble","Finisher"],"picked":"Tactician","floor":1},{"not_picked":["Blade Dance","Dagger Spray"],"picked":"Acrobatics","floor":5},{"not_picked":["Outmaneuver","Prepared"],"picked":"Distraction","floor":7},{"not_picked":["Blade Dance","Cloak And Dagger"],"picked":"Dagger Spray","floor":12},{"not_picked":["Slice","Riddle With Holes"],"picked":"Flechettes","floor":14}],"player_experience":2454439,"relics_obtained":[{"floor":7,"key":"Toy Ornithopter"},{"floor":9,"key":"Blue Candle"},{"floor":13,"key":"Pen Nib"},{"floor":14,"key":"Regal Pillow"}],"event_choices":[{"damage_healed":0,"gold_gain":0,"cards_transformed":["Strike_G"],"player_choice":"Change","damage_taken":0,"max_hp_gain":0,"max_hp_loss":0,"event_name":"Living Wall","floor":2,"gold_loss":0,"cards_obtained":["Expertise"]},{"damage_healed":0,"gold_gain":0,"player_choice":"Box","damage_taken":0,"relics_obtained":["Unceasing Top"],"max_hp_gain":0,"max_hp_loss":0,"event_name":"Big Fish","floor":3,"gold_loss":0,"cards_obtained":["Regret"]},{"damage_healed":0,"gold_gain":150,"player_choice":"AGREE","damage_taken":0,"max_hp_gain":0,"max_hp_loss":0,"event_name":"Liars Game","floor":11,"gold_loss":0,"cards_obtained":["Doubt"]}],"is_beta":false,"boss_relics":[],"items_purged_floors":[4],"is_endless":false,"potions_floor_spawned":[1,12],"killed_by":"Slime Boss","ascension_level":20}