{"gold_per_floor":[116,127,97,108,33,33,47,47,93,127,162,162,196,205,205,305,305,337,337,621,649,649,649],"floor_reached":23,"playtime":994,"items_purged":["Defend_G"],"score":394,"play_id":"8e8e20ab-693e-4dde-993f-644a95d4a3f0","local_time":"20231222013229","is_ascension_mode":true,"campfire_choices":[{"data":"Blade Dance","floor":6.0,"key":"SMITH"},{"data":"Well Laid Plans","floor":8.0,"key":"SMITH"},{"data":"Accuracy","floor":12.0,"key":"SMITH"},{"floor":15.0,"key":"REST"}],"neow_cost":"NONE","seed_source_timestamp":0,"circlet_count":0,"master_deck":["AscendersBane","Strike_G","Strike_G","Strike_G","Strike_G","Defend_G","Defend_G","Defend_G","Defend_G","Survivor","Neutralize","Blade Dance+1","Cloak And Dagger","Backflip","Well Laid Plans+1","Infinite Blades","Accuracy+1","After Image","Finisher","Regret","Tactician"],"special_seed":0,"relics":["Ring of the Snake","NeowsBlessing","Smiling Mask","CeramicFish","Odd Mushroom","Eternal Feather","Golden Idol","Empty Cage"],"potions_floor_usage":[23,23],"damage_taken":[{"damage":0.0,"enemies":"Small Slimes","floor":1.0,"turns":1.0},{"damage":0.0,"enemies":"Cultist","floor":2.0,"turns":1.0},{"damage":0.0,"enemies":"Jaw Worm","floor":4.0,"turns":1.0},{"damage":0.0,"enemies":"2 Fungi Beasts","floor":7.0,"turns":4.0},{"damage":11.0,"enemies":"Gremlin Nob","floor":10.0,"turns":4.0},{"damage":24.0,"enemies":"The Mushroom Lair","floor":11.0,"turns":5.0},{"damage":13.0,"enemies":"3 Sentries","floor":13.0,"turns":9.0},{"damage":15.0,"enemies":"The Guardian","floor":16.0,"turns":9.0},{"damage":8,"enemies":"Spheric Guardian","floor":18,"turns":4},{"damage":31,"enemies":"Shell Parasite","floor":21,"turns":4},{"damage":35,"enemies":"Slavers","floor":23,"turns":7}],"seed_played":"-5032483953170448438","potions_obtained":[{"floor":3.0,"key":"EssenceOfSteel"},{"floor":3.0,"key":"ColorlessPotion"},{"floor":7.0,"key":"GhostInAJar"},{"floor":16.0,"key":"Poison Potion"},{"floor":21,"key":"Ancient Potion"}],"is_trial":false,"path_per_floor":["M","M","?","M","$","R","M","R","T","E","?","R","E","?","R","B",null,"M","?","?","M","?","E"],"character_chosen":"THE_SILENT","items_purchased":[],"campfire_rested":1,"item_purchase_floors":[],"current_hp_per_floor":[59,59,59,59,59,59,59,59,59,48,24,24,11,11,39,24,56,48,48,48,17,30,0],"gold":649,"neow_bonus":"THREE_ENEMY_KILL","is_prod":false,"is_daily":false,"chose_seed":false,"campfire_upgraded":3,"win_rate":0,"timestamp":1703205149,"path_taken":["M","M","?","?","$","R","M","R","T","E","?","R","E","?","R","BOSS","M","?","?","?","?","E"],"build_version":"2022-12-18","purchased_purges":1,"victory":false,"max_hp_per_floor":[66,66,66,66,66,66,66,66,66,66,66,66,66,66,66,66,66,66,66,66,66,66,66],"card_choices":[{"not_picked":["Dagger Throw","Quick Slash"],"picked":"Blade Dance","floor":1.0},{"not_picked":["Backflip","Reflex"],"picked":"Cloak And Dagger","floor":2.0},{"not_picked":["Bouncing Flask","Dagger Throw"],"picked":"Backflip","floor":4.0},{"not_picked":["Distraction","Slice"],"picked":"Well Laid Plans","floor":7.0},{"not_picked":["Noxious Fumes","Blur"],"picked":"Infinite Blades","floor":10.0},{"not_picked":["Leg Sweep","Flying Knee"],"picked":"Accuracy","floor":11.0},{"not_picked":["Dagger Throw","Flying Knee","Distraction"],"picked":"SKIP","floor":13.0},{"not_picked":["Adrenaline","Night Terror"],"picked":"After Image","floor":16.0},{"not_picked":["Deadly Poison","Acrobatics"],"picked":"Finisher","floor":18},{"not_picked":["Dodge and Roll","Endless Agony"],"picked":"Tactician","floor":21}],"player_experience":2453445,"relics_obtained":[{"floor":9.0,"key":"Smiling Mask"},{"floor":10.0,"key":"CeramicFish"},{"floor":11.0,"key":"Odd Mushroom"},{"floor":13.0,"key":"Eternal Feather"}],"event_choices":[{"damage_healed":0.0,"max_hp_gain":0.0,"max_hp_loss":0.0,"gold_gain":0.0,"event_name":"The Woman in Blue","player_choice":"Bought 2 Potions","floor":3.0,"gold_loss":0.0,"damage_taken":0.0},{"damage_healed":0.0,"max_hp_gain":0.0,"max_hp_loss":0.0,"gold_gain":0.0,"event_name":"Mushrooms","player_choice":"Fought Mushrooms","floor":11.0,"gold_loss":0.0,"damage_taken":0.0},{"damage_healed":0.0,"max_hp_gain":0.0,"max_hp_loss":0.0,"gold_gain":0.0,"event_name":"Golden Idol","player_choice":"Take Wound","floor":14.0,"gold_loss":0.0,"damage_taken":0.0,"relics_obtained":["Golden Idol"],"cards_obtained":["Injury"]},{"damage_healed":0,"gold_gain":0,"player_choice":"Ignored","damage_taken":0,"max_hp_gain":0,"max_hp_loss":0,"event_name":"Cursed Tome","floor":19,"gold_loss":0},{"damage_healed":0,"gold_gain":275,"player_choice":"Desecrate","damage_taken":0,"max_hp_gain":0,"max_hp_loss":0,"event_name":"Golden Shrine","floor":20,"gold_loss":0,"cards_obtained":["Regret"]},{"damage_healed":13,"gold_gain":0,"player_choice":"Heal","damage_taken":0,"max_hp_gain":0,"max_hp_loss":0,"event_name":"The Library","floor":22,"gold_loss":0}],"is_beta":false,"boss_relics":[{"not_picked":["SlaversCollar","Ring of the Serpent"],"picked":"Empty Cage"}],"items_purged_floors":[5],"is_endless":false,"potions_floor_spawned":[7,16,21],"killed_by":"Slavers","ascension_level":20}