{"gold_per_floor":[17,36,186,22,36,36,49,65,89,115,115,146,146,157,157,234,234,211,136,155,155,155,155],"floor_reached":23,"playtime":904,"items_purged":[],"score":427,"play_id":"02340ef8-f7d7-4582-91da-72cd9b257bc4","local_time":"20231228203236","is_ascension_mode":true,"campfire_choices":[{"data":"Eviscerate","floor":6.0,"key":"SMITH"},{"data":"A Thousand Cuts","floor":11.0,"key":"SMITH"},{"data":"Reinforced Body","floor":13.0,"key":"SMITH"},{"data":"Sucker Punch","floor":15.0,"key":"SMITH"}],"neow_cost":"NO_GOLD","seed_source_timestamp":0,"circlet_count":0,"master_deck":["AscendersBane","Defend_G","Defend_G","Defend_G","Defend_G","Survivor","Neutralize","Eviscerate+1","Sucker Punch+1","SashWhip+1","Flash of Steel","A Thousand Cuts+1","Reinforced Body+1","After Image","Flechettes","Body Slam","Bite","Bite","Bite","Bite","Bite"],"special_seed":0,"relics":["Ring of the Snake","Thread and Needle","PrismaticShard","Oddly Smooth Stone","Whetstone","Omamori","HoveringKite"],"potions_floor_usage":[23],"damage_taken":[{"damage":0.0,"enemies":"Cultist","floor":1.0,"turns":4.0},{"damage":0.0,"enemies":"Jaw Worm","floor":2.0,"turns":3.0},{"damage":0.0,"enemies":"2 Louse","floor":5.0,"turns":2.0},{"damage":0.0,"enemies":"Looter","floor":7.0,"turns":3.0},{"damage":0.0,"enemies":"Blue Slaver","floor":8.0,"turns":3.0},{"damage":24.0,"enemies":"3 Sentries","floor":10.0,"turns":6.0},{"damage":11.0,"enemies":"Lagavulin","floor":12.0,"turns":5.0},{"damage":2.0,"enemies":"Exordium Wildlife","floor":14.0,"turns":5.0},{"damage":9.0,"enemies":"Hexaghost","floor":16.0,"turns":15.0},{"damage":5.0,"enemies":"2 Thieves","floor":18.0,"turns":4.0},{"damage":3.0,"enemies":"3 Byrds","floor":20.0,"turns":6.0},{"damage":56,"enemies":"Gremlin Leader","floor":23,"turns":6}],"seed_played":"7599555231372899374","potions_obtained":[{"floor":2.0,"key":"PowerPotion"},{"floor":5.0,"key":"Energy Potion"},{"floor":7.0,"key":"SpeedPotion"},{"floor":10.0,"key":"CultistPotion"},{"floor":14.0,"key":"Block Potion"},{"floor":18.0,"key":"SkillPotion"}],"is_trial":false,"path_per_floor":["M","M","?","$","M","R","M","M","T","E","R","E","R","M","R","B",null,"M","?","M","?","?","E"],"character_chosen":"THE_SILENT","items_purchased":["PrismaticShard"],"campfire_rested":0,"item_purchase_floors":[4],"current_hp_per_floor":[59,59,59,59,59,59,59,59,59,35,35,24,24,22,22,13,53,48,48,45,45,45,0],"gold":155,"neow_bonus":"ONE_RARE_RELIC","is_prod":false,"is_daily":false,"chose_seed":false,"campfire_upgraded":4,"win_rate":0,"timestamp":1703791956,"path_taken":["M","M","?","?","M","R","M","M","T","E","R","E","R","M","R","BOSS","M","?","M","?","?","E"],"build_version":"2022-12-18","purchased_purges":0,"victory":false,"max_hp_per_floor":[66,66,66,66,66,66,66,66,66,66,66,66,66,66,66,66,66,66,66,66,46,46,46],"card_choices":[{"not_picked":["Deadly Poison","Acrobatics"],"picked":"Eviscerate","floor":1.0},{"not_picked":["Cloak And Dagger","Slice"],"picked":"Sucker Punch","floor":2.0},{"not_picked":["Double Energy","Lockon"],"picked":"SashWhip","floor":5.0},{"not_picked":["Expertise","Cloak And Dagger"],"picked":"Flash of Steel","floor":7.0},{"not_picked":["Rupture","Pommel Strike"],"picked":"A Thousand Cuts","floor":8.0},{"not_picked":["Chill","Flame Barrier","Redo"],"picked":"SKIP","floor":10.0},{"not_picked":["Flame Barrier","Anger"],"picked":"Reinforced Body","floor":12.0},{"not_picked":["Halt","Rebound","Protect"],"picked":"SKIP","floor":14.0},{"not_picked":["Transmutation","Secret Weapon"],"picked":"After Image","floor":16.0},{"not_picked":["Hologram","Anger"],"picked":"Flechettes","floor":18.0},{"not_picked":["Go for the Eyes","Prepared"],"picked":"Body Slam","floor":20}],"player_experience":2456754,"relics_obtained":[{"floor":9.0,"key":"Oddly Smooth Stone"},{"floor":10.0,"key":"Whetstone"},{"floor":12.0,"key":"Omamori"}],"event_choices":[{"damage_healed":0.0,"max_hp_gain":0.0,"max_hp_loss":0.0,"gold_gain":150.0,"event_name":"Liars Game","player_choice":"AGREE","floor":3.0,"gold_loss":0.0,"damage_taken":0.0,"cards_obtained":["Doubt"]},{"cards_removed":["Doubt"],"damage_healed":0.0,"max_hp_gain":0.0,"max_hp_loss":0.0,"gold_gain":0.0,"event_name":"Beggar","player_choice":"Gave Gold","floor":19.0,"gold_loss":75.0,"damage_taken":0.0},{"damage_healed":0,"gold_gain":0,"player_choice":"Became a vampire","damage_taken":0,"max_hp_gain":0,"max_hp_loss":20,"event_name":"Vampires","floor":21,"gold_loss":0,"cards_obtained":["Bite","Bite","Bite","Bite","Bite"]},{"cards_removed":["Defend_G"],"damage_healed":0,"gold_gain":0,"player_choice":"Elegance","damage_taken":0,"max_hp_gain":0,"max_hp_loss":0,"event_name":"Back to Basics","floor":22,"gold_loss":0}],"is_beta":false,"boss_relics":[{"not_picked":["Philosopher\u0027s Stone","SlaversCollar"],"picked":"HoveringKite"}],"items_purged_floors":[],"is_endless":false,"potions_floor_spawned":[2,5,7,10,14,18],"killed_by":"Gremlin Leader","ascension_level":20}