{"gold_per_floor":[115,129,129,204,229,241,286,298,359,403,415,46,60,60,60,137,187,205,480,492,492],"floor_reached":21,"playtime":514,"items_purged":[],"score":420,"play_id":"d7ac7796-9cfb-4bb4-a389-da562518abce","local_time":"20240103214803","is_ascension_mode":true,"campfire_choices":[{"data":"Poisoned Stab","floor":6,"key":"SMITH"},{"data":"Caltrops","floor":8,"key":"SMITH"},{"floor":11,"key":"REST"},{"data":"Doppelganger","floor":15,"key":"SMITH"}],"neow_cost":"NONE","seed_source_timestamp":288873236715000,"circlet_count":0,"master_deck":["AscendersBane","Strike_G+1","Strike_G+1","Strike_G","Strike_G","Strike_G","Defend_G+1","Defend_G","Defend_G","Defend_G","Defend_G","Survivor","Neutralize","Poisoned Stab+1","Backflip","Caltrops+1","Doppelganger+1","Well Laid Plans","Terror","After Image","PiercingWail","Escape Plan","Regret","Flechettes"],"relics":["Ring of the Snake","NeowsBlessing","MawBank","Anchor","Lantern","Shuriken","Toolbox","Blood Vial","Tiny House"],"potions_floor_usage":[10,20],"damage_taken":[{"damage":0,"enemies":"2 Louse","floor":1,"turns":1},{"damage":0,"enemies":"Jaw Worm","floor":2,"turns":1},{"damage":0,"enemies":"3 Sentries","floor":7,"turns":1},{"damage":24,"enemies":"Lagavulin","floor":10,"turns":6},{"damage":0,"enemies":"Small Slimes","floor":13,"turns":3},{"damage":22,"enemies":"Hexaghost","floor":16,"turns":8},{"damage":0,"enemies":"3 Byrds","floor":18,"turns":2},{"damage":4,"enemies":"Chosen","floor":20,"turns":4},{"damage":81,"enemies":"3 Cultists","floor":21,"turns":7}],"seed_played":"7739052362603702685","potions_obtained":[{"floor":2,"key":"Strength Potion"},{"floor":13,"key":"Regen Potion"},{"floor":17,"key":"FearPotion"}],"is_trial":false,"path_per_floor":["M","M","?","?","T","R","E","R","T","E","R","$","M","?","R","B",null,"M","?","M","M"],"character_chosen":"THE_SILENT","items_purchased":["Toolbox","Blood Vial","Well Laid Plans"],"campfire_rested":1,"item_purchase_floors":[12,12,12],"current_hp_per_floor":[59,59,39,28,28,28,28,28,28,4,23,23,25,25,25,5,56,58,58,68,0],"gold":492,"neow_bonus":"THREE_ENEMY_KILL","is_prod":false,"is_daily":false,"chose_seed":false,"campfire_upgraded":3,"win_rate":0,"timestamp":1704314883,"path_taken":["M","M","?","?","?","R","E","R","T","E","R","$","M","?","R","BOSS","M","?","?","M"],"build_version":"2022-12-18","purchased_purges":0,"victory":false,"max_hp_per_floor":[66,66,66,66,66,66,66,66,66,66,66,66,66,66,66,66,71,71,71,71,71],"card_choices":[{"not_picked":["Blade Dance","Flying Knee"],"picked":"Poisoned Stab","floor":1},{"not_picked":["Underhanded Strike","PiercingWail"],"picked":"Backflip","floor":2},{"not_picked":["Bane","Deadly Poison"],"picked":"Caltrops","floor":7},{"not_picked":["Backflip","Deadly Poison"],"picked":"Doppelganger","floor":10},{"not_picked":["Quick Slash","Sucker Punch"],"picked":"Terror","floor":13},{"not_picked":["Burst","Phantasmal Killer"],"picked":"After Image","floor":16},{"not_picked":["Skewer","Predator"],"picked":"PiercingWail","floor":17},{"not_picked":["Setup","Choke"],"picked":"Escape Plan","floor":18},{"not_picked":["Bane","Dodge and Roll"],"picked":"Flechettes","floor":20}],"player_experience":2461433,"relics_obtained":[{"floor":5,"key":"MawBank"},{"floor":7,"key":"Anchor"},{"floor":9,"key":"Lantern"},{"floor":10,"key":"Shuriken"}],"event_choices":[{"damage_healed":0,"gold_gain":0,"player_choice":"Entered Light","damage_taken":20,"max_hp_gain":0,"max_hp_loss":0,"event_name":"Shining Light","floor":3,"gold_loss":0,"cards_upgraded":["Strike_G","Strike_G"]},{"damage_healed":0,"gold_gain":75,"player_choice":"Gather Gold","damage_taken":11,"max_hp_gain":0,"max_hp_loss":0,"event_name":"World of Goop","floor":4,"gold_loss":0},{"damage_healed":0,"gold_gain":0,"player_choice":"Leave","damage_taken":0,"max_hp_gain":0,"max_hp_loss":0,"event_name":"The Cleric","floor":14,"gold_loss":0},{"damage_healed":0,"gold_gain":275,"player_choice":"Desecrate","damage_taken":0,"max_hp_gain":0,"max_hp_loss":0,"event_name":"Golden Shrine","floor":19,"gold_loss":0,"cards_obtained":["Regret"]}],"is_beta":false,"boss_relics":[{"not_picked":["Snecko Eye","Runic Dome"],"picked":"Tiny House"}],"items_purged_floors":[],"is_endless":false,"potions_floor_spawned":[2,13,18],"killed_by":"3 Cultists","ascension_level":20}