{"gold_per_floor":[117,117,134,209,209,240,220,250,250,285,304,336,336,336,336,336],"floor_reached":16,"playtime":2703,"items_purged":[],"score":302,"play_id":"b7a9c184-b028-4fcc-a420-8c65cb65d08c","local_time":"20240712082211","is_ascension_mode":true,"campfire_choices":[{"floor":13,"key":"REST"},{"data":"Noxious Fumes","floor":15,"key":"SMITH"}],"neow_cost":"NONE","seed_source_timestamp":304090138000,"circlet_count":0,"master_deck":["AscendersBane","Strike_G","Strike_G","Strike_G","Strike_G","Defend_G","Defend_G","Defend_G","Defend_G","Defend_G","Survivor","Neutralize","Dagger Throw","After Image","Dagger Spray","Caltrops","Deadly Poison+1","Corpse Explosion+1","Noxious Fumes+1","Dodge and Roll+1","Parasite"],"relics":["Ring of the Snake","NeowsBlessing","Turnip","Vajra","Toxic Egg 2","Darkstone Periapt","Mercury Hourglass","Du-Vu Doll"],"potions_floor_usage":[8,8,10,12],"damage_taken":[{"damage":0,"enemies":"Small Slimes","floor":1,"turns":1},{"damage":0,"enemies":"2 Louse","floor":3,"turns":1},{"damage":0,"enemies":"Gremlin Nob","floor":6,"turns":1},{"damage":4,"enemies":"3 Sentries","floor":8,"turns":10},{"damage":5,"enemies":"Lagavulin","floor":10,"turns":7},{"damage":0,"enemies":"Cultist","floor":11,"turns":3},{"damage":24,"enemies":"Gremlin Nob","floor":12,"turns":4},{"damage":56,"enemies":"Slime Boss","floor":16,"turns":5}],"seed_played":"1867850989820867689","potions_obtained":[{"floor":3,"key":"PowerPotion"},{"floor":7,"key":"EntropicBrew"},{"floor":10,"key":"Ancient Potion"}],"is_trial":false,"path_per_floor":["M","?","M","?","?","E","?","E","T","E","M","E","R","?","R","B"],"character_chosen":"THE_SILENT","items_purchased":[],"campfire_rested":1,"item_purchase_floors":[],"current_hp_per_floor":[59,59,59,48,37,37,37,33,33,28,28,4,23,45,45,0],"gold":336,"neow_bonus":"THREE_ENEMY_KILL","is_prod":false,"is_daily":false,"chose_seed":false,"campfire_upgraded":1,"win_rate":0,"timestamp":1720765331,"path_taken":["M","?","M","?","?","E","?","E","T","E","?","E","R","?","R","BOSS"],"build_version":"2022-12-18","purchased_purges":0,"victory":false,"max_hp_per_floor":[66,66,66,66,66,66,66,66,66,66,66,66,66,72,72,72],"card_choices":[{"not_picked":["Outmaneuver","Masterful Stab"],"picked":"Dagger Throw","floor":1},{"not_picked":["Underhanded Strike","Quick Slash"],"picked":"Dagger Spray","floor":3},{"not_picked":["Masterful Stab","Underhanded Strike"],"picked":"Caltrops","floor":6},{"not_picked":["Quick Slash","Finisher"],"picked":"Deadly Poison+1","floor":8},{"not_picked":["Quick Slash","Concentrate+1"],"picked":"Corpse Explosion+1","floor":10},{"not_picked":["Prepared+1","PiercingWail+1"],"picked":"Noxious Fumes","floor":11},{"not_picked":["Dagger Spray","Flying Knee"],"picked":"Dodge and Roll+1","floor":12}],"player_experience":2538317,"relics_obtained":[{"floor":6,"key":"Vajra"},{"floor":8,"key":"Toxic Egg 2"},{"floor":9,"key":"Darkstone Periapt"},{"floor":10,"key":"Mercury Hourglass"},{"floor":12,"key":"Du-Vu Doll"}],"event_choices":[{"damage_healed":0,"gold_gain":0,"cards_transformed":["Strike_G"],"player_choice":"Change","damage_taken":0,"max_hp_gain":0,"max_hp_loss":0,"event_name":"Living Wall","floor":2,"gold_loss":0,"cards_obtained":["After Image"]},{"damage_healed":0,"gold_gain":75,"player_choice":"Gather Gold","damage_taken":11,"max_hp_gain":0,"max_hp_loss":0,"event_name":"World of Goop","floor":4,"gold_loss":0},{"damage_healed":0,"gold_gain":0,"player_choice":"Success","damage_taken":11,"relics_obtained":["Turnip"],"max_hp_gain":0,"max_hp_loss":0,"event_name":"Scrap Ooze","floor":5,"gold_loss":0},{"damage_healed":0,"gold_gain":0,"player_choice":"Bought 1 Potion","damage_taken":0,"max_hp_gain":0,"max_hp_loss":0,"event_name":"The Woman in Blue","floor":7,"gold_loss":0},{"damage_healed":16,"gold_gain":0,"player_choice":"Healed and dodged fight","damage_taken":0,"max_hp_gain":0,"max_hp_loss":0,"event_name":"Mushrooms","floor":14,"gold_loss":0,"cards_obtained":["Parasite"]}],"is_beta":false,"boss_relics":[],"items_purged_floors":[],"is_endless":false,"potions_floor_spawned":[3,10],"killed_by":"Slime Boss","ascension_level":20}