{"gold_per_floor":[119,44,44,44,69,69,110,110,110,26,26,40,79,4,4,100,100,115,115],"floor_reached":19,"playtime":482,"items_purged":["Decay"],"score":346,"play_id":"00422960-7be2-46a3-9221-7b3463458f64","local_time":"20240711222412","is_ascension_mode":true,"campfire_choices":[{"data":"Accuracy","floor":6,"key":"SMITH"},{"data":"Blade Dance","floor":8,"key":"SMITH"},{"floor":11,"key":"REST"},{"data":"Accuracy","floor":15,"key":"SMITH"}],"neow_cost":"NONE","seed_source_timestamp":978580287953000,"circlet_count":0,"master_deck":["AscendersBane","Strike_G","Strike_G","Strike_G","Strike_G","Strike_G","Defend_G","Defend_G","Defend_G","Defend_G","Survivor","Neutralize","Accuracy+1","Blade Dance+1","Doppelganger","Accuracy+1","Cloak And Dagger","Corpse Explosion","Backflip"],"relics":["Ring of the Serpent","MealTicket","Golden Idol","Snake Skull","Ancient Tea Set","Art of War"],"potions_floor_usage":[7,13],"damage_taken":[{"damage":6,"enemies":"Jaw Worm","floor":1,"turns":8},{"damage":7,"enemies":"Small Slimes","floor":5,"turns":5},{"damage":10,"enemies":"3 Sentries","floor":7,"turns":6},{"damage":0,"enemies":"Cultist","floor":12,"turns":3},{"damage":1,"enemies":"Lagavulin","floor":13,"turns":4},{"damage":30,"enemies":"Slime Boss","floor":16,"turns":7},{"damage":26,"enemies":"Shell Parasite","floor":18,"turns":4},{"damage":31,"enemies":"3 Byrds","floor":19,"turns":2}],"seed_played":"1717430897359847062","potions_obtained":[{"floor":5,"key":"CunningPotion"},{"floor":7,"key":"Swift Potion"},{"floor":13,"key":"SteroidPotion"},{"floor":18,"key":"SpeedPotion"}],"is_trial":false,"path_per_floor":["M","?","?","?","M","R","E","R","T","$","R","M","E","$","R","B",null,"M","M"],"character_chosen":"THE_SILENT","items_purchased":["Accuracy"],"campfire_rested":1,"item_purchase_floors":[10],"current_hp_per_floor":[53,53,30,30,23,23,13,13,13,28,47,47,46,61,61,31,57,31,0],"gold":115,"neow_bonus":"RANDOM_COMMON_RELIC","is_prod":false,"is_daily":false,"chose_seed":false,"campfire_upgraded":3,"win_rate":0,"timestamp":1720729452,"path_taken":["M","?","?","?","?","R","E","R","T","$","R","M","E","$","R","BOSS","M","M"],"build_version":"2022-12-18","purchased_purges":1,"victory":false,"max_hp_per_floor":[66,66,66,66,66,66,66,66,66,66,66,66,66,66,66,66,66,66,66],"card_choices":[{"not_picked":["Deadly Poison","Sucker Punch"],"picked":"Accuracy","floor":1},{"not_picked":["Catalyst","Dagger Spray"],"picked":"Blade Dance","floor":5},{"not_picked":["Escape Plan","Tactician"],"picked":"Doppelganger","floor":7},{"not_picked":["Outmaneuver","Slice"],"picked":"Cloak And Dagger","floor":12},{"not_picked":["Dagger Spray","Dodge and Roll","Deadly Poison"],"picked":"SKIP","floor":13},{"not_picked":["Die Die Die","Grand Finale"],"picked":"Corpse Explosion","floor":16},{"not_picked":["Deadly Poison","Skewer"],"picked":"Backflip","floor":18}],"player_experience":2534708,"relics_obtained":[{"floor":7,"key":"Snake Skull"},{"floor":9,"key":"Ancient Tea Set"},{"floor":13,"key":"Art of War"}],"event_choices":[{"cards_removed":["Defend_G"],"damage_healed":0,"gold_gain":0,"player_choice":"Card Removal","damage_taken":0,"max_hp_gain":0,"max_hp_loss":0,"event_name":"The Cleric","floor":2,"gold_loss":75},{"damage_healed":0,"gold_gain":0,"player_choice":"Take Damage","damage_taken":23,"relics_obtained":["Golden Idol"],"max_hp_gain":0,"max_hp_loss":0,"event_name":"Golden Idol","floor":3,"gold_loss":0},{"damage_healed":0,"gold_gain":0,"player_choice":"Cursed","damage_taken":0,"max_hp_gain":0,"max_hp_loss":0,"event_name":"Wheel of Change","floor":4,"gold_loss":0,"cards_obtained":["Decay"]}],"is_beta":false,"boss_relics":[{"not_picked":["Sozu","Philosopher\u0027s Stone"],"picked":"Ring of the Serpent"}],"items_purged_floors":[14],"is_endless":false,"potions_floor_spawned":[5,7,13,18],"killed_by":"3 Byrds","ascension_level":20}