{"gold_per_floor":[117,117,133,14,24,54,54,89,89,33,33,60,88,101,101,175,175,189,199,114,128,4,39,39,71,149,181,191,241,241,257,257,331,331,349,367,47,61,61,61,92,104,175,187,187,216,241,268,268,268,268,268,268,52,52],"floor_reached":55,"playtime":2757,"items_purged":["Strike_G","Strike_G"],"score":2141,"play_id":"50683d18-2070-41ac-b686-951ad7d3cd04","local_time":"20240712113109","is_ascension_mode":true,"campfire_choices":[{"floor":7,"key":"REST"},{"floor":11,"key":"REST"},{"data":"Skewer","floor":15,"key":"SMITH"},{"floor":24,"key":"REST"},{"data":"Burst","floor":32,"key":"SMITH"},{"floor":40,"key":"RECALL"},{"floor":49,"key":"REST"},{"data":"Doppelganger","floor":53,"key":"SMITH"}],"neow_cost":"PERCENT_DAMAGE","seed_source_timestamp":11586678585800,"circlet_count":0,"master_deck":["AscendersBane","Strike_G","Defend_G","Defend_G","Defend_G","Defend_G","Survivor+1","Neutralize","Outmaneuver","Corpse Explosion+1","Acrobatics","Reflex","Poisoned Stab","Calculated Gamble","Doppelganger","Caltrops","Burst+1","Skewer+1","Malaise","Prepared+1","Dagger Throw+1","Flechettes+1","Doppelganger+1","Outmaneuver","Catalyst+1","Venomology","Madness","Madness","Bane+1","Mayhem"],"relics":["Ring of the Snake","Tough Bandages","War Paint","Pocketwatch","Letter Opener","Odd Mushroom","Orichalcum","Busted Crown","Molten Egg 2","Strawberry","Sundial","Meat on the Bone","Mango","Runic Pyramid","FossilizedHelix","Bag of Marbles","Dead Branch","The Specimen","Ginger"],"potions_floor_usage":[8,13,13,19,27,33,35,36,38,41,42,44,46,47,47,47,50,51,51],"damage_taken":[{"damage":0,"enemies":"2 Louse","floor":1,"turns":4},{"damage":0,"enemies":"Jaw Worm","floor":3,"turns":5},{"damage":0,"enemies":"Small Slimes","floor":5,"turns":4},{"damage":29,"enemies":"Lagavulin","floor":6,"turns":8},{"damage":41,"enemies":"Gremlin Nob","floor":8,"turns":6},{"damage":0,"enemies":"The Mushroom Lair","floor":12,"turns":2},{"damage":27,"enemies":"Lagavulin","floor":13,"turns":6},{"damage":1,"enemies":"2 Fungi Beasts","floor":14,"turns":2},{"damage":1,"enemies":"Hexaghost","floor":16,"turns":7},{"damage":4,"enemies":"Spheric Guardian","floor":18,"turns":4},{"damage":0,"enemies":"3 Byrds","floor":19,"turns":2},{"damage":0,"enemies":"Sentry and Sphere","floor":21,"turns":2},{"damage":36,"enemies":"Slavers","floor":23,"turns":3},{"damage":27,"enemies":"Gremlin Leader","floor":25,"turns":6},{"damage":6,"enemies":"Book of Stabbing","floor":27,"turns":4},{"damage":3,"enemies":"Centurion and Healer","floor":28,"turns":2},{"damage":4,"enemies":"Snecko","floor":31,"turns":4},{"damage":13,"enemies":"Collector","floor":33,"turns":6},{"damage":0,"enemies":"Orb Walker","floor":35,"turns":3},{"damage":0,"enemies":"3 Shapes","floor":36,"turns":2},{"damage":4,"enemies":"Writhing Mass","floor":38,"turns":4},{"damage":15,"enemies":"Reptomancer","floor":41,"turns":5},{"damage":0,"enemies":"Sphere and 2 Shapes","floor":42,"turns":3},{"damage":0,"enemies":"3 Darklings","floor":44,"turns":4},{"damage":0,"enemies":"Nemesis","floor":46,"turns":5},{"damage":0,"enemies":"Mind Bloom Boss Battle","floor":47,"turns":6},{"damage":0,"enemies":"Giant Head","floor":48,"turns":5},{"damage":6,"enemies":"Donu and Deca","floor":50,"turns":4},{"damage":76,"enemies":"Awakened One","floor":51,"turns":13},{"damage":92,"enemies":"Shield and Spear","floor":55,"turns":3}],"seed_played":"3134764008678353747","potions_obtained":[{"floor":6,"key":"Regen Potion"},{"floor":12,"key":"Regen Potion"},{"floor":16,"key":"Swift Potion"},{"floor":25,"key":"Regen Potion"},{"floor":28,"key":"Fruit Juice"},{"floor":31,"key":"FearPotion"},{"floor":33,"key":"SpeedPotion"},{"floor":38,"key":"FearPotion"},{"floor":48,"key":"DuplicationPotion"}],"is_trial":false,"path_per_floor":["M","?","M","$","M","E","R","E","T","$","R","?","E","M","R","B",null,"M","M","?","M","$","E","R","E","T","E","M","?","?","M","R","B",null,"M","M","$","M","?","R","E","M","T","M","?","E","?","E","R","B","B",null,"R","$","E"],"character_chosen":"THE_SILENT","items_purchased":["Reflex","AttackPotion","Dagger Throw+1","FossilizedHelix","Mayhem"],"campfire_rested":4,"item_purchase_floors":[4,10,22,37,54],"current_hp_per_floor":[44,44,44,44,44,15,34,8,8,8,27,27,12,11,11,10,52,48,48,48,48,48,19,40,13,13,47,44,44,44,52,52,51,78,83,83,83,79,62,62,47,47,47,47,47,47,47,47,74,68,39,79,79,79,0],"gold":52,"neow_bonus":"ONE_RARE_RELIC","is_prod":false,"is_daily":false,"chose_seed":false,"campfire_upgraded":3,"win_rate":0,"timestamp":1720776669,"path_taken":["M","?","M","$","M","E","R","E","T","$","R","?","E","M","R","BOSS","M","M","?","M","$","E","R","E","T","E","M","?","?","?","R","BOSS","M","?","$","M","?","R","E","M","T","M","?","E","?","E","R","BOSS","BOSS","R","$","E"],"build_version":"2022-12-18","purchased_purges":2,"victory":false,"max_hp_per_floor":[66,66,66,66,66,66,66,66,66,66,66,66,66,66,66,66,66,66,66,66,66,66,73,73,73,73,87,87,87,87,87,87,87,87,92,92,92,92,92,92,92,92,92,92,92,92,92,92,92,92,92,92,92,92,92],"card_choices":[{"not_picked":["Underhanded Strike","Catalyst"],"picked":"Outmaneuver","floor":1},{"not_picked":["Skewer","Underhanded Strike"],"picked":"Acrobatics","floor":3},{"not_picked":["Noxious Fumes","Sucker Punch"],"picked":"Poisoned Stab","floor":5},{"not_picked":["Underhanded Strike","Outmaneuver"],"picked":"Calculated Gamble","floor":6},{"not_picked":["Deflect","Slice"],"picked":"Doppelganger","floor":8},{"not_picked":["Concentrate","Terror"],"picked":"Caltrops","floor":12},{"not_picked":["Slice","Endless Agony"],"picked":"Burst","floor":13},{"not_picked":["Bouncing Flask","Slice"],"picked":"Skewer","floor":14},{"not_picked":["Tools of the Trade","After Image"],"picked":"Malaise","floor":16},{"not_picked":["Sucker Punch"],"picked":"SKIP","floor":18},{"not_picked":[],"picked":"Prepared+1","floor":19},{"not_picked":["Slice+1"],"picked":"SKIP","floor":21},{"not_picked":[],"picked":"Flechettes+1","floor":23},{"not_picked":["All Out Attack+1"],"picked":"SKIP","floor":25},{"not_picked":["PiercingWail"],"picked":"SKIP","floor":27},{"not_picked":["Flying Knee+1"],"picked":"SKIP","floor":28},{"not_picked":[],"picked":"Catalyst+1","floor":31},{"not_picked":[],"picked":"Venomology","floor":33},{"not_picked":["Cloak And Dagger"],"picked":"SKIP","floor":35},{"not_picked":["Underhanded Strike+1"],"picked":"SKIP","floor":36},{"not_picked":["Dodge and Roll"],"picked":"SKIP","floor":38},{"not_picked":["Doppelganger"],"picked":"SKIP","floor":41},{"not_picked":["Sucker Punch+1"],"picked":"SKIP","floor":42},{"not_picked":["Sucker Punch+1"],"picked":"SKIP","floor":44},{"not_picked":["Riddle With Holes+1"],"picked":"SKIP","floor":46},{"not_picked":[],"picked":"Bane+1","floor":47},{"not_picked":["Glass Knife+1"],"picked":"SKIP","floor":48}],"player_experience":2546873,"relics_obtained":[{"floor":6,"key":"War Paint"},{"floor":8,"key":"Pocketwatch"},{"floor":9,"key":"Letter Opener"},{"floor":12,"key":"Odd Mushroom"},{"floor":13,"key":"Orichalcum"},{"floor":23,"key":"Strawberry"},{"floor":25,"key":"Sundial"},{"floor":26,"key":"Meat on the Bone"},{"floor":27,"key":"Mango"},{"floor":41,"key":"Bag of Marbles"},{"floor":46,"key":"Dead Branch"},{"floor":47,"key":"The Specimen"},{"floor":48,"key":"Ginger"}],"event_choices":[{"damage_healed":0,"gold_gain":0,"cards_transformed":["Defend_G"],"player_choice":"Change","damage_taken":0,"max_hp_gain":0,"max_hp_loss":0,"event_name":"Living Wall","floor":2,"gold_loss":0,"cards_obtained":["Corpse Explosion"]},{"damage_healed":0,"gold_gain":0,"player_choice":"Fought Mushrooms","damage_taken":0,"max_hp_gain":0,"max_hp_loss":0,"event_name":"Mushrooms","floor":12,"gold_loss":0},{"damage_healed":0,"gold_gain":0,"player_choice":"Obtained Relic","damage_taken":0,"relics_obtained":["Molten Egg 2"],"max_hp_gain":0,"max_hp_loss":0,"event_name":"Addict","floor":20,"gold_loss":85},{"damage_healed":0,"gold_gain":50,"player_choice":"Stole From Cult","damage_taken":0,"max_hp_gain":0,"max_hp_loss":0,"event_name":"Nest","floor":29,"gold_loss":0},{"damage_healed":0,"gold_gain":0,"cards_transformed":["Strike_G","Strike_G"],"player_choice":"Became Test Subject","damage_taken":0,"max_hp_gain":0,"max_hp_loss":0,"event_name":"Drug Dealer","floor":30,"gold_loss":0,"cards_obtained":["Doppelganger","Outmaneuver"]},{"damage_healed":0,"gold_gain":0,"player_choice":"Embrace Madness","damage_taken":17,"max_hp_gain":0,"max_hp_loss":0,"event_name":"Winding Halls","floor":39,"gold_loss":0,"cards_obtained":["Madness","Madness"]},{"damage_healed":0,"gold_gain":0,"player_choice":"Memory 1","damage_taken":0,"max_hp_gain":0,"max_hp_loss":0,"event_name":"SensoryStone","floor":45,"gold_loss":0},{"damage_healed":0,"gold_gain":0,"player_choice":"Fight","damage_taken":0,"max_hp_gain":0,"max_hp_loss":0,"event_name":"MindBloom","floor":47,"gold_loss":0}],"is_beta":false,"boss_relics":[{"not_picked":["Runic Dome","Snecko Eye"],"picked":"Busted Crown"},{"not_picked":["Black Star","Empty Cage"],"picked":"Runic Pyramid"}],"items_purged_floors":[4,22],"is_endless":false,"potions_floor_spawned":[6,12,16,25,28,31,33,38,42,44,46,48],"killed_by":"Shield and Spear","ascension_level":20}