{"gold_per_floor":[365,440,71,36,51,84,84,84,108,108,143,143,162,193,193,193],"floor_reached":16,"playtime":457,"items_purged":["Decay"],"score":232,"play_id":"1f9b11cb-d869-41cd-b08b-326223df3e1a","local_time":"20240711221556","is_ascension_mode":true,"campfire_choices":[{"floor":8,"key":"REST"},{"data":"Accuracy","floor":10,"key":"SMITH"},{"floor":15,"key":"REST"}],"neow_cost":"CURSE","seed_source_timestamp":978109757392400,"circlet_count":0,"master_deck":["AscendersBane","Strike_G","Strike_G","Strike_G","Strike_G","Strike_G","Defend_G","Defend_G","Defend_G","Defend_G","Defend_G","Survivor","Neutralize","Deadly Poison","Blade Dance","Blade Dance","Tactician","Malaise","Blade Dance","Accuracy+1","Cloak And Dagger","After Image","Backflip"],"relics":["Ring of the Snake","Orrery","Bag of Preparation","Ornamental Fan","Smiling Mask","Dream Catcher","Gambling Chip"],"potions_floor_usage":[14],"damage_taken":[{"damage":3,"enemies":"Small Slimes","floor":1,"turns":4},{"damage":0,"enemies":"2 Louse","floor":5,"turns":2},{"damage":48,"enemies":"Gremlin Nob","floor":6,"turns":5},{"damage":2,"enemies":"Lagavulin","floor":11,"turns":6},{"damage":0,"enemies":"Jaw Worm","floor":13,"turns":1},{"damage":21,"enemies":"Gremlin Nob","floor":14,"turns":4},{"damage":29,"enemies":"Slime Boss","floor":16,"turns":7}],"seed_played":"7496918206477119585","potions_obtained":[{"floor":6,"key":"Swift Potion"},{"floor":11,"key":"Poison Potion"}],"is_trial":false,"path_per_floor":["M","?","$","?","M","E","T","R","T","R","E","?","M","E","R","B"],"character_chosen":"THE_SILENT","items_purchased":["Orrery","Accuracy","Cloak And Dagger"],"campfire_rested":2,"item_purchase_floors":[3,3,3],"current_hp_per_floor":[56,45,45,61,61,13,13,32,32,32,30,30,30,9,28,0],"gold":193,"neow_bonus":"TWO_FIFTY_GOLD","is_prod":false,"is_daily":false,"chose_seed":false,"campfire_upgraded":1,"win_rate":0,"timestamp":1720728956,"path_taken":["M","?","$","?","M","E","?","R","T","R","E","?","?","E","R","BOSS"],"build_version":"2022-12-18","purchased_purges":1,"victory":false,"max_hp_per_floor":[66,66,66,66,66,66,66,66,66,66,66,66,66,66,66,66],"card_choices":[{"not_picked":["Blade Dance","Slice"],"picked":"Deadly Poison","floor":1},{"not_picked":["Endless Agony","Riddle With Holes"],"picked":"Blade Dance","floor":3},{"not_picked":["Slice","Deadly Poison"],"picked":"Blade Dance","floor":3},{"not_picked":["Outmaneuver","Dagger Throw"],"picked":"Tactician","floor":3},{"not_picked":["Slice","Acrobatics"],"picked":"Malaise","floor":3},{"not_picked":["Catalyst","PiercingWail"],"picked":"Blade Dance","floor":3},{"not_picked":["Dagger Throw","Predator"],"picked":"After Image","floor":5},{"not_picked":["Blade Dance","Backstab","Sucker Punch"],"picked":"SKIP","floor":6},{"not_picked":["Footwork","Noxious Fumes","Catalyst"],"picked":"SKIP","floor":11},{"not_picked":["Bane","Skewer"],"picked":"Backflip","floor":13},{"not_picked":["Quick Slash","Heel Hook","Underhanded Strike"],"picked":"SKIP","floor":14}],"player_experience":2534251,"relics_obtained":[{"floor":6,"key":"Bag of Preparation"},{"floor":7,"key":"Ornamental Fan"},{"floor":11,"key":"Smiling Mask"},{"floor":14,"key":"Gambling Chip"}],"event_choices":[{"damage_healed":0,"gold_gain":75,"player_choice":"Gather Gold","damage_taken":11,"max_hp_gain":0,"max_hp_loss":0,"event_name":"World of Goop","floor":2,"gold_loss":0},{"damage_healed":16,"gold_gain":0,"player_choice":"Healed","damage_taken":0,"max_hp_gain":0,"max_hp_loss":0,"event_name":"The Cleric","floor":4,"gold_loss":35},{"damage_healed":0,"gold_gain":0,"player_choice":"Gave Potion","damage_taken":0,"relics_obtained":["Dream Catcher"],"max_hp_gain":0,"max_hp_loss":0,"event_name":"WeMeetAgain","floor":12,"gold_loss":0}],"is_beta":false,"boss_relics":[],"items_purged_floors":[3],"is_endless":false,"potions_floor_spawned":[6,11],"killed_by":"Slime Boss","ascension_level":20}