{"gold_per_floor":[13,13,88,88,104,139,139,173,173,204,204,229,229,243,243,243],"floor_reached":16,"playtime":481,"items_purged":[],"score":232,"play_id":"6963e085-e7f6-446e-a2b4-1edb68778171","local_time":"20240711220118","is_ascension_mode":true,"campfire_choices":[{"floor":7,"key":"REST"},{"floor":11,"key":"REST"},{"data":"Neutralize","floor":13,"key":"SMITH"},{"data":"Blade Dance","floor":15,"key":"SMITH"}],"neow_cost":"NO_GOLD","seed_source_timestamp":977207678902000,"circlet_count":0,"master_deck":["AscendersBane","Strike_G","Strike_G","Strike_G","Strike_G","Strike_G","Defend_G","Defend_G","Defend_G","Defend_G","Survivor","Neutralize+1","Envenom+1","Heel Hook","Blade Dance+1","Leg Sweep","Blade Dance+1","Prepared+1","Acrobatics+1"],"relics":["Ring of the Snake","The Courier","Toxic Egg 2","Pen Nib","Lantern","Anchor"],"potions_floor_usage":[6,8],"damage_taken":[{"damage":3,"enemies":"Cultist","floor":1,"turns":5},{"damage":2,"enemies":"Small Slimes","floor":5,"turns":3},{"damage":9,"enemies":"Gremlin Nob","floor":6,"turns":3},{"damage":14,"enemies":"3 Sentries","floor":8,"turns":9},{"damage":27,"enemies":"Gremlin Nob","floor":10,"turns":4},{"damage":0,"enemies":"2 Louse","floor":14,"turns":2},{"damage":26,"enemies":"Slime Boss","floor":16,"turns":5}],"seed_played":"-92994572697206751","potions_obtained":[{"floor":1,"key":"Swift Potion"},{"floor":5,"key":"CunningPotion"}],"is_trial":false,"path_per_floor":["M","?","?","?","M","E","R","E","T","E","R","T","R","M","R","B"],"character_chosen":"THE_SILENT","items_purchased":[],"campfire_rested":2,"item_purchase_floors":[],"current_hp_per_floor":[56,56,45,38,36,27,46,32,32,5,24,24,24,24,24,0],"gold":243,"neow_bonus":"THREE_RARE_CARDS","is_prod":false,"is_daily":false,"chose_seed":false,"campfire_upgraded":2,"win_rate":0,"timestamp":1720728078,"path_taken":["M","?","?","?","M","E","R","E","T","E","R","?","R","M","R","BOSS"],"build_version":"2022-12-18","purchased_purges":0,"victory":false,"max_hp_per_floor":[66,66,66,66,66,66,66,66,66,66,66,66,66,66,66,66],"card_choices":[{"not_picked":["Glass Knife","Grand Finale"],"picked":"Envenom","floor":0},{"not_picked":["Flying Knee","Tactician"],"picked":"Heel Hook","floor":1},{"not_picked":["Expertise","Poisoned Stab"],"picked":"Blade Dance","floor":5},{"not_picked":["Dagger Throw","Calculated Gamble"],"picked":"Leg Sweep","floor":6},{"not_picked":["Flying Knee","Bouncing Flask+1"],"picked":"Blade Dance+1","floor":8},{"not_picked":["Dagger Throw","Backstab"],"picked":"Prepared+1","floor":10},{"not_picked":["Expertise+1","Bane"],"picked":"Acrobatics+1","floor":14}],"player_experience":2533367,"relics_obtained":[{"floor":6,"key":"The Courier"},{"floor":8,"key":"Toxic Egg 2"},{"floor":9,"key":"Pen Nib"},{"floor":10,"key":"Lantern"},{"floor":12,"key":"Anchor"}],"event_choices":[{"damage_healed":0,"gold_gain":0,"player_choice":"Grow","damage_taken":0,"max_hp_gain":0,"max_hp_loss":0,"event_name":"Living Wall","floor":2,"gold_loss":0,"cards_upgraded":["Envenom"]},{"damage_healed":0,"gold_gain":75,"player_choice":"Gather Gold","damage_taken":11,"max_hp_gain":0,"max_hp_loss":0,"event_name":"World of Goop","floor":3,"gold_loss":0},{"cards_removed":["Defend_G"],"damage_healed":0,"gold_gain":0,"player_choice":"Card Removal","damage_taken":7,"max_hp_gain":0,"max_hp_loss":0,"event_name":"Golden Wing","floor":4,"gold_loss":0}],"is_beta":false,"boss_relics":[],"items_purged_floors":[],"is_endless":false,"potions_floor_spawned":[1,5],"killed_by":"Slime Boss","ascension_level":20}