{"gold_per_floor":[119,44,44,110,235,270,23,56,134,171,248,298,298,327,327,410,410,429,8,67,102,133,145,197,209,221,283],"floor_reached":27,"playtime":1104,"items_purged":["Strike_G","Strike_G"],"score":544,"play_id":"3c756f33-239c-48ea-9e9c-be8f62cbb67d","local_time":"20240712092459","is_ascension_mode":true,"campfire_choices":[{"data":"Neutralize","floor":13,"key":"SMITH"},{"data":"Backflip","floor":15,"key":"SMITH"},{"data":"Night Terror","floor":23,"key":"SMITH"},{"floor":25,"key":"REST"}],"neow_cost":"CURSE","seed_source_timestamp":5668208069800,"circlet_count":0,"master_deck":["AscendersBane","Strike_G","Strike_G","Strike_G","Defend_G+1","Defend_G","Defend_G","Defend_G","Defend_G","Survivor","Neutralize+1","Venomology+1","Terror","Predator","Escape Plan","Glass Knife+1","Backflip+1","PiercingWail","Acrobatics","Night Terror+1","Setup","Writhe","Acrobatics","Dash","Poisoned Stab+1"],"relics":["Ring of the Snake","SsserpentHead","War Paint","PreservedInsect","Eternal Feather","CeramicFish","Potion Belt","Runic Dome","Akabeko","TheAbacus","MawBank","Pen Nib","Letter Opener"],"potions_floor_usage":[4,6,10,16,16,16,21,22,22,24,24,24,24,27],"damage_taken":[{"damage":7,"enemies":"Small Slimes","floor":1,"turns":4},{"damage":0,"enemies":"2 Louse","floor":4,"turns":3},{"damage":0,"enemies":"Gremlin Nob","floor":6,"turns":3},{"damage":34,"enemies":"Lagavulin","floor":8,"turns":7},{"damage":8,"enemies":"Gremlin Nob","floor":10,"turns":3},{"damage":0,"enemies":"Cultist","floor":14,"turns":2},{"damage":20,"enemies":"The Guardian","floor":16,"turns":10},{"damage":8,"enemies":"3 Byrds","floor":18,"turns":8},{"damage":1,"enemies":"Shell Parasite","floor":21,"turns":6},{"damage":3,"enemies":"Snake Plant","floor":22,"turns":4},{"damage":46,"enemies":"Slavers","floor":24,"turns":11},{"damage":64,"enemies":"Masked Bandits","floor":27,"turns":5}],"seed_played":"7891090339185336170","potions_obtained":[{"floor":1,"key":"LiquidBronze"},{"floor":4,"key":"Dexterity Potion"},{"floor":18,"key":"SpeedPotion"},{"floor":22,"key":"LiquidMemories"},{"floor":24,"key":"FearPotion"}],"is_trial":false,"path_per_floor":["M","?","?","M","?","E","$","E","T","E","T","?","R","M","R","B",null,"M","$","?","M","M","R","E","R","T","?"],"character_chosen":"THE_SILENT","items_purchased":["Glass Knife","Akabeko","TheAbacus"],"campfire_rested":1,"item_purchase_floors":[7,19,19],"current_hp_per_floor":[52,52,52,52,41,41,41,7,7,8,8,8,17,17,29,9,52,44,44,44,43,40,52,6,40,40,0],"gold":283,"neow_bonus":"THREE_RARE_CARDS","is_prod":false,"is_daily":false,"chose_seed":false,"campfire_upgraded":3,"win_rate":0,"timestamp":1720769099,"path_taken":["M","?","?","?","?","E","$","E","T","E","?","?","R","M","R","BOSS","M","$","?","M","M","R","E","R","T","?"],"build_version":"2022-12-18","purchased_purges":2,"victory":false,"max_hp_per_floor":[66,66,66,66,66,66,66,66,66,66,66,66,66,66,66,66,66,66,66,66,66,66,66,66,66,66,66],"card_choices":[{"not_picked":["Die Die Die","Wraith Form v2"],"picked":"Venomology","floor":0},{"not_picked":["Flying Knee","Blur"],"picked":"Terror","floor":1},{"not_picked":["Dodge and Roll","Flying Knee"],"picked":"Predator","floor":4},{"not_picked":["Deflect","Terror"],"picked":"Escape Plan","floor":6},{"not_picked":["Well Laid Plans","Reflex"],"picked":"Backflip","floor":8},{"not_picked":["Flechettes","Heel Hook"],"picked":"PiercingWail","floor":10},{"not_picked":["Dodge and Roll","Outmaneuver"],"picked":"Acrobatics","floor":14},{"not_picked":["Malaise","Glass Knife"],"picked":"Night Terror","floor":16},{"not_picked":["Leg Sweep","Quick Slash"],"picked":"Setup","floor":18},{"not_picked":["Outmaneuver","Backstab"],"picked":"Acrobatics","floor":21},{"not_picked":["Grand Finale","Predator"],"picked":"Dash","floor":22},{"not_picked":["Sucker Punch","Storm of Steel"],"picked":"Poisoned Stab+1","floor":24}],"player_experience":2543617,"relics_obtained":[{"floor":6,"key":"War Paint"},{"floor":8,"key":"PreservedInsect"},{"floor":9,"key":"Eternal Feather"},{"floor":10,"key":"CeramicFish"},{"floor":11,"key":"Potion Belt"},{"floor":24,"key":"Pen Nib"},{"floor":26,"key":"Letter Opener"}],"event_choices":[{"cards_removed":["Regret"],"damage_healed":0,"gold_gain":0,"player_choice":"Card Removal","damage_taken":0,"max_hp_gain":0,"max_hp_loss":0,"event_name":"The Cleric","floor":2,"gold_loss":75},{"damage_healed":0,"gold_gain":0,"player_choice":"Trade","damage_taken":0,"relics_obtained":["SsserpentHead"],"max_hp_gain":0,"max_hp_loss":0,"event_name":"FaceTrader","floor":3,"gold_loss":0},{"damage_healed":0,"gold_gain":75,"player_choice":"Gather Gold","damage_taken":11,"max_hp_gain":0,"max_hp_loss":0,"event_name":"World of Goop","floor":5,"gold_loss":0},{"damage_healed":0,"gold_gain":0,"player_choice":"Grow","damage_taken":0,"max_hp_gain":0,"max_hp_loss":0,"event_name":"Living Wall","floor":12,"gold_loss":0,"cards_upgraded":["Glass Knife"]},{"damage_healed":0,"gold_gain":0,"player_choice":"Opened","damage_taken":0,"relics_obtained":["MawBank"],"max_hp_gain":0,"max_hp_loss":0,"event_name":"The Mausoleum","floor":20,"gold_loss":0,"cards_obtained":["Writhe"]},{"damage_healed":0,"gold_gain":0,"player_choice":"Fought Bandits","damage_taken":0,"max_hp_gain":0,"max_hp_loss":0,"event_name":"Masked Bandits","floor":27,"gold_loss":0}],"is_beta":false,"boss_relics":[{"not_picked":["Runic Pyramid","Busted Crown"],"picked":"Runic Dome"}],"items_purged_floors":[7,19],"is_endless":false,"potions_floor_spawned":[1,4,18,22,24],"killed_by":"Masked Bandits","ascension_level":20}