{"gold_per_floor":[119,119,84,0,0,26,45,45,69,94,94,128,139,139,139,139],"floor_reached":16,"playtime":2640,"items_purged":[],"score":232,"play_id":"72491184-8acf-46ed-b00e-3087e2b3a452","local_time":"20240711230819","is_ascension_mode":true,"campfire_choices":[{"floor":8,"key":"REST"},{"floor":11,"key":"REST"},{"data":"Wraith Form v2","floor":15,"key":"SMITH"}],"neow_cost":"PERCENT_DAMAGE","seed_source_timestamp":979070843653400,"circlet_count":0,"master_deck":["AscendersBane","Strike_G","Strike_G","Strike_G","Strike_G","Defend_G","Defend_G","Defend_G","Defend_G","Defend_G","Survivor","Neutralize","Venomology","Dagger Spray","All Out Attack","Backflip","PiercingWail","Outmaneuver","Wraith Form v2+1","Acrobatics"],"relics":["Ring of the Snake","Nunchaku","Pantograph","Tiny Chest","Regal Pillow","Question Card","Toy Ornithopter"],"potions_floor_usage":[6,7,10,10,10,12,16,16,16],"damage_taken":[{"damage":7,"enemies":"Cultist","floor":1,"turns":5},{"damage":25,"enemies":"3 Sentries","floor":6,"turns":7},{"damage":0,"enemies":"2 Louse","floor":7,"turns":2},{"damage":10,"enemies":"Gremlin Nob","floor":10,"turns":3},{"damage":24,"enemies":"3 Sentries","floor":12,"turns":7},{"damage":17,"enemies":"Jaw Worm","floor":13,"turns":8},{"damage":67,"enemies":"Hexaghost","floor":16,"turns":14}],"seed_played":"2931024031891755768","potions_obtained":[{"floor":6,"key":"GamblersBrew"},{"floor":10,"key":"Swift Potion"},{"floor":13,"key":"Dexterity Potion"}],"is_trial":false,"path_per_floor":["M","?","?","$","T","E","M","R","T","E","R","E","M","?","R","B"],"character_chosen":"THE_SILENT","items_purchased":["All Out Attack"],"campfire_rested":2,"item_purchase_floors":[4],"current_hp_per_floor":[37,32,48,48,48,23,23,42,42,32,66,42,25,25,25,0],"gold":139,"neow_bonus":"THREE_RARE_CARDS","is_prod":false,"is_daily":false,"chose_seed":false,"campfire_upgraded":1,"win_rate":0,"timestamp":1720732099,"path_taken":["M","?","?","?","?","E","M","R","T","E","R","E","?","?","R","BOSS"],"build_version":"2022-12-18","purchased_purges":0,"victory":false,"max_hp_per_floor":[66,66,66,66,66,66,66,66,66,66,66,66,66,66,66,66],"card_choices":[{"not_picked":["Night Terror","Burst"],"picked":"Venomology","floor":0},{"not_picked":["Deflect","Dagger Throw"],"picked":"Dagger Spray","floor":1},{"not_picked":["Finisher","Outmaneuver"],"picked":"Backflip","floor":6},{"not_picked":["Endless Agony","Flechettes"],"picked":"PiercingWail","floor":7},{"not_picked":["Flying Knee","Cloak And Dagger"],"picked":"Outmaneuver","floor":10},{"not_picked":["Noxious Fumes","Flying Knee","PiercingWail"],"picked":"Wraith Form v2","floor":12},{"not_picked":["Infinite Blades","PiercingWail","Deflect"],"picked":"Acrobatics","floor":13}],"player_experience":2535190,"relics_obtained":[{"floor":5,"key":"Pantograph"},{"floor":6,"key":"Tiny Chest"},{"floor":9,"key":"Regal Pillow"},{"floor":10,"key":"Question Card"},{"floor":12,"key":"Toy Ornithopter"}],"event_choices":[{"damage_healed":0,"gold_gain":0,"player_choice":"Success","damage_taken":5,"relics_obtained":["Nunchaku"],"max_hp_gain":0,"max_hp_loss":0,"event_name":"Scrap Ooze","floor":2,"gold_loss":0},{"damage_healed":16,"gold_gain":0,"player_choice":"Healed","damage_taken":0,"max_hp_gain":0,"max_hp_loss":0,"event_name":"The Cleric","floor":3,"gold_loss":35},{"cards_removed":["Strike_G"],"damage_healed":0,"gold_gain":0,"player_choice":"Purged","damage_taken":0,"max_hp_gain":0,"max_hp_loss":0,"event_name":"Purifier","floor":14,"gold_loss":0}],"is_beta":false,"boss_relics":[],"items_purged_floors":[],"is_endless":false,"potions_floor_spawned":[6,10,13],"killed_by":"Hexaghost","ascension_level":20}