{"gold_per_floor":[112,37,37,0,13,40,53,82,82,115,115,131,131,131,131,131],"floor_reached":16,"playtime":403,"items_purged":[],"score":236,"play_id":"dad6c4f5-caf2-44e3-84e9-1b2474882d38","local_time":"20240711220809","is_ascension_mode":true,"campfire_choices":[{"floor":11,"key":"REST"},{"data":"Catalyst","floor":13,"key":"SMITH"},{"data":"Neutralize","floor":15,"key":"SMITH"}],"neow_cost":"TEN_PERCENT_HP_LOSS","seed_source_timestamp":977697137382700,"circlet_count":0,"master_deck":["AscendersBane","Strike_G","Strike_G","Strike_G","Strike_G","Defend_G","Defend_G","Defend_G","Defend_G","Defend_G","Survivor","Neutralize+1","Corpse Explosion","Quick Slash","Deadly Poison","Reflex","Bane","Crippling Poison+1","Grand Finale+1","Catalyst+1"],"relics":["Ring of the Snake","Darkstone Periapt","Ornamental Fan","Letter Opener","Molten Egg 2"],"potions_floor_usage":[8,10],"damage_taken":[{"damage":3,"enemies":"Small Slimes","floor":1,"turns":4},{"damage":2,"enemies":"Jaw Worm","floor":5,"turns":5},{"damage":22,"enemies":"Lagavulin","floor":6,"turns":6},{"damage":1,"enemies":"2 Louse","floor":7,"turns":2},{"damage":7,"enemies":"3 Sentries","floor":8,"turns":2},{"damage":8,"enemies":"Lagavulin","floor":10,"turns":6},{"damage":15,"enemies":"Red Slaver","floor":12,"turns":4},{"damage":20,"enemies":"Hexaghost","floor":16,"turns":7}],"seed_played":"-1140398986619605676","potions_obtained":[{"floor":5,"key":"Weak Potion"},{"floor":6,"key":"CunningPotion"},{"floor":8,"key":"Explosive Potion"},{"floor":12,"key":"SteroidPotion"}],"is_trial":false,"path_per_floor":["M","?","$","?","M","E","M","E","T","E","R","M","R","?","R","B"],"character_chosen":"THE_SILENT","items_purchased":[],"campfire_rested":1,"item_purchase_floors":[],"current_hp_per_floor":[56,56,56,56,54,32,31,24,24,16,34,19,19,19,19,0],"gold":131,"neow_bonus":"THREE_RARE_CARDS","is_prod":false,"is_daily":false,"chose_seed":false,"campfire_upgraded":2,"win_rate":0,"timestamp":1720728489,"path_taken":["M","?","$","?","?","E","M","E","T","E","R","M","R","?","R","BOSS"],"build_version":"2022-12-18","purchased_purges":0,"victory":false,"max_hp_per_floor":[60,60,60,60,60,60,60,60,60,60,60,60,60,60,60,60],"card_choices":[{"not_picked":["Die Die Die","After Image"],"picked":"Corpse Explosion","floor":0},{"not_picked":["Outmaneuver","Prepared"],"picked":"Quick Slash","floor":1},{"not_picked":["Sucker Punch","Heel Hook"],"picked":"Deadly Poison","floor":5},{"not_picked":["Terror","Dodge and Roll"],"picked":"Reflex","floor":6},{"not_picked":["Quick Slash","Sucker Punch"],"picked":"Bane","floor":7},{"not_picked":["Backflip","Blur"],"picked":"Crippling Poison","floor":8},{"not_picked":["Heel Hook+1","Choke+1"],"picked":"Grand Finale+1","floor":10},{"not_picked":["Poisoned Stab+1","Bane+1"],"picked":"Catalyst","floor":12}],"player_experience":2533848,"relics_obtained":[{"floor":6,"key":"Darkstone Periapt"},{"floor":8,"key":"Ornamental Fan"},{"floor":9,"key":"Letter Opener"},{"floor":10,"key":"Molten Egg 2"}],"event_choices":[{"cards_removed":["Strike_G"],"damage_healed":0,"gold_gain":0,"player_choice":"Card Removal","damage_taken":0,"max_hp_gain":0,"max_hp_loss":0,"event_name":"The Cleric","floor":2,"gold_loss":75},{"damage_healed":0,"gold_gain":0,"player_choice":"Left Gold","damage_taken":0,"max_hp_gain":0,"max_hp_loss":0,"event_name":"World of Goop","floor":4,"gold_loss":37},{"damage_healed":0,"gold_gain":0,"player_choice":"Grow","damage_taken":0,"max_hp_gain":0,"max_hp_loss":0,"event_name":"Living Wall","floor":14,"gold_loss":0,"cards_upgraded":["Crippling Poison"]}],"is_beta":false,"boss_relics":[],"items_purged_floors":[],"is_endless":false,"potions_floor_spawned":[5,6,8,12],"killed_by":"Hexaghost","ascension_level":20}