{"gold_per_floor":[110,130,130,143,154,154,182,182,235,254,254,282,35,49,49,122,122,136,136,148,171,171,171,200,212,224,236],"floor_reached":27,"playtime":1341,"items_purged":["Defend_G"],"score":482,"play_id":"99f17531-311d-4df8-b7ee-a6b06df8418f","local_time":"20240716151821","is_ascension_mode":true,"campfire_choices":[{"data":"Die Die Die","floor":6,"key":"SMITH"},{"data":"Dash","floor":8,"key":"SMITH"},{"floor":11,"key":"REST"},{"data":"Well Laid Plans","floor":15,"key":"SMITH"},{"floor":23,"key":"REST"}],"neow_cost":"TEN_PERCENT_HP_LOSS","seed_source_timestamp":372240756101000,"circlet_count":0,"master_deck":["AscendersBane","Strike_G","Strike_G","Strike_G","Defend_G","Defend_G","Defend_G","Defend_G","Survivor","Neutralize","Die Die Die+1","Backflip","Well Laid Plans+1","Leg Sweep","Reflex","Flying Knee","Dash+1","Concentrate","Prepared","Venomology","Sucker Punch","Adrenaline","Outmaneuver","Backflip","RitualDagger","Heel Hook","Deflect","All Out Attack"],"relics":["Ring of the Serpent","Bottled Flame","Bag of Marbles","Juzu Bracelet","MealTicket","MawBank","Blue Candle"],"potions_floor_usage":[7,12,16,16,16,16,16,18,20,24,27],"damage_taken":[{"damage":5,"enemies":"2 Louse","floor":1,"turns":2},{"damage":0,"enemies":"Cultist","floor":2,"turns":4},{"damage":2,"enemies":"Jaw Worm","floor":4,"turns":6},{"damage":0,"enemies":"2 Fungi Beasts","floor":5,"turns":4},{"damage":20,"enemies":"Lagavulin","floor":7,"turns":9},{"damage":4,"enemies":"Large Slime","floor":10,"turns":8},{"damage":2,"enemies":"3 Sentries","floor":12,"turns":3},{"damage":0,"enemies":"3 Louse","floor":14,"turns":1},{"damage":32,"enemies":"The Guardian","floor":16,"turns":16},{"damage":11,"enemies":"Shell Parasite","floor":18,"turns":7},{"damage":10,"enemies":"Spheric Guardian","floor":20,"turns":4},{"damage":33,"enemies":"Slavers","floor":24,"turns":5},{"damage":12,"enemies":"Shelled Parasite and Fungi","floor":27,"turns":1}],"seed_played":"1170072423166787883","potions_obtained":[{"floor":4,"key":"DuplicationPotion"},{"floor":5,"key":"BlessingOfTheForge"},{"floor":10,"key":"EntropicBrew"},{"floor":14,"key":"Energy Potion"},{"floor":16,"key":"Strength Potion"},{"floor":24,"key":"Explosive Potion"}],"is_trial":false,"path_per_floor":["M","M","?","M","M","R","E","R","T","M","R","E","$","M","R","B",null,"M","?","M","T","?","R","E","?","T","M"],"character_chosen":"THE_SILENT","items_purchased":["Venomology"],"campfire_rested":2,"item_purchase_floors":[13],"current_hp_per_floor":[54,54,54,52,52,52,32,32,32,28,46,44,44,44,44,12,48,37,37,27,27,21,39,6,6,6,0],"gold":236,"neow_bonus":"THREE_RARE_CARDS","is_prod":false,"is_daily":false,"chose_seed":false,"campfire_upgraded":3,"win_rate":0,"timestamp":1721135901,"path_taken":["M","M","?","?","M","R","E","R","T","M","R","E","$","M","R","BOSS","M","?","M","?","?","R","E","?","T","M"],"build_version":"2022-12-18","purchased_purges":1,"victory":false,"max_hp_per_floor":[60,60,60,60,60,60,60,60,60,60,60,60,60,60,60,60,60,60,60,60,60,60,60,60,60,60,60],"card_choices":[{"not_picked":["Envenom","Tools of the Trade"],"picked":"Die Die Die","floor":0},{"not_picked":["Underhanded Strike","Riddle With Holes"],"picked":"Backflip","floor":1},{"not_picked":["Backflip","Escape Plan"],"picked":"Well Laid Plans","floor":2},{"not_picked":["Expertise","Backflip"],"picked":"Reflex","floor":4},{"not_picked":["Catalyst","Deadly Poison"],"picked":"Flying Knee","floor":5},{"not_picked":["Outmaneuver","Underhanded Strike"],"picked":"Dash","floor":7},{"not_picked":["Dagger Throw","Deflect"],"picked":"Concentrate","floor":10},{"not_picked":["Noxious Fumes","Dodge and Roll"],"picked":"Prepared","floor":12},{"not_picked":["Well Laid Plans","Prepared"],"picked":"Sucker Punch","floor":14},{"not_picked":["Doppelganger","Bullet Time"],"picked":"Adrenaline","floor":16},{"not_picked":["Riddle With Holes","Distraction"],"picked":"Outmaneuver","floor":18},{"not_picked":["Deadly Poison","Cloak And Dagger"],"picked":"Backflip","floor":20},{"not_picked":["Backflip","Masterful Stab"],"picked":"Heel Hook","floor":24}],"player_experience":2580464,"relics_obtained":[{"floor":7,"key":"Bottled Flame"},{"floor":9,"key":"Bag of Marbles"},{"floor":12,"key":"Juzu Bracelet"},{"floor":21,"key":"MealTicket"},{"floor":24,"key":"MawBank"},{"floor":26,"key":"Blue Candle"}],"event_choices":[{"damage_healed":0,"gold_gain":0,"player_choice":"1 cards matched","damage_taken":0,"max_hp_gain":0,"max_hp_loss":0,"event_name":"Match and Keep!","floor":3,"gold_loss":0,"cards_obtained":["Leg Sweep"]},{"damage_healed":0,"gold_gain":0,"player_choice":"Ignored","damage_taken":0,"max_hp_gain":0,"max_hp_loss":0,"event_name":"Ghosts","floor":19,"gold_loss":0},{"damage_healed":0,"gold_gain":0,"player_choice":"Joined the Cult","damage_taken":6,"max_hp_gain":0,"max_hp_loss":0,"event_name":"Nest","floor":22,"gold_loss":0,"cards_obtained":["RitualDagger"]},{"damage_healed":0,"gold_gain":0,"cards_transformed":["Strike_G","Strike_G"],"player_choice":"Became Test Subject","damage_taken":0,"max_hp_gain":0,"max_hp_loss":0,"event_name":"Drug Dealer","floor":25,"gold_loss":0,"cards_obtained":["Deflect","All Out Attack"]}],"is_beta":false,"boss_relics":[{"not_picked":["SacredBark","Sozu"],"picked":"Ring of the Serpent"}],"items_purged_floors":[13],"is_endless":false,"potions_floor_spawned":[4,5,10,14,16,24],"killed_by":"Shelled Parasite and Fungi","ascension_level":20}