{"gold_per_floor":[11,30,30,46,46,46,87,112,112,112,152,172,16,55,55,145,145,165,41,131,155,155,155,35,66,66,87,120,120,120,143,143,239,239,258,258,258,148,64,104,123,123,123,147,480,480,496,516,516,516,516],"floor_reached":51,"playtime":2263,"items_purged":[],"score":1491,"play_id":"da543d5e-ed29-41d9-b326-f6ff58864174","local_time":"20240716165440","is_ascension_mode":true,"campfire_choices":[{"data":"Poisoned Stab","floor":6,"key":"SMITH"},{"floor":10,"key":"REST"},{"floor":15,"key":"REST"},{"floor":23,"key":"REST"},{"floor":30,"key":"REST"},{"data":"Catalyst","floor":32,"key":"SMITH"},{"floor":42,"key":"REST"},{"floor":49,"key":"RECALL"}],"neow_cost":"NO_GOLD","seed_source_timestamp":377097010098000,"circlet_count":0,"master_deck":["AscendersBane","Survivor","Neutralize","Adrenaline","Poisoned Stab+1","Quick Slash","Noxious Fumes+1","Sucker Punch","Tactician","Catalyst+1","Dash","Bandage Up","Deadly Poison","Venomology","Heel Hook","Dagger Spray","Venomology+1","Malaise","Slice","Flying Knee","Distraction","Backflip","Footwork","Noxious Fumes","Cloak And Dagger","Dark Shackles","PanicButton","Reflex","Blur","Dodge and Roll","Corpse Explosion","Catalyst","Dark Shackles","Prepared","Well Laid Plans+1","Acrobatics+1"],"relics":["Ring of the Snake","Art of War","Regal Pillow","Singing Bowl","Sundial","Pandora\u0027s Box","MutagenicStrength","White Beast Statue","Letter Opener","MealTicket","SlaversCollar","CaptainsWheel"],"potions_floor_usage":[11,16,18,18,21,21,25,25,27,27,28,28,28,31,31,33,33,33,33,35,40,40,41,44,44,47,47,47,48,48,50,50,50,50,50,50,51],"damage_taken":[{"damage":0,"enemies":"Small Slimes","floor":1,"turns":4},{"damage":9,"enemies":"Jaw Worm","floor":2,"turns":6},{"damage":0,"enemies":"Cultist","floor":4,"turns":2},{"damage":26,"enemies":"Gremlin Nob","floor":7,"turns":4},{"damage":2,"enemies":"Large Slime","floor":8,"turns":5},{"damage":30,"enemies":"3 Sentries","floor":11,"turns":8},{"damage":7,"enemies":"3 Louse","floor":12,"turns":3},{"damage":9,"enemies":"Gremlin Nob","floor":14,"turns":3},{"damage":44,"enemies":"Slime Boss","floor":16,"turns":10},{"damage":13,"enemies":"Chosen","floor":18,"turns":5},{"damage":21,"enemies":"Shell Parasite","floor":21,"turns":4},{"damage":54,"enemies":"Gremlin Leader","floor":25,"turns":8},{"damage":0,"enemies":"3 Cultists","floor":27,"turns":3},{"damage":5,"enemies":"Slavers","floor":28,"turns":3},{"damage":15,"enemies":"Centurion and Healer","floor":31,"turns":9},{"damage":57,"enemies":"Collector","floor":33,"turns":7},{"damage":0,"enemies":"3 Shapes","floor":35,"turns":3},{"damage":55,"enemies":"Reptomancer","floor":40,"turns":6},{"damage":0,"enemies":"Orb Walker","floor":41,"turns":3},{"damage":0,"enemies":"Writhing Mass","floor":44,"turns":4},{"damage":41,"enemies":"Maw","floor":47,"turns":6},{"damage":31,"enemies":"Spire Growth","floor":48,"turns":6},{"damage":47,"enemies":"Donu and Deca","floor":50,"turns":11},{"damage":6,"enemies":"Awakened One","floor":51,"turns":2}],"seed_played":"-927690288371677131","potions_obtained":[{"floor":7,"key":"Fruit Juice"},{"floor":12,"key":"SteroidPotion"},{"floor":16,"key":"Fruit Juice"},{"floor":18,"key":"Energy Potion"},{"floor":27,"key":"DistilledChaos"},{"floor":28,"key":"Regen Potion"},{"floor":31,"key":"PowerPotion"},{"floor":33,"key":"LiquidBronze"},{"floor":41,"key":"ColorlessPotion"},{"floor":44,"key":"Strength Potion"},{"floor":47,"key":"Ancient Potion"},{"floor":48,"key":"FearPotion"}],"is_trial":false,"path_per_floor":["M","M","?","M","?","R","E","M","T","R","E","M","$","E","R","B",null,"M","$","?","M","?","R","$","E","T","M","E","?","R","M","R","B",null,"M","?","?","?","$","E","M","R","T","M","?","?","M","M","R","B","B"],"character_chosen":"THE_SILENT","items_purchased":["Bandage Up","Deadly Poison","Cloak And Dagger","Dark Shackles","Reflex","Blur","Die Die Die"],"campfire_rested":5,"item_purchase_floors":[13,13,19,19,24,24,39],"current_hp_per_floor":[59,50,50,50,50,50,24,22,22,55,30,23,23,20,55,15,54,50,50,32,17,17,54,54,6,6,10,11,11,49,55,55,17,64,68,68,68,68,80,25,25,64,64,70,70,90,55,30,30,2,0],"gold":516,"neow_bonus":"THREE_RARE_CARDS","is_prod":false,"is_daily":false,"chose_seed":false,"campfire_upgraded":2,"win_rate":0,"timestamp":1721141680,"path_taken":["M","M","?","M","?","R","E","M","T","R","E","M","$","E","R","BOSS","M","$","?","?","?","R","$","E","T","M","E","?","R","M","R","BOSS","M","?","?","?","$","E","M","R","T","?","?","?","M","?","R","BOSS","BOSS"],"build_version":"2022-12-18","purchased_purges":0,"victory":false,"max_hp_per_floor":[66,66,60,60,60,60,60,60,60,60,65,65,65,67,67,67,67,72,72,72,74,74,74,74,76,76,76,78,78,78,80,80,80,80,80,80,80,80,80,80,80,80,80,80,80,90,92,94,94,94,94],"card_choices":[{"not_picked":["Grand Finale","After Image"],"picked":"Adrenaline","floor":0},{"not_picked":["Quick Slash","Sucker Punch"],"picked":"Poisoned Stab","floor":1},{"not_picked":["Caltrops","Predator"],"picked":"Quick Slash","floor":2},{"not_picked":["Setup","PiercingWail"],"picked":"Noxious Fumes","floor":4},{"not_picked":["Slice","Cloak And Dagger"],"picked":"Sucker Punch","floor":7},{"not_picked":["Dagger Throw","Finisher"],"picked":"Tactician","floor":8},{"not_picked":["Dagger Throw","Calculated Gamble"],"picked":"Catalyst","floor":11},{"not_picked":["Dagger Spray","Bane"],"picked":"Dash","floor":12},{"not_picked":["Tactician","Concentrate","Distraction"],"picked":"Singing Bowl","floor":14},{"not_picked":["Malaise","Wraith Form v2"],"picked":"Venomology","floor":16},{"not_picked":["Backflip","Slice"],"picked":"Noxious Fumes","floor":18},{"not_picked":["Slice","Expertise","Flying Knee"],"picked":"Singing Bowl","floor":21},{"not_picked":["Blur","Storm of Steel","Well Laid Plans"],"picked":"Singing Bowl","floor":25},{"not_picked":["Infinite Blades","Blade Dance"],"picked":"Dodge and Roll","floor":27},{"not_picked":["Bouncing Flask","Skewer+1","Dagger Throw"],"picked":"Singing Bowl","floor":28},{"not_picked":["Footwork","Backflip","Deadly Poison"],"picked":"Singing Bowl","floor":31},{"not_picked":["Unload","Doppelganger"],"picked":"Corpse Explosion","floor":33},{"not_picked":["Quick Slash","Sucker Punch"],"picked":"Catalyst","floor":35},{"not_picked":["Blind","PanicButton"],"picked":"Dark Shackles","floor":36},{"not_picked":["Flying Knee","Outmaneuver"],"picked":"Prepared","floor":40},{"not_picked":["Masterful Stab","Blade Dance"],"picked":"Well Laid Plans+1","floor":41},{"not_picked":["Quick Slash","Footwork"],"picked":"Acrobatics+1","floor":44},{"not_picked":["Outmaneuver","Flying Knee","Underhanded Strike"],"picked":"Singing Bowl","floor":47},{"not_picked":["Tactician","Acrobatics+1","Backflip+1"],"picked":"Singing Bowl","floor":48}],"player_experience":2585209,"relics_obtained":[{"floor":7,"key":"Art of War"},{"floor":9,"key":"Regal Pillow"},{"floor":11,"key":"Singing Bowl"},{"floor":14,"key":"Sundial"},{"floor":25,"key":"White Beast Statue"},{"floor":26,"key":"Letter Opener"},{"floor":28,"key":"MealTicket"},{"floor":40,"key":"CaptainsWheel"}],"event_choices":[{"damage_healed":0,"gold_gain":0,"player_choice":"Lose Max HP","damage_taken":0,"relics_obtained":["Golden Idol"],"max_hp_gain":0,"max_hp_loss":6,"event_name":"Golden Idol","floor":3,"gold_loss":0},{"damage_healed":0,"gold_gain":0,"player_choice":"Grow","damage_taken":0,"max_hp_gain":0,"max_hp_loss":0,"event_name":"Living Wall","floor":5,"gold_loss":0,"cards_upgraded":["Noxious Fumes"]},{"damage_healed":0,"gold_gain":90,"player_choice":"GOLD CARD ","damage_taken":18,"max_hp_gain":0,"max_hp_loss":0,"event_name":"Knowing Skull","floor":20,"potions_obtained":[],"gold_loss":0,"cards_obtained":["PanicButton"]},{"damage_healed":0,"gold_gain":0,"player_choice":"Inject Mutagens","damage_taken":0,"relics_obtained":["MutagenicStrength"],"max_hp_gain":0,"max_hp_loss":0,"event_name":"Drug Dealer","floor":22,"gold_loss":0},{"damage_healed":0,"gold_gain":0,"player_choice":"Ignored","damage_taken":0,"max_hp_gain":0,"max_hp_loss":0,"event_name":"Cursed Tome","floor":29,"gold_loss":0},{"damage_healed":0,"gold_gain":0,"player_choice":"Memory 1","damage_taken":0,"max_hp_gain":0,"max_hp_loss":0,"event_name":"SensoryStone","floor":36,"gold_loss":0},{"damage_healed":0,"gold_gain":0,"player_choice":"Ignored","damage_taken":0,"max_hp_gain":0,"max_hp_loss":0,"event_name":"Tomb of Lord Red Mask","floor":37,"gold_loss":0},{"cards_removed":["Skewer"],"damage_healed":0,"gold_gain":0,"player_choice":"Upgrade and Remove","damage_taken":0,"max_hp_gain":0,"max_hp_loss":0,"event_name":"Designer","floor":38,"gold_loss":110,"cards_upgraded":["Venomology"]},{"damage_healed":0,"gold_gain":333,"player_choice":"Gave Idol","damage_taken":0,"max_hp_gain":0,"max_hp_loss":0,"event_name":"The Moai Head","floor":45,"relics_lost":["Golden Idol"],"gold_loss":0},{"cards_removed":["Die Die Die"],"damage_healed":10,"gold_gain":0,"player_choice":"Offered Rare","damage_taken":0,"max_hp_gain":10,"max_hp_loss":0,"event_name":"Bonfire Elementals","floor":46,"gold_loss":0}],"is_beta":false,"boss_relics":[{"not_picked":["Snecko Eye","Empty Cage"],"picked":"Pandora\u0027s Box"},{"not_picked":["HoveringKite","Coffee Dripper"],"picked":"SlaversCollar"}],"items_purged_floors":[],"is_endless":false,"potions_floor_spawned":[7,12,16,18,27,28,31,33,35,40,41,44,47,48],"killed_by":"Awakened One","ascension_level":20}