{"gold_per_floor":[114,114,128,146,67,67,99,99,99,116,149,164,189,24,24,101,101,77,88,105,124,124],"floor_reached":22,"playtime":1124,"items_purged":[],"score":416,"play_id":"9b63f3f9-977f-4448-9c2f-4f7f41e12d75","local_time":"20240716155354","is_ascension_mode":true,"campfire_choices":[{"data":"Quick Slash","floor":6,"key":"SMITH"},{"data":"1","floor":8,"key":"LIFT"},{"floor":15,"key":"REST"}],"neow_cost":"PERCENT_DAMAGE","seed_source_timestamp":374590599310600,"circlet_count":0,"master_deck":["AscendersBane","Survivor","Neutralize","Dagger Throw","Quick Slash+1","After Image","Blade Dance","Deflect","Wraith Form v2","Cloak And Dagger","Cloak And Dagger","After Image","Infinite Blades","After Image","Concentrate","Outmaneuver","Caltrops","Outmaneuver","PiercingWail","Malaise","Adrenaline","Tactician","Concentrate","Poisoned Stab","Blade Dance","Accuracy","Blade Dance"],"relics":["Ring of the Snake","Calipers","Girya","Pocketwatch","Pen Nib","Matryoshka","Sling","Pandora\u0027s Box"],"potions_floor_usage":[13,20,22],"damage_taken":[{"damage":2,"enemies":"Jaw Worm","floor":1,"turns":5},{"damage":0,"enemies":"Cultist","floor":3,"turns":3},{"damage":4,"enemies":"Small Slimes","floor":4,"turns":3},{"damage":17,"enemies":"3 Sentries","floor":7,"turns":9},{"damage":0,"enemies":"Looter","floor":10,"turns":3},{"damage":22,"enemies":"Lagavulin","floor":11,"turns":9},{"damage":2,"enemies":"Exordium Wildlife","floor":12,"turns":4},{"damage":10,"enemies":"3 Sentries","floor":13,"turns":7},{"damage":19,"enemies":"Slime Boss","floor":16,"turns":9},{"damage":0,"enemies":"2 Thieves","floor":18,"turns":4},{"damage":13,"enemies":"Spheric Guardian","floor":19,"turns":6},{"damage":30,"enemies":"Cultist and Chosen","floor":20,"turns":11},{"damage":7,"enemies":"Snake Plant","floor":21,"turns":6},{"damage":4,"enemies":"Snecko","floor":22,"turns":3}],"seed_played":"-1575474506047373127","potions_obtained":[{"floor":4,"key":"Poison Potion"},{"floor":7,"key":"Ancient Potion"},{"floor":10,"key":"FairyPotion"},{"floor":12,"key":"BlessingOfTheForge"},{"floor":18,"key":"FearPotion"}],"is_trial":false,"path_per_floor":["M","?","M","M","$","R","E","R","T","M","E","M","E","$","R","B",null,"M","M","M","M","M"],"character_chosen":"THE_SILENT","items_purchased":["Blade Dance","Deflect","Sling"],"campfire_rested":1,"item_purchase_floors":[5,5,14],"current_hp_per_floor":[42,42,42,38,38,38,21,21,21,21,19,17,7,7,26,7,51,51,38,8,1,0],"gold":124,"neow_bonus":"ONE_RARE_RELIC","is_prod":false,"is_daily":false,"chose_seed":false,"campfire_upgraded":1,"win_rate":0,"timestamp":1721138034,"path_taken":["M","?","?","M","$","R","E","R","T","M","E","M","E","$","R","BOSS","M","M","M","M","M"],"build_version":"2022-12-18","purchased_purges":0,"victory":false,"max_hp_per_floor":[66,66,66,66,66,66,66,66,66,66,66,66,66,66,66,66,66,66,66,66,66,66],"card_choices":[{"not_picked":["Noxious Fumes","Dodge and Roll"],"picked":"Dagger Throw","floor":1},{"not_picked":["Deflect","PiercingWail"],"picked":"Quick Slash","floor":3},{"not_picked":["Bane","Calculated Gamble"],"picked":"After Image","floor":4},{"not_picked":["Dagger Spray","Concentrate"],"picked":"Wraith Form v2","floor":7},{"not_picked":["Finisher","Tactician"],"picked":"Cloak And Dagger","floor":10},{"not_picked":["Reflex","Dagger Spray"],"picked":"Cloak And Dagger","floor":11},{"not_picked":["Predator","Dagger Spray"],"picked":"After Image","floor":12},{"not_picked":["Prepared","Deadly Poison"],"picked":"Infinite Blades","floor":13},{"not_picked":["A Thousand Cuts","Unload"],"picked":"After Image","floor":16},{"not_picked":["Sucker Punch","Bane+1"],"picked":"Poisoned Stab","floor":18},{"not_picked":["Concentrate","Crippling Poison"],"picked":"Blade Dance","floor":19},{"not_picked":["Masterful Stab+1","PiercingWail"],"picked":"Accuracy","floor":20},{"not_picked":["Underhanded Strike+1","Deadly Poison"],"picked":"Blade Dance","floor":21}],"player_experience":2582739,"relics_obtained":[{"floor":7,"key":"Girya"},{"floor":9,"key":"Pocketwatch"},{"floor":11,"key":"Pen Nib"},{"floor":13,"key":"Matryoshka"}],"event_choices":[{"cards_removed":["Defend_G"],"damage_healed":0,"gold_gain":0,"player_choice":"Offered Basic","damage_taken":0,"max_hp_gain":0,"max_hp_loss":0,"event_name":"Bonfire Elementals","floor":2,"gold_loss":0}],"is_beta":false,"boss_relics":[{"not_picked":["Runic Dome","Ectoplasm"],"picked":"Pandora\u0027s Box"}],"items_purged_floors":[],"is_endless":false,"potions_floor_spawned":[4,7,10,12,18,19],"killed_by":"Snecko","ascension_level":20}