{"gold_per_floor":[118,193,193,212,226,226,48,81,81,81,112,125,17,51,51,141,141,160,180,199,224,239,239,282,282,282,46,46,61,61],"floor_reached":30,"playtime":1202,"items_purged":["Strike_G"],"score":590,"play_id":"0b96bd1f-382f-4f51-8e05-4b855e15fa05","local_time":"20240716112632","is_ascension_mode":true,"campfire_choices":[{"data":"Sucker Punch","floor":6,"key":"SMITH"},{"data":"Apotheosis","floor":10,"key":"SMITH"},{"floor":15,"key":"REST"},{"floor":23,"key":"REST"},{"floor":25,"key":"REST"}],"neow_cost":"NONE","seed_source_timestamp":358471264470300,"circlet_count":0,"master_deck":["AscendersBane","Strike_G","Strike_G","Strike_G","Defend_G","Defend_G","Defend_G","Defend_G","Defend_G","Survivor","Neutralize","Dagger Throw","Sucker Punch+1","All Out Attack","Apotheosis+1","Wraith Form v2","Deadly Poison","Caltrops","Panacea","Corpse Explosion","Footwork","Phantasmal Killer","Calculated Gamble"],"relics":["Ring of the Snake","NeowsBlessing","Golden Idol","InkBottle","Bag of Preparation","Potion Belt","Black Star","Vajra","Ice Cream","HornCleat","Medical Kit"],"potions_floor_usage":[8,14,14,14,19,24,24,24],"damage_taken":[{"damage":0,"enemies":"2 Louse","floor":1,"turns":1},{"damage":0,"enemies":"Jaw Worm","floor":4,"turns":1},{"damage":0,"enemies":"Cultist","floor":5,"turns":1},{"damage":10,"enemies":"3 Sentries","floor":8,"turns":7},{"damage":10,"enemies":"Lagavulin","floor":11,"turns":8},{"damage":0,"enemies":"Lots of Slimes","floor":12,"turns":1},{"damage":12,"enemies":"3 Sentries","floor":14,"turns":6},{"damage":31,"enemies":"The Guardian","floor":16,"turns":10},{"damage":5,"enemies":"Spheric Guardian","floor":18,"turns":6},{"damage":14,"enemies":"2 Thieves","floor":19,"turns":2},{"damage":3,"enemies":"Snake Plant","floor":20,"turns":5},{"damage":7,"enemies":"Cultist and Chosen","floor":21,"turns":6},{"damage":4,"enemies":"Snecko","floor":22,"turns":7},{"damage":39,"enemies":"Gremlin Leader","floor":24,"turns":7},{"damage":4,"enemies":"Snake Plant","floor":29,"turns":4},{"damage":40,"enemies":"Slavers","floor":30,"turns":3}],"seed_played":"1313722171273329861","potions_obtained":[{"floor":1,"key":"AttackPotion"},{"floor":4,"key":"SkillPotion"},{"floor":11,"key":"EntropicBrew"},{"floor":16,"key":"AttackPotion"},{"floor":18,"key":"FairyPotion"},{"floor":21,"key":"Swift Potion"},{"floor":22,"key":"EssenceOfSteel"}],"is_trial":false,"path_per_floor":["M","?","?","M","M","R","$","E","T","R","E","M","$","E","R","B",null,"M","M","M","M","M","R","E","R","T","$","?","M","E"],"character_chosen":"THE_SILENT","items_purchased":["Apotheosis","Panacea","Medical Kit"],"campfire_rested":3,"item_purchase_floors":[7,13,27],"current_hp_per_floor":[59,48,48,48,48,48,48,38,38,38,28,28,28,16,34,3,46,41,27,24,17,13,31,13,31,31,31,31,27,0],"gold":61,"neow_bonus":"THREE_ENEMY_KILL","is_prod":false,"is_daily":false,"chose_seed":false,"campfire_upgraded":2,"win_rate":0,"timestamp":1721121992,"path_taken":["M","?","?","?","?","R","$","E","T","R","E","M","?","E","R","BOSS","M","?","?","M","M","R","E","R","T","$","?","M","E"],"build_version":"2022-12-18","purchased_purges":1,"victory":false,"max_hp_per_floor":[66,66,60,60,60,60,60,60,60,60,60,60,60,60,60,60,60,60,60,60,60,60,60,60,60,60,60,60,60,60],"card_choices":[{"not_picked":["Masterful Stab","Concentrate"],"picked":"Dagger Throw","floor":1},{"not_picked":["Dodge and Roll","Dagger Throw"],"picked":"Sucker Punch","floor":4},{"not_picked":["Cloak And Dagger","Well Laid Plans"],"picked":"All Out Attack","floor":5},{"not_picked":["Setup","Deadly Poison"],"picked":"Wraith Form v2","floor":8},{"not_picked":["Bane","Flying Knee"],"picked":"Deadly Poison","floor":11},{"not_picked":["Escape Plan","Blade Dance"],"picked":"Caltrops","floor":12},{"not_picked":["Slice","Dagger Throw","Eviscerate"],"picked":"SKIP","floor":14},{"not_picked":["Grand Finale","Phantasmal Killer"],"picked":"Corpse Explosion","floor":16},{"not_picked":["Infinite Blades","Eviscerate+1","Dodge and Roll"],"picked":"SKIP","floor":18},{"not_picked":["Masterful Stab","Acrobatics","PiercingWail"],"picked":"SKIP","floor":19},{"not_picked":["Bane","Blade Dance"],"picked":"Footwork","floor":20},{"not_picked":["Backflip","Cloak And Dagger"],"picked":"Phantasmal Killer","floor":21},{"not_picked":["Outmaneuver","Underhanded Strike"],"picked":"Calculated Gamble","floor":22},{"not_picked":["Expertise","Quick Slash","Riddle With Holes"],"picked":"SKIP","floor":24},{"not_picked":["Dodge and Roll","Skewer","PiercingWail"],"picked":"SKIP","floor":29}],"player_experience":2572226,"relics_obtained":[{"floor":8,"key":"InkBottle"},{"floor":11,"key":"Bag of Preparation"},{"floor":14,"key":"Potion Belt"},{"floor":24,"key":"Vajra"},{"floor":24,"key":"Ice Cream"},{"floor":26,"key":"HornCleat"}],"event_choices":[{"damage_healed":0,"gold_gain":75,"player_choice":"Gather Gold","damage_taken":11,"max_hp_gain":0,"max_hp_loss":0,"event_name":"World of Goop","floor":2,"gold_loss":0},{"damage_healed":0,"gold_gain":0,"player_choice":"Lose Max HP","damage_taken":0,"relics_obtained":["Golden Idol"],"max_hp_gain":0,"max_hp_loss":6,"event_name":"Golden Idol","floor":3,"gold_loss":0},{"cards_removed":["Strike_G"],"damage_healed":0,"gold_gain":0,"player_choice":"Offered Basic","damage_taken":0,"max_hp_gain":0,"max_hp_loss":0,"event_name":"Bonfire Elementals","floor":28,"gold_loss":0}],"is_beta":false,"boss_relics":[{"not_picked":["Cursed Key","WristBlade"],"picked":"Black Star"}],"items_purged_floors":[27],"is_endless":false,"potions_floor_spawned":[1,4,11,16,18,21,22],"killed_by":"Slavers","ascension_level":20}