{"gold_per_floor":[111,131,131,149,149,189,189,189,216,117,130,30,73,73,73,73],"floor_reached":16,"playtime":394,"items_purged":["Strike_G","Strike_G"],"score":216,"play_id":"fb1d980d-6a58-4a43-aa51-f3e39043e3f8","local_time":"20240716110115","is_ascension_mode":true,"campfire_choices":[{"floor":8,"key":"REST"},{"floor":15,"key":"REST"}],"neow_cost":"NONE","seed_source_timestamp":357761700433100,"circlet_count":0,"master_deck":["AscendersBane","Strike_G","Strike_G","Strike_G","Defend_G+1","Defend_G","Defend_G","Defend_G+1","Survivor","Neutralize","Deadly Poison+1","Poisoned Stab","Tactician","Corpse Explosion","Prepared","Acrobatics","Poisoned Stab"],"relics":["Ring of the Snake","NeowsBlessing","Golden Idol","Bag of Preparation","Vajra","Pear"],"potions_floor_usage":[13],"damage_taken":[{"damage":0,"enemies":"2 Louse","floor":1,"turns":1},{"damage":0,"enemies":"Jaw Worm","floor":2,"turns":1},{"damage":0,"enemies":"Small Slimes","floor":4,"turns":1},{"damage":35,"enemies":"3 Sentries","floor":6,"turns":12},{"damage":2,"enemies":"Gremlin Gang","floor":11,"turns":2},{"damage":17,"enemies":"Lagavulin","floor":13,"turns":5},{"damage":30,"enemies":"Slime Boss","floor":16,"turns":5}],"seed_played":"3287173321793757612","potions_obtained":[{"floor":6,"key":"Poison Potion"},{"floor":13,"key":"Poison Potion"}],"is_trial":false,"path_per_floor":["M","M","?","M","?","E","?","R","T","$","M","$","E","?","R","B"],"character_chosen":"THE_SILENT","items_purchased":["Prepared"],"campfire_rested":2,"item_purchase_floors":[10],"current_hp_per_floor":[59,59,39,39,39,4,4,22,22,22,20,20,13,6,27,0],"gold":73,"neow_bonus":"THREE_ENEMY_KILL","is_prod":false,"is_daily":false,"chose_seed":false,"campfire_upgraded":0,"win_rate":0,"timestamp":1721120475,"path_taken":["M","M","?","M","?","E","?","R","T","$","?","?","E","?","R","BOSS"],"build_version":"2022-12-18","purchased_purges":2,"victory":false,"max_hp_per_floor":[66,66,66,66,60,60,60,60,60,60,60,60,70,70,70,70],"card_choices":[{"not_picked":["Sucker Punch","Concentrate"],"picked":"Deadly Poison","floor":1},{"not_picked":["Underhanded Strike","Outmaneuver"],"picked":"Poisoned Stab","floor":2},{"not_picked":["PiercingWail","Dash"],"picked":"Tactician","floor":4},{"not_picked":["Crippling Poison","Bouncing Flask"],"picked":"Corpse Explosion","floor":6},{"not_picked":["Distraction","Dodge and Roll"],"picked":"Acrobatics","floor":11},{"not_picked":["Dagger Throw","Backflip"],"picked":"Poisoned Stab","floor":13}],"player_experience":2571539,"relics_obtained":[{"floor":6,"key":"Bag of Preparation"},{"floor":9,"key":"Vajra"},{"floor":13,"key":"Pear"}],"event_choices":[{"damage_healed":0,"gold_gain":0,"player_choice":"Entered Light","damage_taken":20,"max_hp_gain":0,"max_hp_loss":0,"event_name":"Shining Light","floor":3,"gold_loss":0,"cards_upgraded":["Defend_G","Defend_G"]},{"damage_healed":0,"gold_gain":0,"player_choice":"Lose Max HP","damage_taken":0,"relics_obtained":["Golden Idol"],"max_hp_gain":0,"max_hp_loss":6,"event_name":"Golden Idol","floor":5,"gold_loss":0},{"damage_healed":0,"gold_gain":0,"player_choice":"Upgraded","damage_taken":0,"max_hp_gain":0,"max_hp_loss":0,"event_name":"Upgrade Shrine","floor":7,"gold_loss":0,"cards_upgraded":["Deadly Poison"]},{"cards_removed":["Defend_G"],"damage_healed":0,"gold_gain":0,"player_choice":"Card Removal","damage_taken":7,"max_hp_gain":0,"max_hp_loss":0,"event_name":"Golden Wing","floor":14,"gold_loss":0}],"is_beta":false,"boss_relics":[],"items_purged_floors":[10,12],"is_endless":false,"potions_floor_spawned":[6,13],"killed_by":"Slime Boss","ascension_level":20}