{"gold_per_floor":[119,7,157,157,170,203,203,218,218,218,218,252,252,268,268,345,345,362,362,362,84,102,114,4,34,57,57,76,76,76],"floor_reached":30,"playtime":1058,"items_purged":["Strike_G"],"score":612,"play_id":"75ab96c9-a030-4af2-8f8a-21b6c1147423","local_time":"20240716161644","is_ascension_mode":true,"campfire_choices":[{"data":"Storm of Steel","floor":7,"key":"SMITH"},{"data":"Crippling Poison","floor":10,"key":"SMITH"},{"data":"Calculated Gamble","floor":15,"key":"SMITH"},{"data":"RitualDagger","floor":27,"key":"SMITH"},{"data":"Acrobatics","floor":29,"key":"SMITH"}],"neow_cost":"NONE","seed_source_timestamp":376026872926200,"circlet_count":0,"master_deck":["AscendersBane","Strike_G+1","Strike_G+1","Defend_G+1","Defend_G","Defend_G+1","Survivor+1","Neutralize","Poisoned Stab","Crippling Poison+1","Sucker Punch","Storm of Steel+1","Calculated Gamble+1","Acrobatics+1","Backflip","Phantasmal Killer","Burst+1","Prepared+1","Backstab+1","RitualDagger+1","Underhanded Strike","Terror","Tactician"],"relics":["Ring of the Snake","NeowsBlessing","Singing Bowl","InkBottle","Astrolabe","Meat on the Bone","War Paint","Omamori"],"potions_floor_usage":[12,16,25,28,28,30],"damage_taken":[{"damage":0,"enemies":"Cultist","floor":1,"turns":1},{"damage":0,"enemies":"Small Slimes","floor":5,"turns":1},{"damage":0,"enemies":"Gremlin Nob","floor":6,"turns":1},{"damage":0,"enemies":"Jaw Worm","floor":8,"turns":4},{"damage":17,"enemies":"Lagavulin","floor":12,"turns":7},{"damage":11,"enemies":"3 Louse","floor":14,"turns":3},{"damage":9,"enemies":"The Guardian","floor":16,"turns":17},{"damage":1,"enemies":"3 Byrds","floor":18,"turns":4},{"damage":7,"enemies":"Chosen","floor":22,"turns":4},{"damage":20,"enemies":"Snecko","floor":23,"turns":4},{"damage":0,"enemies":"Gremlin Leader","floor":25,"turns":3},{"damage":21,"enemies":"Snake Plant","floor":28,"turns":3},{"damage":39,"enemies":"Slavers","floor":30,"turns":6}],"seed_played":"-5266341264207118424","potions_obtained":[{"floor":6,"key":"AttackPotion"},{"floor":14,"key":"BlessingOfTheForge"},{"floor":16,"key":"Strength Potion"},{"floor":22,"key":"LiquidBronze"},{"floor":25,"key":"LiquidMemories"},{"floor":28,"key":"Block Potion"}],"is_trial":false,"path_per_floor":["M","$","?","?","M","E","R","M","T","R","?","E","?","M","R","B",null,"M","?","?","$","M","M","?","E","T","R","M","R","E"],"character_chosen":"THE_SILENT","items_purchased":["Crippling Poison","Meat on the Bone"],"campfire_rested":0,"item_purchase_floors":[2,21],"current_hp_per_floor":[59,59,59,66,66,66,66,66,66,66,66,49,29,18,18,9,52,53,47,47,47,42,36,36,48,48,48,39,39,0],"gold":76,"neow_bonus":"THREE_ENEMY_KILL","is_prod":false,"is_daily":false,"chose_seed":false,"campfire_upgraded":5,"win_rate":0,"timestamp":1721139404,"path_taken":["M","$","?","?","?","E","R","?","T","R","?","E","?","M","R","BOSS","M","?","?","?","?","?","?","E","T","R","M","R","E"],"build_version":"2022-12-18","purchased_purges":1,"victory":false,"max_hp_per_floor":[66,66,66,66,66,66,66,66,66,66,66,66,66,66,66,66,66,68,68,68,68,70,72,72,72,72,72,72,72,72],"card_choices":[{"not_picked":["Dagger Spray","Eviscerate"],"picked":"Poisoned Stab","floor":1},{"not_picked":["PiercingWail","Cloak And Dagger"],"picked":"Sucker Punch","floor":5},{"not_picked":["Poisoned Stab","Dodge and Roll"],"picked":"Storm of Steel","floor":6},{"not_picked":["Leg Sweep","Sucker Punch"],"picked":"Calculated Gamble","floor":8},{"not_picked":["Caltrops","PiercingWail"],"picked":"Acrobatics","floor":12},{"not_picked":["Flying Knee","Acrobatics"],"picked":"Backflip","floor":14},{"not_picked":["Night Terror","Die Die Die"],"picked":"Phantasmal Killer","floor":16},{"not_picked":["Dagger Throw","Sucker Punch","Blade Dance"],"picked":"Singing Bowl","floor":18},{"not_picked":["Riddle With Holes","Deflect","Sucker Punch+1"],"picked":"Singing Bowl","floor":22},{"not_picked":["Flying Knee","Sucker Punch","Bouncing Flask"],"picked":"Singing Bowl","floor":23},{"not_picked":["Sucker Punch","Predator"],"picked":"Terror","floor":25},{"not_picked":["Escape Plan","PiercingWail"],"picked":"Tactician","floor":28}],"player_experience":2584151,"relics_obtained":[{"floor":6,"key":"Singing Bowl"},{"floor":12,"key":"InkBottle"},{"floor":25,"key":"War Paint"},{"floor":26,"key":"Omamori"}],"event_choices":[{"damage_healed":0,"gold_gain":150,"player_choice":"AGREE","damage_taken":0,"max_hp_gain":0,"max_hp_loss":0,"event_name":"Liars Game","floor":3,"gold_loss":0,"cards_obtained":["Doubt"]},{"damage_healed":7,"gold_gain":0,"player_choice":"Full Heal","damage_taken":0,"max_hp_gain":0,"max_hp_loss":0,"event_name":"Wheel of Change","floor":4,"gold_loss":0},{"cards_removed":["Doubt"],"damage_healed":0,"gold_gain":0,"player_choice":"Forget","damage_taken":0,"max_hp_gain":0,"max_hp_loss":0,"event_name":"Living Wall","floor":11,"gold_loss":0},{"damage_healed":0,"gold_gain":0,"player_choice":"Entered Light","damage_taken":20,"max_hp_gain":0,"max_hp_loss":0,"event_name":"Shining Light","floor":13,"gold_loss":0,"cards_upgraded":["Strike_G","Strike_G"]},{"damage_healed":0,"gold_gain":0,"player_choice":"Joined the Cult","damage_taken":6,"max_hp_gain":0,"max_hp_loss":0,"event_name":"Nest","floor":19,"gold_loss":0,"cards_obtained":["RitualDagger"]},{"damage_healed":0,"gold_gain":0,"player_choice":"Read","damage_taken":0,"max_hp_gain":0,"max_hp_loss":0,"event_name":"The Library","floor":20,"gold_loss":0,"cards_obtained":["Underhanded Strike"]},{"cards_removed":["Defend_G"],"damage_healed":0,"gold_gain":0,"player_choice":"Upgrade and Remove","damage_taken":0,"max_hp_gain":0,"max_hp_loss":0,"event_name":"Designer","floor":24,"gold_loss":110,"cards_upgraded":["Survivor"]}],"is_beta":false,"boss_relics":[{"not_picked":["Snecko Eye","Cursed Key"],"picked":"Astrolabe"}],"items_purged_floors":[2],"is_endless":false,"potions_floor_spawned":[6,14,16,22,25,28],"killed_by":"Slavers","ascension_level":20}