{"gold_per_floor":[116,116,16,16,36,36,80,80,107,132,132,167,191,216,216,310,310,323,323,158,158,58,58,58],"floor_reached":24,"playtime":832,"items_purged":["Strike_G","Strike_G"],"score":404,"play_id":"dc2b6929-8d03-4aa0-8efe-0bd8502c5715","local_time":"20240716130910","is_ascension_mode":true,"campfire_choices":[{"data":"Accuracy","floor":6.0,"key":"SMITH"},{"floor":11.0,"key":"REST"},{"floor":15.0,"key":"REST"},{"floor":23,"key":"REST"}],"neow_cost":"PERCENT_DAMAGE","seed_source_timestamp":364984768561400,"circlet_count":0,"master_deck":["AscendersBane","Strike_G","Strike_G","Defend_G","Defend_G","Defend_G","Defend_G","Defend_G","Survivor","Neutralize","Violence","Flying Knee","Infinite Blades","Poisoned Stab","Accuracy+1","Acrobatics","Leg Sweep","Accuracy","Bullet Time","Doppelganger","Dagger Spray+1"],"special_seed":0,"relics":["Ring of the Snake","Golden Idol","Darkstone Periapt","Molten Egg 2","Bronze Scales","HoveringKite","Nilry\u0027s Codex","OrangePellets","MutagenicStrength"],"potions_floor_usage":[24],"damage_taken":[{"damage":5.0,"enemies":"Small Slimes","floor":1.0,"turns":4.0},{"damage":7.0,"enemies":"Jaw Worm","floor":5.0,"turns":5.0},{"damage":14.0,"enemies":"3 Sentries","floor":7.0,"turns":9.0},{"damage":6.0,"enemies":"2 Louse","floor":10.0,"turns":3.0},{"damage":14.0,"enemies":"Lagavulin","floor":12.0,"turns":7.0},{"damage":2.0,"enemies":"2 Fungi Beasts","floor":13.0,"turns":4.0},{"damage":8.0,"enemies":"Large Slime","floor":14.0,"turns":6.0},{"damage":10.0,"enemies":"The Guardian","floor":16.0,"turns":10.0},{"damage":12.0,"enemies":"Chosen","floor":18.0,"turns":5.0},{"damage":33,"enemies":"Slavers","floor":24,"turns":3}],"seed_played":"5857146611770509531","potions_obtained":[{"floor":1.0,"key":"BlessingOfTheForge"},{"floor":7.0,"key":"DuplicationPotion"},{"floor":10.0,"key":"DuplicationPotion"},{"floor":14.0,"key":"SkillPotion"}],"is_trial":false,"path_per_floor":["M","?","$","?","M","R","E","?","T","M","R","E","M","M","R","B",null,"M","?","$","?","$","R","E"],"character_chosen":"THE_SILENT","items_purchased":["Poisoned Stab","OrangePellets"],"campfire_rested":3,"item_purchase_floors":[3,20],"current_hp_per_floor":[39,39,39,39,32,32,18,13,13,7,25,11,9,1,19,9,47,35,14,14,14,14,32,0],"gold":58,"neow_bonus":"RANDOM_COLORLESS_2","is_prod":false,"is_daily":false,"chose_seed":false,"campfire_upgraded":1,"win_rate":0,"timestamp":1721128150,"path_taken":["M","?","?","?","M","R","E","?","T","M","R","E","M","M","R","BOSS","M","?","$","?","$","R","E"],"build_version":"2022-12-18","purchased_purges":2,"victory":false,"max_hp_per_floor":[66,66,66,60,60,60,60,60,60,60,60,60,60,60,60,60,60,60,60,60,60,60,60,60],"card_choices":[{"not_picked":["Secret Weapon","Thinking Ahead"],"picked":"Violence","floor":0.0},{"not_picked":["Flechettes","Dagger Spray"],"picked":"Flying Knee","floor":1.0},{"not_picked":["Dagger Spray","Bouncing Flask"],"picked":"Accuracy","floor":5.0},{"not_picked":["Dagger Spray","Outmaneuver"],"picked":"Acrobatics","floor":7.0},{"not_picked":["Acrobatics","Deadly Poison"],"picked":"Leg Sweep","floor":10.0},{"not_picked":["Outmaneuver","Bane+1"],"picked":"Accuracy","floor":12.0},{"not_picked":["Dagger Spray+1","Slice+1"],"picked":"Bullet Time","floor":13.0},{"not_picked":["Dodge and Roll","Sucker Punch+1","Masterful Stab+1"],"picked":"SKIP","floor":14.0},{"not_picked":["Unload+1","Malaise"],"picked":"Doppelganger","floor":16.0},{"not_picked":["Backflip","Bane+1"],"picked":"Dagger Spray+1","floor":18.0}],"player_experience":2578324,"relics_obtained":[{"floor":7.0,"key":"Darkstone Periapt"},{"floor":12.0,"key":"Bronze Scales"},{"floor":19.0,"key":"Nilry\u0027s Codex"}],"event_choices":[{"damage_healed":0.0,"max_hp_gain":0.0,"max_hp_loss":0.0,"gold_gain":0.0,"cards_transformed":["Strike_G"],"event_name":"Living Wall","player_choice":"Change","floor":2.0,"gold_loss":0.0,"damage_taken":0.0,"cards_obtained":["Infinite Blades"]},{"damage_healed":0.0,"max_hp_gain":0.0,"max_hp_loss":6.0,"gold_gain":0.0,"event_name":"Golden Idol","player_choice":"Lose Max HP","floor":4.0,"gold_loss":0.0,"damage_taken":0.0,"relics_obtained":["Golden Idol"]},{"damage_healed":0.0,"max_hp_gain":0.0,"max_hp_loss":0.0,"gold_gain":0.0,"event_name":"Scrap Ooze","player_choice":"Success","floor":8.0,"gold_loss":0.0,"damage_taken":5.0,"relics_obtained":["Molten Egg 2"]},{"damage_healed":0.0,"max_hp_gain":0.0,"max_hp_loss":0.0,"gold_gain":0.0,"event_name":"Cursed Tome","player_choice":"Obtained Book","floor":19.0,"gold_loss":0.0,"damage_taken":21.0},{"damage_healed":0,"gold_gain":0,"player_choice":"Inject Mutagens","damage_taken":0,"relics_obtained":["MutagenicStrength"],"max_hp_gain":0,"max_hp_loss":0,"event_name":"Drug Dealer","floor":21,"gold_loss":0}],"is_beta":false,"boss_relics":[{"not_picked":["Runic Pyramid","Ectoplasm"],"picked":"HoveringKite"}],"items_purged_floors":[3,22],"is_endless":false,"potions_floor_spawned":[1,7,10,14],"killed_by":"Slavers","ascension_level":20}