{"gold_per_floor":[112,112,187,207,217,217,20,48,48,60,80,80,80],"floor_reached":13,"playtime":376,"items_purged":[],"score":170,"play_id":"0a472891-7469-4912-bf34-84aee8fc5ab8","local_time":"20240716145127","is_ascension_mode":true,"campfire_choices":[{"data":"Eviscerate","floor":6,"key":"SMITH"}],"neow_cost":"NONE","seed_source_timestamp":371592276232300,"circlet_count":0,"master_deck":["AscendersBane","Strike_G","Strike_G","Strike_G","Strike_G","Strike_G","Defend_G","Defend_G","Defend_G","Defend_G","Survivor","Neutralize","Quick Slash","Eviscerate+1","Concentrate","Apotheosis","Underhanded Strike","Backflip","Blur"],"relics":["Ring of the Snake","StrikeDummy","Molten Egg 2"],"potions_floor_usage":[8,11,13],"damage_taken":[{"damage":12,"enemies":"Jaw Worm","floor":1,"turns":7},{"damage":0,"enemies":"2 Louse","floor":4,"turns":3},{"damage":4,"enemies":"Small Slimes","floor":5,"turns":3},{"damage":16,"enemies":"3 Sentries","floor":8,"turns":9},{"damage":0,"enemies":"Blue Slaver","floor":10,"turns":2},{"damage":7,"enemies":"Exordium Thugs","floor":11,"turns":4},{"damage":13,"enemies":"Lots of Slimes","floor":13,"turns":2}],"seed_played":"-1492599642438475644","potions_obtained":[{"floor":4,"key":"DuplicationPotion"},{"floor":5,"key":"LiquidBronze"},{"floor":8,"key":"Explosive Potion"}],"is_trial":false,"path_per_floor":["M","?","?","M","M","R","$","E","T","M","M","?","M"],"character_chosen":"THE_SILENT","items_purchased":["Apotheosis"],"campfire_rested":0,"item_purchase_floors":[7],"current_hp_per_floor":[47,47,36,36,32,32,32,16,16,16,9,9,0],"gold":80,"neow_bonus":"REMOVE_CARD","is_prod":false,"is_daily":false,"chose_seed":false,"campfire_upgraded":1,"win_rate":0,"timestamp":1721134287,"path_taken":["M","?","?","M","M","R","$","E","T","M","M","?","M"],"build_version":"2022-12-18","purchased_purges":0,"victory":false,"max_hp_per_floor":[66,66,66,66,66,66,66,66,66,66,66,66,66],"card_choices":[{"not_picked":["Prepared","Outmaneuver"],"picked":"Quick Slash","floor":1},{"not_picked":["Outmaneuver","PiercingWail"],"picked":"Eviscerate","floor":4},{"not_picked":["Bane","Dodge and Roll"],"picked":"Concentrate","floor":5},{"not_picked":["Slice","Distraction"],"picked":"Underhanded Strike","floor":8},{"not_picked":["Leg Sweep","Dagger Spray+1"],"picked":"Backflip","floor":10},{"not_picked":["Riddle With Holes+1","Masterful Stab+1"],"picked":"Blur","floor":11}],"player_experience":2579833,"relics_obtained":[{"floor":8,"key":"StrikeDummy"},{"floor":9,"key":"Molten Egg 2"}],"event_choices":[{"damage_healed":0,"gold_gain":0,"player_choice":"Ignored","damage_taken":0,"max_hp_gain":0,"max_hp_loss":0,"event_name":"Shining Light","floor":2,"gold_loss":0},{"damage_healed":0,"gold_gain":75,"player_choice":"Gather Gold","damage_taken":11,"max_hp_gain":0,"max_hp_loss":0,"event_name":"World of Goop","floor":3,"gold_loss":0},{"damage_healed":0,"gold_gain":0,"player_choice":"Fled","damage_taken":0,"max_hp_gain":0,"max_hp_loss":0,"event_name":"Scrap Ooze","floor":12,"gold_loss":0}],"is_beta":false,"boss_relics":[],"items_purged_floors":[],"is_endless":false,"potions_floor_spawned":[4,5,8],"killed_by":"Lots of Slimes","ascension_level":20}