{"gold_per_floor":[111,36,8,8,28,56,56,82,82,108,108,108,124,124,124,214,214,238,153,153,78,113,113],"floor_reached":23,"playtime":734,"items_purged":["Writhe"],"score":456,"play_id":"1235565e-6073-46c6-9852-c643a876e69a","local_time":"20240716125451","is_ascension_mode":true,"campfire_choices":[{"data":"Predator","floor":7,"key":"SMITH"},{"floor":12,"key":"REST"},{"data":"Malaise","floor":15,"key":"SMITH"}],"neow_cost":"NONE","seed_source_timestamp":364237767579900,"circlet_count":0,"master_deck":["AscendersBane","Strike_G","Strike_G","Strike_G","Strike_G","Defend_G","Defend_G","Defend_G","Defend_G","Survivor","Neutralize","Predator+1","Dodge and Roll","Reflex","Sucker Punch","Corpse Explosion","Acrobatics","Malaise+1","Venomology","Underhanded Strike","Outmaneuver"],"relics":["Ring of the Snake","NeowsBlessing","Torii","Strawberry","StoneCalendar","Kunai","Golden Idol","Runic Pyramid","Oddly Smooth Stone","Shuriken","Red Mask"],"potions_floor_usage":[8,8,10,16,16,22,22,23],"damage_taken":[{"damage":0,"enemies":"2 Louse","floor":1,"turns":1},{"damage":0,"enemies":"Cultist","floor":5,"turns":1},{"damage":0,"enemies":"Lagavulin","floor":6,"turns":1},{"damage":32,"enemies":"Gremlin Nob","floor":8,"turns":5},{"damage":5,"enemies":"3 Sentries","floor":10,"turns":7},{"damage":0,"enemies":"Small Slimes","floor":13,"turns":3},{"damage":14,"enemies":"Hexaghost","floor":16,"turns":13},{"damage":4,"enemies":"Shell Parasite","floor":18,"turns":7},{"damage":31,"enemies":"Masked Bandits","floor":22,"turns":6},{"damage":30,"enemies":"Gremlin Leader","floor":23,"turns":2}],"seed_played":"-7942342125043832775","potions_obtained":[{"floor":1,"key":"BlessingOfTheForge"},{"floor":6,"key":"Block Potion"},{"floor":8,"key":"BlessingOfTheForge"},{"floor":11,"key":"DuplicationPotion"},{"floor":11,"key":"LiquidMemories"},{"floor":18,"key":"BlessingOfTheForge"}],"is_trial":false,"path_per_floor":["M","?","$","?","M","E","R","E","T","E","?","R","M","?","R","B",null,"M","?","?","$","?","E"],"character_chosen":"THE_SILENT","items_purchased":["Dodge and Roll"],"campfire_rested":1,"item_purchase_floors":[3],"current_hp_per_floor":[59,59,59,52,52,52,52,27,27,22,22,43,43,43,43,29,57,53,53,53,53,22,0],"gold":113,"neow_bonus":"THREE_ENEMY_KILL","is_prod":false,"is_daily":false,"chose_seed":false,"campfire_upgraded":2,"win_rate":0,"timestamp":1721127291,"path_taken":["M","?","$","?","M","E","R","E","T","E","?","R","?","?","R","BOSS","M","?","?","$","?","E"],"build_version":"2022-12-18","purchased_purges":1,"victory":false,"max_hp_per_floor":[66,66,66,66,66,66,66,73,73,73,73,73,73,66,66,66,66,66,66,66,66,66,66],"card_choices":[{"not_picked":["Bane","Acrobatics"],"picked":"Predator","floor":1},{"not_picked":["Blade Dance","Flying Knee"],"picked":"Reflex","floor":5},{"not_picked":["Heel Hook","Cloak And Dagger"],"picked":"Sucker Punch","floor":6},{"not_picked":["Backstab","Outmaneuver"],"picked":"Corpse Explosion","floor":8},{"not_picked":["Terror","Flying Knee"],"picked":"Acrobatics","floor":10},{"not_picked":["Underhanded Strike","Poisoned Stab"],"picked":"Malaise","floor":13},{"not_picked":["Unload","Burst"],"picked":"Venomology","floor":16},{"not_picked":["Well Laid Plans","Backflip","Underhanded Strike"],"picked":"SKIP","floor":18},{"not_picked":["Well Laid Plans","Backflip"],"picked":"Underhanded Strike","floor":18},{"not_picked":["Dagger Throw","Deadly Poison+1"],"picked":"Outmaneuver","floor":22}],"player_experience":2577590,"relics_obtained":[{"floor":6,"key":"Torii"},{"floor":8,"key":"Strawberry"},{"floor":9,"key":"StoneCalendar"},{"floor":10,"key":"Kunai"},{"floor":22,"key":"Red Mask"}],"event_choices":[{"cards_removed":["Defend_G"],"damage_healed":0,"gold_gain":0,"player_choice":"Card Removal","damage_taken":0,"max_hp_gain":0,"max_hp_loss":0,"event_name":"The Cleric","floor":2,"gold_loss":75},{"cards_removed":["Strike_G"],"damage_healed":0,"gold_gain":0,"player_choice":"Card Removal","damage_taken":7,"max_hp_gain":0,"max_hp_loss":0,"event_name":"Golden Wing","floor":4,"gold_loss":0},{"damage_healed":0,"gold_gain":0,"player_choice":"Got Potions","damage_taken":0,"max_hp_gain":0,"max_hp_loss":0,"event_name":"Lab","floor":11,"gold_loss":0},{"damage_healed":0,"gold_gain":0,"player_choice":"Lose Max HP","damage_taken":0,"relics_obtained":["Golden Idol"],"max_hp_gain":0,"max_hp_loss":7,"event_name":"Golden Idol","floor":14,"gold_loss":0},{"damage_healed":0,"gold_gain":0,"player_choice":"Obtained Relic","damage_taken":0,"relics_obtained":["Oddly Smooth Stone"],"max_hp_gain":0,"max_hp_loss":0,"event_name":"Addict","floor":19,"gold_loss":85},{"damage_healed":0,"gold_gain":0,"player_choice":"Opened","damage_taken":0,"relics_obtained":["Shuriken"],"max_hp_gain":0,"max_hp_loss":0,"event_name":"The Mausoleum","floor":20,"gold_loss":0,"cards_obtained":["Writhe"]},{"damage_healed":0,"gold_gain":0,"player_choice":"Fought Bandits","damage_taken":0,"max_hp_gain":0,"max_hp_loss":0,"event_name":"Masked Bandits","floor":22,"gold_loss":0}],"is_beta":false,"boss_relics":[{"not_picked":["Busted Crown","Ectoplasm"],"picked":"Runic Pyramid"}],"items_purged_floors":[21],"is_endless":false,"potions_floor_spawned":[1,6,8,18],"killed_by":"Gremlin Leader","ascension_level":20}