{"gold_per_floor":[111,111,186,210,230,261,273,329,329,329,359,372,372,65,65,65],"floor_reached":16,"playtime":642,"items_purged":[],"score":133,"play_id":"0a667291-f2e5-41c8-a898-6f230ab5e205","local_time":"20220507152604","is_ascension_mode":false,"campfire_choices":[{"data":"hermit:Midnight","floor":13,"key":"SMITH"},{"data":"hermit:Brawl","floor":15,"key":"SMITH"}],"neow_cost":"NONE","seed_source_timestamp":18420819341300,"circlet_count":0,"master_deck":["hermit:Strike_Hermit","hermit:Strike_Hermit","hermit:Strike_Hermit","hermit:Defend_Hermit","hermit:Defend_Hermit","hermit:Defend_Hermit","hermit:Defend_Hermit","hermit:Snapshot","hermit:Covet","hermit:Brawl+1","hermit:Feint","hermit:Quickdraw","hermit:Feint","hermit:Dissolve","hermit:Midnight+1","hermit:Vantage"],"relics":["hermit:Momento","NeowsBlessing","Art of War","PreservedInsect","Bird Faced Urn","Shuriken","White Beast Statue","hermit:BloodyTooth"],"potions_floor_usage":[11],"damage_taken":[{"damage":0,"enemies":"Jaw Worm","floor":1,"turns":1},{"damage":0,"enemies":"2 Louse","floor":5,"turns":1},{"damage":0,"enemies":"3 Sentries","floor":6,"turns":1},{"damage":0,"enemies":"Cultist","floor":7,"turns":3},{"damage":20,"enemies":"Gremlin Nob","floor":8,"turns":4},{"damage":8,"enemies":"Gremlin Nob","floor":11,"turns":3},{"damage":2,"enemies":"2 Fungi Beasts","floor":12,"turns":3},{"damage":46,"enemies":"Hexaghost","floor":16,"turns":10}],"seed_played":"7059866634947626747","potions_obtained":[{"floor":1,"key":"Explosive Potion"},{"floor":6,"key":"SmokeBomb"},{"floor":8,"key":"Regen Potion"},{"floor":12,"key":"Explosive Potion"}],"is_trial":false,"path_per_floor":["M","?","?","T","M","E","M","?","T","?","E","M","R","$","R","B"],"character_chosen":"HERMIT","items_purchased":["hermit:BloodyTooth","hermit:Vantage"],"campfire_rested":0,"item_purchase_floors":[14,14],"current_hp_per_floor":[75,68,57,57,57,57,57,37,37,37,40,40,40,40,40,0],"gold":65,"neow_bonus":"THREE_ENEMY_KILL","is_prod":false,"is_daily":false,"chose_seed":false,"campfire_upgraded":2,"win_rate":0.0,"timestamp":1651929964,"path_taken":["M","?","?","?","?","E","M","?","T","?","E","M","R","$","R","BOSS"],"build_version":"2022-03-07","purchased_purges":0,"victory":false,"max_hp_per_floor":[75,75,75,75,75,75,75,75,75,75,75,75,75,75,75,75],"card_choices":[{"not_picked":["hermit:Enervate","hermit:Headshot"],"picked":"hermit:Brawl","floor":1},{"not_picked":["hermit:Quickdraw","hermit:Headshot"],"picked":"hermit:Feint","floor":5},{"not_picked":["hermit:HighCaliber","hermit:Malice"],"picked":"hermit:Quickdraw","floor":6},{"not_picked":["hermit:Misfire","hermit:Glare"],"picked":"hermit:Feint","floor":7},{"not_picked":["hermit:LowProfile","hermit:Quickdraw"],"picked":"hermit:Dissolve","floor":11},{"not_picked":["hermit:ItchyTrigger","hermit:Glare"],"picked":"hermit:Midnight","floor":12}],"player_experience":1946074,"relics_obtained":[{"floor":4,"key":"Art of War"},{"floor":6,"key":"PreservedInsect"},{"floor":8,"key":"Bird Faced Urn"},{"floor":9,"key":"Shuriken"},{"floor":11,"key":"White Beast Statue"}],"event_choices":[{"cards_removed":["hermit:Strike_Hermit"],"damage_healed":0,"gold_gain":0,"player_choice":"Card Removal","damage_taken":7,"max_hp_gain":0,"max_hp_loss":0,"event_name":"Golden Wing","floor":2,"gold_loss":0},{"damage_healed":0,"gold_gain":75,"player_choice":"Gather Gold","damage_taken":11,"max_hp_gain":0,"max_hp_loss":0,"event_name":"World of Goop","floor":3,"gold_loss":0},{"damage_healed":0,"gold_gain":30,"player_choice":"Searched \u00272\u0027 times","damage_taken":0,"max_hp_gain":0,"max_hp_loss":0,"event_name":"Dead Adventurer","floor":8,"gold_loss":0},{"damage_healed":0,"gold_gain":0,"player_choice":"Got Potions","damage_taken":0,"max_hp_gain":0,"max_hp_loss":0,"event_name":"Lab","floor":10,"gold_loss":0}],"is_beta":false,"boss_relics":[],"items_purged_floors":[],"is_endless":false,"potions_floor_spawned":[1,6,8,12],"killed_by":"Hexaghost","ascension_level":0}