{"gold_per_floor":[109,109,109,109,132,132,132,151,151,186,37,37,68,81,81,202,202,222,222,222,76,76,109,208,231,255,255,275,294,294],"floor_reached":30,"playtime":1917,"items_purged":["hermit:Defend_Hermit"],"score":256,"play_id":"7d9c498b-20a3-42cd-b613-5cf6e4800d86","local_time":"20220517200134","is_ascension_mode":false,"campfire_choices":[{"data":"hermit:Dive","floor":6.0,"key":"SMITH"},{"data":"hermit:Maintenance","floor":15.0,"key":"SMITH"}],"neow_cost":"CURSE","seed_source_timestamp":0,"circlet_count":0,"master_deck":["hermit:Strike_Hermit","hermit:Strike_Hermit","hermit:Strike_Hermit","hermit:Strike_Hermit","hermit:Defend_Hermit","hermit:Defend_Hermit","hermit:Defend_Hermit","hermit:Snapshot+1","hermit:Covet","hermit:Maintenance+1","hermit:Dive+1","hermit:Snipe","hermit:Maintenance+1","hermit:RoundhouseKick","hermit:Ricochet","hermit:HighNoon","hermit:HighNoon","hermit:TakeAim+1","hermit:Showdown"],"special_seed":0,"relics":["hermit:Momento","Golden Idol","Ornamental Fan","Omamori","Pen Nib","Fusion Hammer","Mummified Hand","Blood Vial","StrikeDummy","Oddly Smooth Stone","White Beast Statue"],"potions_floor_usage":[30,30],"damage_taken":[{"damage":12.0,"enemies":"Cultist","floor":1.0,"turns":5.0},{"damage":1.0,"enemies":"Jaw Worm","floor":5.0,"turns":4.0},{"damage":1.0,"enemies":"2 Louse","floor":8.0,"turns":3.0},{"damage":1.0,"enemies":"Lagavulin","floor":10.0,"turns":8.0},{"damage":14.0,"enemies":"Gremlin Nob","floor":13.0,"turns":4.0},{"damage":8.0,"enemies":"Gremlin Gang","floor":14.0,"turns":6.0},{"damage":31.0,"enemies":"Slime Boss","floor":16.0,"turns":8.0},{"damage":2.0,"enemies":"Spheric Guardian","floor":18.0,"turns":4.0},{"damage":34.0,"enemies":"Book of Stabbing","floor":23.0,"turns":7.0},{"damage":12.0,"enemies":"2 Thieves","floor":25.0,"turns":2.0},{"damage":5,"enemies":"Sentry and Sphere","floor":28,"turns":6},{"damage":14,"enemies":"Centurion and Healer","floor":29,"turns":3},{"damage":39,"enemies":"Slavers","floor":30,"turns":2}],"seed_played":"3982609993700523388","potions_obtained":[{"floor":5.0,"key":"Dexterity Potion"},{"floor":8.0,"key":"hexamod:SoulburnPotion"},{"floor":10.0,"key":"LiquidMemories"},{"floor":23.0,"key":"Block Potion"},{"floor":25.0,"key":"hermit:Tonic"}],"is_trial":false,"path_per_floor":["M","?","?","?","M","R","?","M","T","E","$","$","E","M","R","B",null,"M","?","?","$","$","E","?","M","T","T","M","M","E"],"character_chosen":"HERMIT","items_purchased":["hermit:RoundhouseKick","Blood Vial"],"campfire_rested":0,"item_purchase_floors":[11,21],"current_hp_per_floor":[77,77,77,77,76,76,76,75,75,74,74,74,60,52,52,21,89,87,87,87,87,87,55,55,45,45,45,42,30,0],"gold":294,"neow_bonus":"TWENTY_PERCENT_HP_BONUS","is_prod":false,"is_daily":false,"chose_seed":false,"campfire_upgraded":2,"win_rate":0,"timestamp":1652810494,"path_taken":["M","?","?","?","?","R","?","M","T","E","?","$","E","M","R","BOSS","M","?","?","?","$","E","?","M","T","?","M","M","E"],"build_version":"2022-03-07","purchased_purges":1,"victory":false,"max_hp_per_floor":[89,89,89,89,89,89,89,89,89,89,89,89,89,89,89,89,89,89,89,89,89,89,89,89,89,89,89,89,89,89],"card_choices":[{"not_picked":["hermit:Ricochet","hermit:Headshot"],"picked":"hermit:Maintenance","floor":1.0},{"not_picked":["hermit:Coalescence","hermit:Virtue"],"picked":"hermit:Dive","floor":5.0},{"not_picked":["hermit:Scavenge","hermit:HoleUp"],"picked":"hermit:Snipe","floor":8.0},{"not_picked":["hermit:HoleUp","hermit:Headshot"],"picked":"hermit:Maintenance","floor":10.0},{"not_picked":["hermit:Roulette","hermit:TrackingShot"],"picked":"hermit:Ricochet","floor":13.0},{"not_picked":["hermit:Desperado","hermit:Headshot","hermit:RoundhouseKick"],"picked":"SKIP","floor":14.0},{"not_picked":["hermit:Gambit","hermit:Magnum"],"picked":"hermit:HighNoon","floor":16.0},{"not_picked":["hermit:Manifest","hermit:Headshot+1","hermit:PistolWhip"],"picked":"SKIP","floor":18.0},{"not_picked":["hermit:GhostlyPresence","hermit:TrackingShot"],"picked":"hermit:HighNoon","floor":23.0},{"not_picked":["hermit:Brawl","hermit:Glare"],"picked":"hermit:TakeAim+1","floor":25.0},{"not_picked":["hermit:Quickdraw+1","hermit:Grudge"],"picked":"hermit:Showdown","floor":28},{"not_picked":["hermit:Showdown","hermit:LoneWolf+1","hermit:EyeOfTheStorm"],"picked":"SKIP","floor":29}],"player_experience":1976818,"relics_obtained":[{"floor":9.0,"key":"Ornamental Fan"},{"floor":10.0,"key":"Omamori"},{"floor":13.0,"key":"Pen Nib"},{"floor":23.0,"key":"StrikeDummy"},{"floor":26.0,"key":"Oddly Smooth Stone"},{"floor":27.0,"key":"White Beast Statue"}],"event_choices":[{"damage_healed":0.0,"max_hp_gain":0.0,"max_hp_loss":0.0,"gold_gain":0.0,"event_name":"Golden Idol","player_choice":"Take Wound","floor":2.0,"gold_loss":0.0,"damage_taken":0.0,"relics_obtained":["Golden Idol"],"cards_obtained":["Injury"]},{"damage_healed":0.0,"max_hp_gain":0.0,"max_hp_loss":0.0,"gold_gain":0.0,"event_name":"Living Wall","player_choice":"Grow","floor":3.0,"gold_loss":0.0,"damage_taken":0.0,"cards_upgraded":["hermit:Maintenance"]},{"damage_healed":0.0,"max_hp_gain":0.0,"max_hp_loss":0.0,"gold_gain":0.0,"event_name":"Upgrade Shrine","player_choice":"Upgraded","floor":4.0,"gold_loss":0.0,"damage_taken":0.0,"cards_upgraded":["hermit:Snapshot"]},{"cards_removed":["Injury","Regret"],"damage_healed":0.0,"max_hp_gain":0.0,"max_hp_loss":0.0,"gold_gain":0.0,"event_name":"Fountain of Cleansing","player_choice":"Removed Curses","floor":7.0,"gold_loss":0.0,"damage_taken":0.0},{"damage_healed":0.0,"max_hp_gain":0.0,"max_hp_loss":0.0,"gold_gain":0.0,"event_name":"Slimebound:ArtOfSlimeWar","player_choice":"Ignored","floor":19.0,"gold_loss":0.0,"damage_taken":0.0},{"damage_healed":0.0,"max_hp_gain":0.0,"max_hp_loss":0.0,"gold_gain":0.0,"event_name":"Addict","player_choice":"Stole Relic","floor":20.0,"gold_loss":0.0,"damage_taken":0.0,"relics_obtained":["Mummified Hand"],"cards_obtained":["Shame"]},{"damage_healed":0.0,"max_hp_gain":0.0,"max_hp_loss":0.0,"gold_gain":99.0,"event_name":"Nest","player_choice":"Stole From Cult","floor":24.0,"gold_loss":0.0,"damage_taken":0.0}],"is_beta":false,"boss_relics":[{"not_picked":["Runic Dome","Coffee Dripper"],"picked":"Fusion Hammer"}],"items_purged_floors":[11],"is_endless":false,"potions_floor_spawned":[5,8,10,16,23,25,28,29],"killed_by":"Slavers","ascension_level":0}