{"gold_per_floor":[115,126,76,76,76,76,89,129,129,129,129,149,174,208,208,339,339,357,357,397,397,408,408,437,437,462,462,479,514,561,588,588,687,687,705,726,636,686,704,737,737,767,841,463,496,512,547,547,547,547,547,547,83,124,129],"floor_reached":55,"playtime":3295,"items_purged":["Shame"],"score":1234,"play_id":"adfd7fc6-95fc-4bea-9d48-fed2a50a8a4b","local_time":"20220521193839","is_ascension_mode":true,"campfire_choices":[{"data":"hermit:Headshot","floor":6.0,"key":"SMITH"},{"floor":10.0,"key":"DIG"},{"floor":15.0,"key":"DIG"},{"floor":23.0,"key":"DIG"},{"floor":25.0,"key":"DIG"},{"floor":27.0,"key":"DIG"},{"floor":32.0,"key":"REST"},{"floor":41,"key":"DIG"},{"floor":49,"key":"RECALL"},{"floor":52,"key":"DIG"}],"neow_cost":"NONE","seed_source_timestamp":0,"circlet_count":0,"master_deck":["hermit:Snapshot","hermit:Covet","hermit:Headshot+1","hermit:Determination","Injury","hermit:Ricochet","hermit:LowProfile","Clumsy","hermit:Dive+1","hermit:Malice","hermit:Combo","hermit:Dissolve","Writhe","hermit:EyeOfTheStorm","Injury","hermit:Dissolve","hermit:LoneWolf","hermit:Scavenge","hermit:Vantage","hermit:Cheat","hermit:HeroicBravado","hermit:Misfire","hermit:Coalescence","hermit:Snipe","hermit:BigShot","Parasite","hermit:ShadowCloak+1"],"special_seed":0,"relics":["Cursed Key","Bloody Idol","Pear","Shovel","Bottled Tornado","bronze:BronzeIdol","War Paint","Lantern","Fusion Hammer","hermit:RyeStalk","Red Mask","Eternal Feather","Anchor","PreservedInsect","Juzu Bracelet","Gremlin Horn","Ice Cream","Oddly Smooth Stone","Letter Opener","Pandora\u0027s Box","Dead Branch","Molten Egg 2","MealTicket","Centennial Puzzle","Strawberry","Chemical X","Ancient Tea Set","hermit:BrassTacks","Shuriken","Turnip","Medical Kit","Happy Flower"],"potions_floor_usage":[55,55,55],"damage_taken":[{"damage":2.0,"enemies":"Jaw Worm","floor":1.0,"turns":4.0},{"damage":0.0,"enemies":"Small Slimes","floor":2.0,"turns":3.0},{"damage":1.0,"enemies":"Cultist","floor":7.0,"turns":4.0},{"damage":17.0,"enemies":"3 Sentries","floor":8.0,"turns":9.0},{"damage":1.0,"enemies":"3 Louse","floor":12.0,"turns":3.0},{"damage":0.0,"enemies":"Exordium Wildlife","floor":13.0,"turns":3.0},{"damage":11.0,"enemies":"Lagavulin","floor":14.0,"turns":7.0},{"damage":19.0,"enemies":"The Guardian","floor":16.0,"turns":12.0},{"damage":0.0,"enemies":"Chosen","floor":18.0,"turns":6.0},{"damage":33.0,"enemies":"Masked Bandits","floor":20.0,"turns":5.0},{"damage":41.0,"enemies":"3 Byrds","floor":22.0,"turns":6.0},{"damage":9.0,"enemies":"Book of Stabbing","floor":24.0,"turns":4.0},{"damage":24.0,"enemies":"Sentry and Sphere","floor":28.0,"turns":6.0},{"damage":5.0,"enemies":"Gremlin Leader","floor":29.0,"turns":4.0},{"damage":11.0,"enemies":"Slavers","floor":31.0,"turns":4.0},{"damage":14.0,"enemies":"Automaton","floor":33.0,"turns":9.0},{"damage":0,"enemies":"3 Shapes","floor":35,"turns":4},{"damage":0,"enemies":"Orb Walker","floor":36,"turns":4},{"damage":0,"enemies":"Mind Bloom Boss Battle","floor":38,"turns":3},{"damage":17,"enemies":"Writhing Mass","floor":39,"turns":5},{"damage":21,"enemies":"Nemesis","floor":40,"turns":5},{"damage":0,"enemies":"Reptomancer","floor":42,"turns":3},{"damage":0,"enemies":"Giant Head","floor":45,"turns":6},{"damage":34,"enemies":"3 Darklings","floor":46,"turns":3},{"damage":14,"enemies":"Reptomancer","floor":47,"turns":4},{"damage":4,"enemies":"Donu and Deca","floor":50,"turns":6},{"damage":38,"enemies":"Shield and Spear","floor":54,"turns":4},{"damage":79,"enemies":"The Heart","floor":55,"turns":9}],"seed_played":"-5334374500258227397","potions_obtained":[{"floor":1.0,"key":"Ancient Potion"},{"floor":8.0,"key":"BlessingOfTheForge"},{"floor":18.0,"key":"Strength Potion"},{"floor":22.0,"key":"Strength Potion"},{"floor":29.0,"key":"LiquidBronze"},{"floor":33.0,"key":"SpeedPotion"},{"floor":38,"key":"Dexterity Potion"},{"floor":39,"key":"BlessingOfTheForge"},{"floor":40,"key":"Energy Potion"},{"floor":47,"key":"hermit:Tonic"}],"is_trial":false,"path_per_floor":["M","M","?","?","?","R","M","E","T","R","?","M","M","E","R","B",null,"M","?","?","?","M","R","E","R","T","R","M","E","T","E","R","B",null,"M","M","?","?","M","E","R","E","T","$","E","M","E","?","R","B",null,"R","$","E","B"],"character_chosen":"HERMIT","items_purchased":["Strawberry","Chemical X","Turnip","Medical Kit"],"campfire_rested":1,"item_purchase_floors":[44,44,53,53],"current_hp_per_floor":[73,73,73,73,83,83,82,65,65,65,70,69,69,58,58,39,90,90,90,57,57,21,21,17,29,34,46,27,27,32,26,65,56,90,90,90,90,90,78,67,82,90,90,97,97,68,64,64,79,75,97,97,97,74,0],"gold":129,"neow_bonus":"BOSS_RELIC","is_prod":false,"is_daily":false,"chose_seed":false,"campfire_upgraded":1,"win_rate":0,"timestamp":1653154719,"path_taken":["M","M","?","?","?","R","?","E","T","R","?","M","M","E","R","BOSS","M","?","?","?","M","R","E","R","T","R","M","E","?","E","R","BOSS","M","M","?","?","M","E","R","E","T","$","E","M","E","?","R","BOSS","R","$","E","BOSS"],"build_version":"2022-03-07","purchased_purges":1,"victory":false,"max_hp_per_floor":[75,75,75,75,85,85,85,85,85,85,90,90,90,90,90,90,90,90,90,90,90,90,90,90,90,90,90,90,90,90,90,90,90,90,90,90,90,90,90,90,90,90,90,97,97,97,97,97,97,97,97,97,97,97,97],"card_choices":[{"not_picked":["hermit:Spite","hermit:Ricochet"],"picked":"hermit:Headshot","floor":1.0},{"not_picked":["hermit:Malice","hermit:Vantage"],"picked":"hermit:Determination","floor":2.0},{"not_picked":["hermit:GoldenBullet","hermit:Deadeye"],"picked":"hermit:Ricochet","floor":7.0},{"not_picked":["hermit:Maintenance","hermit:Glare"],"picked":"hermit:LowProfile","floor":8.0},{"not_picked":["hermit:Vantage","hermit:Magnum"],"picked":"hermit:Dive","floor":12.0},{"not_picked":["hermit:HighCaliber","hermit:Headshot"],"picked":"hermit:Malice","floor":13.0},{"not_picked":["hermit:Malice","hermit:Headshot"],"picked":"hermit:Combo","floor":14.0},{"not_picked":["hermit:DeadOrAlive","hermit:FatalDesire"],"picked":"hermit:Dissolve","floor":16.0},{"not_picked":["hermit:TrackingShot","hermit:TakeCover"],"picked":"hermit:Deadeye+1","floor":18.0},{"not_picked":["hermit:Vantage","hermit:Maintenance"],"picked":"hermit:EyeOfTheStorm","floor":20.0},{"not_picked":["hermit:Coalescence+1","hermit:PistolWhip","hermit:GhostlyPresence"],"picked":"SKIP","floor":22.0},{"not_picked":["hermit:Spite","hermit:Reprieve","hermit:PistolWhip"],"picked":"SKIP","floor":24.0},{"not_picked":["hermit:TrackingShot+1","hermit:Manifest","hermit:HighCaliber"],"picked":"SKIP","floor":28.0},{"not_picked":["hermit:Manifest","hermit:Misfire","hermit:EternalForm"],"picked":"SKIP","floor":29.0},{"not_picked":["hermit:Showdown+1","hermit:Maintenance+1","hermit:Malice"],"picked":"SKIP","floor":31.0},{"not_picked":["hermit:FinalCanter","hermit:EternalForm"],"picked":"hermit:Dissolve","floor":33.0},{"not_picked":["hermit:Misfire","hermit:CalledShot"],"picked":"hermit:Snipe","floor":35},{"not_picked":["hermit:Desperado","hermit:Cheat","hermit:Deadeye+1"],"picked":"SKIP","floor":36},{"not_picked":["hermit:Misfire+1","hermit:LoneWolf"],"picked":"hermit:BigShot","floor":38},{"not_picked":["hermit:Roulette","hermit:Dive"],"picked":"hermit:ShadowCloak+1","floor":39},{"not_picked":["hermit:ItchyTrigger+1","hermit:Manifest+1","hermit:Headshot+1"],"picked":"SKIP","floor":40},{"not_picked":["hermit:Shortfuse+1","hermit:Misfire+1","hermit:LowProfile+1"],"picked":"SKIP","floor":42},{"not_picked":["hermit:CursedWeapon+1","hermit:TrackingShot+1","hermit:Quickdraw+1"],"picked":"SKIP","floor":45},{"not_picked":["hermit:TakeCover+1","hermit:Ricochet+1","hermit:SprayPray+1"],"picked":"SKIP","floor":46},{"not_picked":["hermit:Vantage","hermit:Roulette+1","hermit:Quickdraw+1"],"picked":"SKIP","floor":47},{"not_picked":["hermit:GhostlyPresence","hermit:ItchyTrigger+1","hermit:FatalDesire"],"picked":"SKIP","floor":54}],"player_experience":1875965,"relics_obtained":[{"floor":8.0,"key":"Shovel"},{"floor":9.0,"key":"Bottled Tornado"},{"floor":10.0,"key":"bronze:BronzeIdol"},{"floor":14.0,"key":"War Paint"},{"floor":15.0,"key":"Lantern"},{"floor":20.0,"key":"Red Mask"},{"floor":23.0,"key":"Eternal Feather"},{"floor":24.0,"key":"Anchor"},{"floor":25.0,"key":"PreservedInsect"},{"floor":26.0,"key":"Juzu Bracelet"},{"floor":27.0,"key":"Gremlin Horn"},{"floor":29.0,"key":"Ice Cream"},{"floor":30.0,"key":"Oddly Smooth Stone"},{"floor":31.0,"key":"Letter Opener"},{"floor":38,"key":"Dead Branch"},{"floor":40,"key":"Molten Egg 2"},{"floor":41,"key":"MealTicket"},{"floor":42,"key":"Centennial Puzzle"},{"floor":45,"key":"Ancient Tea Set"},{"floor":47,"key":"hermit:BrassTacks"},{"floor":52,"key":"Shuriken"},{"floor":54,"key":"Happy Flower"}],"event_choices":[{"cards_removed":["hermit:Strike_Hermit"],"damage_healed":0.0,"max_hp_gain":0.0,"max_hp_loss":0.0,"gold_gain":0.0,"event_name":"The Cleric","player_choice":"Card Removal","floor":3.0,"gold_loss":50.0,"damage_taken":0.0},{"damage_healed":0.0,"max_hp_gain":0.0,"max_hp_loss":0.0,"gold_gain":0.0,"event_name":"Golden Idol","player_choice":"Take Wound","floor":4.0,"gold_loss":0.0,"damage_taken":0.0,"relics_obtained":["Golden Idol"],"cards_obtained":["Injury"]},{"damage_healed":0.0,"max_hp_gain":0.0,"max_hp_loss":0.0,"gold_gain":0.0,"event_name":"WeMeetAgain","player_choice":"Gave Potion","floor":5.0,"gold_loss":0.0,"damage_taken":0.0,"relics_obtained":["Pear"]},{"damage_healed":0.0,"max_hp_gain":5.0,"max_hp_loss":0.0,"gold_gain":0.0,"event_name":"Big Fish","player_choice":"Donut","floor":11.0,"gold_loss":0.0,"damage_taken":0.0},{"damage_healed":0.0,"max_hp_gain":0.0,"max_hp_loss":0.0,"gold_gain":0.0,"event_name":"The Mausoleum","player_choice":"Opened","floor":19.0,"gold_loss":0.0,"damage_taken":0.0,"relics_obtained":["hermit:RyeStalk"],"cards_obtained":["Writhe"]},{"damage_healed":0.0,"max_hp_gain":0.0,"max_hp_loss":0.0,"gold_gain":0.0,"event_name":"Masked Bandits","player_choice":"Fought Bandits","floor":20.0,"gold_loss":0.0,"damage_taken":0.0},{"damage_healed":0.0,"max_hp_gain":0.0,"max_hp_loss":0.0,"gold_gain":0.0,"event_name":"Forgotten Altar","player_choice":"Gave Idol","floor":21.0,"relics_lost":["Golden Idol"],"gold_loss":0.0,"damage_taken":0.0,"relics_obtained":["Bloody Idol"]},{"cards_removed":["Decay"],"damage_healed":0,"gold_gain":0,"player_choice":"Upgrade and Remove","damage_taken":0,"max_hp_gain":0,"max_hp_loss":0,"event_name":"Designer","floor":37,"gold_loss":90,"cards_upgraded":["hermit:Dive"]},{"damage_healed":0,"gold_gain":0,"player_choice":"Fight","damage_taken":0,"max_hp_gain":0,"max_hp_loss":0,"event_name":"MindBloom","floor":38,"gold_loss":0},{"cards_removed":["hermit:Deadeye"],"damage_healed":0,"gold_gain":0,"player_choice":"Removed Attack","damage_taken":0,"max_hp_gain":0,"max_hp_loss":0,"event_name":"Falling","floor":48,"gold_loss":0}],"is_beta":false,"boss_relics":[{"not_picked":["Velvet Choker","hermit:BartenderGlass"],"picked":"Fusion Hammer"},{"not_picked":["hermit:DentedPlate","Runic Pyramid"],"picked":"Pandora\u0027s Box"}],"items_purged_floors":[44],"is_endless":false,"potions_floor_spawned":[1,8,18,22,29,33,38,39,40,47],"killed_by":"The Heart","ascension_level":3}