{"gold_per_floor":[110,130,146,2,20,20,120,163,163,200,209,209,209,234,234,345,345,373,391,400,424,435,461,461,494,503,525,73,73,73,100,100,209,218,245,260,269,281,293,293],"floor_reached":40,"playtime":1464,"items_purged":["hermit:Strike_Hermit"],"score":711,"play_id":"1eb07651-9992-4fd2-854f-fc2944ae018f","local_time":"20220522113459","is_ascension_mode":true,"campfire_choices":[{"data":"hermit:FinalCanter","floor":6,"key":"SMITH"},{"data":"hermit:FinalCanter","floor":13,"key":"SMITH"},{"data":"hermit:ShadowCloak","floor":15,"key":"SMITH"},{"floor":24,"key":"REST"},{"floor":29,"key":"REST"},{"floor":32,"key":"REST"}],"neow_cost":"CURSE","seed_source_timestamp":166069390800,"circlet_count":0,"master_deck":["hermit:Strike_Hermit","hermit:Strike_Hermit","hermit:Strike_Hermit","hermit:Defend_Hermit","hermit:Defend_Hermit","hermit:Defend_Hermit","hermit:Defend_Hermit","hermit:Snapshot","hermit:Covet","hermit:FinalCanter","hermit:LowProfile","hermit:Maintenance","hermit:Coalescence","hermit:FinalCanter+1","hermit:Midnight","downfall:Haunted","downfall:Haunted","Shame","hermit:FinalCanter+1","Doubt","hermit:Malice","hermit:Virtue","Parasite","hermit:ShadowCloak+1","hermit:FromBeyond","hermit:ShadowCloak","Writhe","Parasite","Decay","hermit:Determination+1","hermit:Grudge","hermit:EyeOfTheStorm+1","hermit:Reprieve","CurseOfTheBell","hermit:Midnight","Panacea"],"relics":["hermit:Momento","Du-Vu Doll","CeramicFish","hermit:BlackPowder","Cursed Key","Bottled Tornado","Anchor","Potion Belt","ClockworkSouvenir","Ancient Tea Set","Centennial Puzzle","Calling Bell","bronze:BronzeIdol","hermit:BloodyTooth","TungstenRod"],"potions_floor_usage":[16,23,23,23,25,40,40],"damage_taken":[{"damage":5,"enemies":"Cultist","floor":1,"turns":2},{"damage":1,"enemies":"Jaw Worm","floor":2,"turns":5},{"damage":4,"enemies":"Small Slimes","floor":3,"turns":3},{"damage":2,"enemies":"Red Slaver","floor":5,"turns":4},{"damage":0,"enemies":"Gremlin Nob","floor":8,"turns":2},{"damage":3,"enemies":"Lagavulin","floor":10,"turns":2},{"damage":0,"enemies":"Blue Slaver","floor":14,"turns":1},{"damage":36,"enemies":"The Guardian","floor":16,"turns":9},{"damage":20,"enemies":"2 Thieves","floor":18,"turns":3},{"damage":0,"enemies":"Spheric Guardian","floor":21,"turns":2},{"damage":37,"enemies":"Centurion and Healer","floor":22,"turns":5},{"damage":5,"enemies":"Gremlin Leader","floor":23,"turns":2},{"damage":26,"enemies":"Slavers","floor":25,"turns":4},{"damage":1,"enemies":"Sentry and Sphere","floor":27,"turns":4},{"damage":14,"enemies":"Snake Plant","floor":31,"turns":2},{"damage":35,"enemies":"Automaton","floor":33,"turns":8},{"damage":0,"enemies":"Orb Walker","floor":35,"turns":3},{"damage":2,"enemies":"3 Darklings","floor":36,"turns":3},{"damage":45,"enemies":"Transient","floor":38,"turns":5},{"damage":27,"enemies":"Writhing Mass","floor":39,"turns":4},{"damage":16,"enemies":"Reptomancer","floor":40,"turns":3}],"seed_played":"7019359455714768600","potions_obtained":[{"floor":3,"key":"DuplicationPotion"},{"floor":8,"key":"ColorlessPotion"},{"floor":10,"key":"hexamod:SoulburnPotion"},{"floor":12,"key":"DistilledChaos"},{"floor":18,"key":"ColorlessPotion"},{"floor":23,"key":"Fire Potion"},{"floor":31,"key":"Guardian:BlockOnCardUsePotion"},{"floor":33,"key":"BlessingOfTheForge"},{"floor":35,"key":"LiquidMemories"},{"floor":38,"key":"Slimebound:ThreeZeroPotion"}],"is_trial":false,"path_per_floor":["M","M","M","$","M","R","?","E","T","E","?","?","R","M","R","B",null,"M","?","?","M","M","E","R","E","T","M","$","R","?","M","R","B",null,"M","M","?","M","M","E"],"character_chosen":"HERMIT","items_purchased":["hermit:FinalCanter","ClockworkSouvenir","Ancient Tea Set","Centennial Puzzle"],"campfire_rested":3,"item_purchase_floors":[4,28,28,28],"current_hp_per_floor":[70,69,65,65,63,63,68,68,68,65,80,80,80,80,80,44,80,60,60,60,60,23,18,42,16,16,15,15,39,39,25,49,14,80,80,78,78,33,6,0],"gold":293,"neow_bonus":"THREE_RARE_CARDS","is_prod":false,"is_daily":false,"chose_seed":false,"campfire_upgraded":3,"win_rate":0,"timestamp":1653212099,"path_taken":["M","M","M","$","M","R","?","E","T","E","?","?","R","M","R","BOSS","M","?","?","?","M","E","R","E","T","M","$","R","?","M","R","BOSS","M","M","?","?","M","E"],"build_version":"2022-03-07","purchased_purges":1,"victory":false,"max_hp_per_floor":[75,75,75,75,75,75,80,80,80,80,80,80,80,80,80,80,80,80,80,80,80,80,80,80,80,80,80,80,80,80,80,80,80,80,80,80,80,80,80,80],"card_choices":[{"not_picked":["hermit:BlackWind","hermit:RoundhouseKick"],"picked":"hermit:FinalCanter","floor":0},{"not_picked":["hermit:Glare","hermit:FullyLoaded"],"picked":"hermit:LowProfile","floor":1},{"not_picked":["hermit:Ricochet","hermit:WideOpen"],"picked":"hermit:Maintenance","floor":2},{"not_picked":["hermit:Vantage","hermit:Headshot"],"picked":"hermit:Coalescence","floor":3},{"not_picked":["hermit:Desperado","hermit:WideOpen"],"picked":"hermit:Midnight","floor":5},{"not_picked":["hermit:Scavenge","hermit:Quickdraw"],"picked":"hermit:Malice","floor":8},{"not_picked":["hermit:Coalescence","hermit:BodyArmor"],"picked":"hermit:Virtue","floor":10},{"not_picked":["hermit:Misfire","hermit:DeadMansHand"],"picked":"hermit:ShadowCloak","floor":14},{"not_picked":["hermit:FinalCanter","hermit:HeroicBravado"],"picked":"hermit:FromBeyond","floor":16},{"not_picked":["hermit:Glare+1","hermit:Quickdraw+1"],"picked":"hermit:ShadowCloak","floor":18},{"not_picked":["hermit:HoleUp","hermit:NoHoldsBarred"],"picked":"hermit:Determination+1","floor":21},{"not_picked":["hermit:TrackingShot+1","hermit:Headshot+1","hermit:ItchyTrigger"],"picked":"SKIP","floor":22},{"not_picked":["hermit:Scavenge","hermit:Desperado+1","hermit:PistolWhip"],"picked":"SKIP","floor":23},{"not_picked":["hermit:GoldenBullet","hermit:Gestalt","hermit:Gambit"],"picked":"SKIP","floor":25},{"not_picked":["hermit:Desperado","hermit:FullyLoaded"],"picked":"hermit:Grudge","floor":27},{"not_picked":["hermit:HoleUp","hermit:Misfire"],"picked":"hermit:EyeOfTheStorm+1","floor":31},{"not_picked":["hermit:HeroicBravado","hermit:EternalForm"],"picked":"hermit:Reprieve","floor":33},{"not_picked":["hermit:Headshot","hermit:Malice"],"picked":"hermit:Midnight","floor":35},{"not_picked":["hermit:Glare+1","hermit:Feint","hermit:Vantage+1"],"picked":"SKIP","floor":36},{"not_picked":["hermit:Horror+1","hermit:GoldenBullet+1","hermit:Feint+1"],"picked":"SKIP","floor":38},{"not_picked":["hermit:Shortfuse","hermit:Virtue+1","hermit:Headshot+1"],"picked":"SKIP","floor":39}],"player_experience":1985695,"relics_obtained":[{"floor":8,"key":"CeramicFish"},{"floor":10,"key":"hermit:BlackPowder"},{"floor":23,"key":"Bottled Tornado"},{"floor":25,"key":"Anchor"},{"floor":26,"key":"Potion Belt"},{"floor":34,"key":"bronze:BronzeIdol"},{"floor":34,"key":"hermit:BloodyTooth"},{"floor":34,"key":"TungstenRod"}],"event_choices":[{"damage_healed":0,"gold_gain":100,"player_choice":"Took Box","damage_taken":0,"relics_obtained":["Du-Vu Doll"],"max_hp_gain":5,"max_hp_loss":0,"event_name":"hexamod:WanderingSpecter","floor":7,"gold_loss":0,"cards_obtained":["downfall:Haunted","downfall:Haunted","Shame","hermit:FinalCanter","Pain","Doubt"]},{"damage_healed":20,"gold_gain":0,"player_choice":"Healed and dodged fight","damage_taken":0,"max_hp_gain":0,"max_hp_loss":0,"event_name":"Mushrooms","floor":11,"gold_loss":0,"cards_obtained":["Parasite"]},{"damage_healed":0,"gold_gain":0,"player_choice":"Got Potions","damage_taken":0,"max_hp_gain":0,"max_hp_loss":0,"event_name":"Lab","floor":12,"gold_loss":0},{"damage_healed":0,"gold_gain":0,"cards_transformed":["Pain","Pain"],"player_choice":"Became Test Subject","damage_taken":0,"max_hp_gain":0,"max_hp_loss":0,"event_name":"Drug Dealer","floor":19,"gold_loss":0,"cards_obtained":["Writhe","Parasite"]},{"damage_healed":0,"gold_gain":0,"player_choice":"Cursed","damage_taken":0,"max_hp_gain":0,"max_hp_loss":0,"event_name":"Wheel of Change","floor":20,"gold_loss":0,"cards_obtained":["Decay"]},{"cards_removed":["Pain"],"damage_healed":0,"gold_gain":0,"player_choice":"Purged","damage_taken":0,"max_hp_gain":0,"max_hp_loss":0,"event_name":"Purifier","floor":30,"gold_loss":0},{"damage_healed":0,"gold_gain":0,"player_choice":"1 cards matched","damage_taken":0,"max_hp_gain":0,"max_hp_loss":0,"event_name":"Match and Keep!","floor":37,"gold_loss":0,"cards_obtained":["Panacea"]}],"is_beta":false,"boss_relics":[{"not_picked":["Fusion Hammer","Runic Pyramid"],"picked":"Cursed Key"},{"not_picked":["bronze:MakeshiftBattery","Tiny House"],"picked":"Calling Bell"}],"items_purged_floors":[4],"is_endless":false,"potions_floor_spawned":[3,8,10,18,23,31,33,35,38],"killed_by":"Reptomancer","ascension_level":4}