{"gold_per_floor":[118,193,208,55,71,71,99,112,112,142,142,142,142,17,17,114,114,133,153,153,173,185,219,219,239,262,262,61,61,93,22,22,120,120,137,0,0,0,14,39,39,57,57,77,96,96,196,216,216,216],"floor_reached":50,"playtime":2015,"items_purged":["Strike_R"],"score":801,"play_id":"90163397-3d1f-4f46-8bb9-05d6c738e798","local_time":"20181204202208","is_ascension_mode":true,"campfire_choices":[{"floor":6,"key":"RECALL"},{"floor":13,"key":"REST"},{"floor":15,"key":"REST"},{"data":"1","floor":24,"key":"LIFT"},{"floor":27,"key":"REST"},{"floor":32,"key":"REST"},{"data":"2","floor":41,"key":"LIFT"},{"floor":46,"key":"REST"},{"floor":49,"key":"REST"}],"neow_cost":"NONE","seed_source_timestamp":113692058121248,"circlet_count":0,"master_deck":["Strike_R","Strike_R","Strike_R","Strike_R","Defend_R","Defend_R","Defend_R","Defend_R","Bash","Shrug It Off","Cleave","Limit Break","Clash","Armaments+1","Exhume+1","Inflame","Heavy Blade","Clash","Armaments+1","Limit Break+1","Double Tap+1","Flex+1","Thunderclap+1","Spot Weakness+1","Flex+1","Battle Trance+1","Ghostly Armor+1","Flex+1"],"relics":["Burning Blood","Red Skull","Gambling Chip","Girya","Toxic Egg 2","Bag of Marbles","Fusion Hammer","Oddly Smooth Stone","ClockworkSouvenir","Vajra","Orrery","Red Mask","Blood Vial","Boot","Ice Cream"],"potions_floor_usage":[8,10,10,18,29,33,39,48,50],"damage_taken":[{"damage":6,"enemies":"Jaw Worm","floor":1,"turns":5},{"damage":1,"enemies":"Small Slimes","floor":3,"turns":5},{"damage":1,"enemies":"2 Louse","floor":5,"turns":3},{"damage":40,"enemies":"Gremlin Nob","floor":7,"turns":5},{"damage":4,"enemies":"Looter","floor":8,"turns":3},{"damage":26,"enemies":"Lagavulin","floor":10,"turns":7},{"damage":17,"enemies":"Slime Boss","floor":16,"turns":8},{"damage":12,"enemies":"3 Byrds","floor":18,"turns":3},{"damage":9,"enemies":"Shell Parasite","floor":19,"turns":3},{"damage":29,"enemies":"Cultist and Chosen","floor":21,"turns":7},{"damage":20,"enemies":"Centurion and Healer","floor":22,"turns":3},{"damage":0,"enemies":"Gremlin Leader","floor":23,"turns":4},{"damage":16,"enemies":"Shelled Parasite and Fungi","floor":25,"turns":4},{"damage":0,"enemies":"Chosen and Byrds","floor":29,"turns":1},{"damage":33,"enemies":"Slavers","floor":30,"turns":4},{"damage":33,"enemies":"Automaton","floor":33,"turns":6},{"damage":4,"enemies":"3 Darklings","floor":35,"turns":3},{"damage":18,"enemies":"Orb Walker","floor":39,"turns":3},{"damage":13,"enemies":"Giant Head","floor":40,"turns":3},{"damage":25,"enemies":"Writhing Mass","floor":42,"turns":4},{"damage":16,"enemies":"Maw","floor":44,"turns":4},{"damage":0,"enemies":"Jaw Worm Horde","floor":45,"turns":4},{"damage":14,"enemies":"Mind Bloom Boss Battle","floor":47,"turns":6},{"damage":64,"enemies":"Transient","floor":48,"turns":5},{"damage":69,"enemies":"Time Eater","floor":50,"turns":5}],"seed_played":"-3843880455493736689","potions_obtained":[{"floor":3,"key":"Poison Potion"},{"floor":5,"key":"LiquidBronze"},{"floor":7,"key":"Fire Potion"},{"floor":8,"key":"SteroidPotion"},{"floor":16,"key":"SmokeBomb"},{"floor":18,"key":"BloodPotion"},{"floor":23,"key":"Fire Potion"},{"floor":30,"key":"Dexterity Potion"},{"floor":33,"key":"FearPotion"},{"floor":40,"key":"Dexterity Potion"},{"floor":42,"key":"Energy Potion"}],"is_trial":false,"path_per_floor":["M","?","M","$","M","R","E","M","T","E","?","?","R","$","R","B",null,"M","M","?","M","M","E","R","M","T","R","$","M","E","$","R","B",null,"M","?","?","?","M","E","R","M","T","M","M","R","?","M","R","B"],"character_chosen":"IRONCLAD","items_purchased":["Red Skull","Armaments+1","ClockworkSouvenir","Limit Break+1"],"campfire_rested":6,"item_purchase_floors":[4,14,28,31],"current_hp_per_floor":[80,69,74,74,79,79,45,47,47,27,27,9,35,35,61,50,79,73,70,70,47,33,39,39,29,29,55,55,61,34,34,60,33,74,76,76,76,76,64,57,57,40,40,32,40,65,59,11,36,0],"gold":216,"neow_bonus":"TEN_PERCENT_HP_BONUS","is_prod":false,"is_daily":false,"chose_seed":false,"campfire_upgraded":0,"win_rate":0,"timestamp":1543972928,"path_taken":["M","?","M","$","M","R","E","M","T","E","?","?","R","?","R","BOSS","M","M","?","M","M","E","R","M","T","R","$","M","E","$","R","BOSS","M","?","?","?","?","E","R","M","T","M","M","R","?","M","R","BOSS"],"build_version":"2018-11-15","purchased_purges":1,"victory":false,"max_hp_per_floor":[88,88,88,88,88,88,88,88,88,88,88,88,88,88,88,88,88,88,88,88,88,88,88,88,88,88,88,88,88,88,88,88,88,88,88,88,84,84,84,84,84,84,84,84,84,84,84,84,84,84],"card_choices":[{"not_picked":["Clothesline","Entrench"],"picked":"Shrug It Off","floor":1},{"not_picked":["Sever Soul","Anger","Iron Wave"],"picked":"SKIP","floor":3},{"not_picked":["Burning Pact","Wild Strike","True Grit"],"picked":"SKIP","floor":5},{"not_picked":["Havoc","Sword Boomerang"],"picked":"Cleave","floor":7},{"not_picked":["Corruption","Heavy Blade"],"picked":"Limit Break","floor":8},{"not_picked":["Body Slam","Iron Wave"],"picked":"Clash","floor":10},{"not_picked":["Fiend Fire","Bludgeon"],"picked":"Exhume+1","floor":16},{"not_picked":["Wild Strike","Flame Barrier+1"],"picked":"Inflame","floor":18},{"not_picked":["Warcry+1","Intimidate+1"],"picked":"Heavy Blade","floor":19},{"not_picked":["Wild Strike","Sword Boomerang","Fire Breathing"],"picked":"SKIP","floor":21},{"not_picked":["Body Slam+1","Warcry+1"],"picked":"Clash","floor":22},{"not_picked":["Rampage","Feel No Pain"],"picked":"Armaments+1","floor":23},{"not_picked":["Perfected Strike","Twin Strike","Pummel"],"picked":"SKIP","floor":25},{"not_picked":["Blood for Blood+1","Sentinel+1","Wild Strike"],"picked":"SKIP","floor":30},{"not_picked":["Feed","Berserk"],"picked":"Double Tap+1","floor":33},{"not_picked":["Cleave+1","Wild Strike"],"picked":"Flex+1","floor":34},{"not_picked":["Pommel Strike+1","Uppercut"],"picked":"Thunderclap+1","floor":34},{"not_picked":["Warcry+1","Infernal Blade+1"],"picked":"Spot Weakness+1","floor":34},{"not_picked":["Immolate","Whirlwind"],"picked":"Flex+1","floor":34},{"not_picked":["Feel No Pain+1","Anger+1","Body Slam+1"],"picked":"SKIP","floor":35},{"not_picked":["Clothesline+1","Warcry+1"],"picked":"Battle Trance+1","floor":39},{"not_picked":["Shockwave+1","Sentinel+1"],"picked":"Ghostly Armor+1","floor":40},{"not_picked":["Pommel Strike","Dual Wield+1","Heavy Blade"],"picked":"SKIP","floor":42},{"not_picked":["Bludgeon","Corruption+1"],"picked":"Flex+1","floor":44},{"not_picked":["Clash","Armaments+1","Whirlwind"],"picked":"SKIP","floor":45},{"not_picked":["Warcry+1","True Grit+1","Burning Pact+1"],"picked":"SKIP","floor":48}],"player_experience":616723,"relics_obtained":[{"floor":7,"key":"Gambling Chip"},{"floor":9,"key":"Girya"},{"floor":10,"key":"Toxic Egg 2"},{"floor":23,"key":"Oddly Smooth Stone"},{"floor":30,"key":"Vajra"},{"floor":40,"key":"Blood Vial"},{"floor":43,"key":"Boot"},{"floor":47,"key":"Ice Cream"}],"event_choices":[{"damage_healed":0,"gold_gain":75,"player_choice":"Gather Gold","damage_taken":11,"max_hp_gain":0,"max_hp_loss":0,"event_name":"World of Goop","floor":2,"gold_loss":0},{"damage_healed":0,"gold_gain":0,"player_choice":"Searched \u00270\u0027 times","damage_taken":0,"max_hp_gain":0,"max_hp_loss":0,"event_name":"Dead Adventurer","floor":11,"gold_loss":0},{"damage_healed":0,"gold_gain":0,"player_choice":"Success","damage_taken":18,"relics_obtained":["Bag of Marbles"],"max_hp_gain":0,"max_hp_loss":0,"event_name":"Scrap Ooze","floor":12,"gold_loss":0},{"damage_healed":0,"gold_gain":0,"player_choice":"Ignored","damage_taken":0,"max_hp_gain":0,"max_hp_loss":0,"event_name":"Vampires","floor":20,"gold_loss":0},{"damage_healed":0,"gold_gain":0,"player_choice":"Paid","damage_taken":0,"relics_obtained":["Red Mask"],"max_hp_gain":0,"max_hp_loss":0,"event_name":"Tomb of Lord Red Mask","floor":36,"gold_loss":137},{"damage_healed":0,"gold_gain":0,"player_choice":"Max HP","damage_taken":0,"max_hp_gain":0,"max_hp_loss":4,"event_name":"Winding Halls","floor":37,"gold_loss":0},{"damage_healed":0,"gold_gain":0,"player_choice":"Ignored","damage_taken":0,"max_hp_gain":0,"max_hp_loss":0,"event_name":"SecretPortal","floor":38,"gold_loss":0},{"damage_healed":0,"gold_gain":0,"player_choice":"Fight","damage_taken":0,"max_hp_gain":0,"max_hp_loss":0,"event_name":"MindBloom","floor":47,"gold_loss":0}],"is_beta":false,"boss_relics":[{"not_picked":["Coffee Dripper","Mark of Pain"],"picked":"Fusion Hammer"},{"not_picked":["Cursed Key","Runic Pyramid"],"picked":"Orrery"}],"items_purged_floors":[14],"is_endless":false,"potions_floor_spawned":[3,5,7,8,16,18,23,25,30,33,35,40,42],"killed_by":"Time Eater","ascension_level":8}