{"gold_per_floor":[118,136,150,163,6,6,20,20,20,20,46,62,75,75,75,179,179,197,112,0,13,13,13,13],"floor_reached":24,"playtime":1196,"items_purged":["Defend_R"],"score":277,"play_id":"ea5fc9c0-6fc1-4a74-9fc0-b9a0784c0349","local_time":"20181206181159","is_ascension_mode":true,"campfire_choices":[{"data":"Evolve","floor":6,"key":"SMITH"},{"data":"Thunderclap","floor":8,"key":"SMITH"},{"data":"Flex","floor":10,"key":"SMITH"},{"data":"Armaments","floor":15,"key":"SMITH"},{"floor":23,"key":"REST"}],"neow_cost":"NONE","seed_source_timestamp":91041073871133,"circlet_count":0,"master_deck":["Strike_R","Strike_R","Strike_R","Defend_R","Defend_R","Defend_R","Bash","Ghostly Armor","Cleave","Intimidate","Flex+1","Evolve+1","Thunderclap+1","Armaments+1","Combust","Limit Break","Inflame","Shrug It Off","Body Slam","Warcry","Body Slam","Infernal Blade","Heavy Blade"],"relics":["Burning Blood","Bronze Scales","Orichalcum","Orrery","Ornamental Fan","Enchiridion"],"potions_floor_usage":[11,11,24],"damage_taken":[{"damage":6,"enemies":"2 Louse","floor":1,"turns":4},{"damage":0,"enemies":"Small Slimes","floor":2,"turns":3},{"damage":1,"enemies":"Cultist","floor":3,"turns":4},{"damage":3,"enemies":"Blue Slaver","floor":4,"turns":6},{"damage":10,"enemies":"2 Fungi Beasts","floor":7,"turns":3},{"damage":22,"enemies":"Gremlin Nob","floor":11,"turns":4},{"damage":14,"enemies":"Exordium Thugs","floor":12,"turns":5},{"damage":7,"enemies":"Red Slaver","floor":13,"turns":3},{"damage":11,"enemies":"Hexaghost","floor":16,"turns":11},{"damage":42,"enemies":"Spheric Guardian","floor":18,"turns":6},{"damage":10,"enemies":"2 Thieves","floor":21,"turns":3},{"damage":49,"enemies":"Centurion and Healer","floor":24,"turns":5}],"seed_played":"1405711941112308056","potions_obtained":[{"floor":1,"key":"PowerPotion"},{"floor":2,"key":"Weak Potion"},{"floor":4,"key":"GamblersBrew"},{"floor":12,"key":"Dexterity Potion"},{"floor":13,"key":"Poison Potion"}],"is_trial":false,"path_per_floor":["M","M","M","M","$","R","M","R","T","R","E","M","M","?","R","B",null,"M","?","?","M","?","R","M"],"character_chosen":"IRONCLAD","items_purchased":["Evolve"],"campfire_rested":1,"item_purchase_floors":[5],"current_hp_per_floor":[72,78,80,80,80,80,76,76,76,76,60,52,51,44,44,39,70,34,34,34,30,14,38,0],"gold":13,"neow_bonus":"TRANSFORM_CARD","is_prod":false,"is_daily":false,"chose_seed":false,"campfire_upgraded":4,"win_rate":0,"timestamp":1544137919,"path_taken":["M","M","M","M","$","R","M","R","T","R","E","M","M","?","R","BOSS","M","?","?","M","?","R","M"],"build_version":"2018-11-15","purchased_purges":1,"victory":false,"max_hp_per_floor":[80,80,80,80,80,80,80,80,80,80,80,80,80,80,80,80,80,80,80,80,80,80,80,80],"card_choices":[{"not_picked":["Second Wind","Disarm"],"picked":"Cleave","floor":1},{"not_picked":["Clothesline","Blood for Blood","Dual Wield"],"picked":"SKIP","floor":2},{"not_picked":["Iron Wave","Twin Strike"],"picked":"Intimidate","floor":3},{"not_picked":["Anger","Feel No Pain"],"picked":"Flex","floor":4},{"not_picked":["Twin Strike","Headbutt"],"picked":"Thunderclap","floor":7},{"not_picked":["Sword Boomerang","Heavy Blade","True Grit"],"picked":"SKIP","floor":11},{"not_picked":["Cleave","Second Wind"],"picked":"Armaments","floor":12},{"not_picked":["Iron Wave","Warcry"],"picked":"Combust","floor":13},{"not_picked":["Exhume","Reaper"],"picked":"Limit Break","floor":16},{"not_picked":["Cleave","Feel No Pain"],"picked":"Inflame","floor":17},{"not_picked":["Intimidate","Sword Boomerang"],"picked":"Shrug It Off","floor":17},{"not_picked":["Iron Wave","Sword Boomerang"],"picked":"Body Slam","floor":17},{"not_picked":["Iron Wave","Perfected Strike"],"picked":"Warcry","floor":17},{"not_picked":["Anger","Flex"],"picked":"Body Slam","floor":17},{"not_picked":["Cleave","Perfected Strike"],"picked":"Infernal Blade","floor":18},{"not_picked":["Metallicize","Headbutt+1"],"picked":"Heavy Blade","floor":21}],"player_experience":621448,"relics_obtained":[{"floor":9,"key":"Bronze Scales"},{"floor":11,"key":"Orichalcum"},{"floor":22,"key":"Enchiridion"}],"event_choices":[{"cards_removed":["Strike_R"],"damage_healed":0,"gold_gain":0,"player_choice":"Card Removal","damage_taken":7,"max_hp_gain":0,"max_hp_loss":0,"event_name":"Golden Wing","floor":14,"gold_loss":0},{"damage_healed":0,"gold_gain":0,"player_choice":"Obtained Relic","damage_taken":0,"relics_obtained":["Ornamental Fan"],"max_hp_gain":0,"max_hp_loss":0,"event_name":"Addict","floor":19,"gold_loss":85},{"damage_healed":0,"gold_gain":0,"player_choice":"Paid Fearfully","damage_taken":0,"max_hp_gain":0,"max_hp_loss":0,"event_name":"Masked Bandits","floor":20,"gold_loss":112},{"damage_healed":0,"gold_gain":0,"player_choice":"Obtained Book","damage_taken":16,"max_hp_gain":0,"max_hp_loss":0,"event_name":"Cursed Tome","floor":22,"gold_loss":0}],"is_beta":false,"boss_relics":[{"not_picked":["Cursed Key","Calling Bell"],"picked":"Orrery"}],"items_purged_floors":[5],"is_endless":false,"potions_floor_spawned":[1,2,4,12,13],"killed_by":"Centurion and Healer","ascension_level":8}