{"gold_per_floor":[115,131,131,209,229,242,261,261,288,306,306,331,331,331],"floor_reached":14,"playtime":447,"items_purged":[],"score":129,"play_id":"a9675221-659e-4e9c-9e33-2d8190aeb8ab","local_time":"20181206212447","is_ascension_mode":true,"campfire_choices":[{"floor":8,"key":"REST"},{"data":"Body Slam","floor":11,"key":"SMITH"}],"neow_cost":"NONE","seed_source_timestamp":103360268316131,"circlet_count":0,"master_deck":["Strike_R","Strike_R","Strike_R","Strike_R","Defend_R","Defend_R","Defend_R","Defend_R","Bash","Juggernaut","Inflame","Seeing Red","Inflame","Body Slam+1","Shrug It Off","Cleave","Armaments"],"relics":["Burning Blood","Bottled Flame","Lantern","Strawberry"],"potions_floor_usage":[7],"damage_taken":[{"damage":13,"enemies":"Small Slimes","floor":1,"turns":7},{"damage":7,"enemies":"Jaw Worm","floor":2,"turns":3},{"damage":1,"enemies":"Cultist","floor":5,"turns":3},{"damage":56,"enemies":"Lots of Slimes","floor":6,"turns":6},{"damage":1,"enemies":"Large Slime","floor":7,"turns":6},{"damage":5,"enemies":"2 Fungi Beasts","floor":10,"turns":4},{"damage":27,"enemies":"Lagavulin","floor":12,"turns":5},{"damage":42,"enemies":"Gremlin Gang","floor":14,"turns":3}],"seed_played":"5528776181569746543","potions_obtained":[{"floor":2,"key":"Ancient Potion"},{"floor":5,"key":"SteroidPotion"},{"floor":6,"key":"FearPotion"},{"floor":10,"key":"Dexterity Potion"}],"is_trial":false,"path_per_floor":["M","M","?","T","M","M","M","R","T","M","R","E","?","M"],"character_chosen":"IRONCLAD","items_purchased":[],"campfire_rested":1,"item_purchase_floors":[],"current_hp_per_floor":[65,64,80,80,80,30,35,59,59,60,60,46,39,0],"gold":331,"neow_bonus":"ONE_RANDOM_RARE_CARD","is_prod":false,"is_daily":false,"chose_seed":false,"campfire_upgraded":1,"win_rate":0,"timestamp":1544149487,"path_taken":["M","M","?","?","?","?","M","R","T","M","R","E","?","M"],"build_version":"2018-12-06","purchased_purges":0,"victory":false,"max_hp_per_floor":[80,80,80,80,80,80,80,80,80,80,80,87,87,87],"card_choices":[{"not_picked":["Havoc","Thunderclap"],"picked":"Inflame","floor":1},{"not_picked":["Hemokinesis","Uppercut"],"picked":"Seeing Red","floor":2},{"not_picked":["Thunderclap","Whirlwind"],"picked":"Inflame","floor":5},{"not_picked":["Sword Boomerang","Iron Wave"],"picked":"Body Slam","floor":6},{"not_picked":["Blood for Blood","Body Slam"],"picked":"Shrug It Off","floor":7},{"not_picked":["Thunderclap","Pommel Strike"],"picked":"Cleave","floor":10},{"not_picked":["Whirlwind","Bloodletting"],"picked":"Armaments","floor":12}],"player_experience":622644,"relics_obtained":[{"floor":4,"key":"Bottled Flame"},{"floor":9,"key":"Lantern"},{"floor":12,"key":"Strawberry"}],"event_choices":[{"damage_healed":26,"gold_gain":0,"player_choice":"Banana","damage_taken":0,"max_hp_gain":0,"max_hp_loss":0,"event_name":"Big Fish","floor":3,"gold_loss":0},{"cards_removed":["Strike_R"],"damage_healed":0,"gold_gain":0,"player_choice":"Card Removal","damage_taken":7,"max_hp_gain":0,"max_hp_loss":0,"event_name":"Golden Wing","floor":13,"gold_loss":0}],"is_beta":false,"boss_relics":[],"items_purged_floors":[],"is_endless":false,"potions_floor_spawned":[2,5,6,10],"killed_by":"Gremlin Gang","ascension_level":8}