{"gold_per_floor":[116,126,126,126,126,126,153,153,176,205,205,221,238,254,254,356,356,356,21,21,21,21,21,21,21,21,21,21,21,21,21],"floor_reached":31,"playtime":904,"items_purged":["Strike_R"],"score":482,"play_id":"45c9f059-5822-4681-916d-955005a530bc","local_time":"20181212174210","is_ascension_mode":true,"campfire_choices":[{"data":"Spot Weakness","floor":6,"key":"SMITH"},{"floor":8,"key":"RECALL"},{"data":"Carnage","floor":11,"key":"SMITH"},{"data":"Armaments","floor":15,"key":"SMITH"}],"neow_cost":"NONE","seed_source_timestamp":1842399390422,"circlet_count":0,"master_deck":["Strike_R","Strike_R","Defend_R","Defend_R","Defend_R","Bash","Spot Weakness+1","Carnage+1","Spot Weakness","Evolve","Armaments+1","Flex","Limit Break","Infernal Blade","Wild Strike","Heavy Blade","Spot Weakness","Heavy Blade+1","Rampage"],"relics":["Burning Blood","Bronze Scales","Art of War","Boot","Bag of Marbles","Ice Cream","Ectoplasm","Mummified Hand","Sundial","Potion Belt","NlothsMask"],"potions_floor_usage":[7,16,20,24,25,27],"damage_taken":[{"damage":0,"enemies":"2 Louse","floor":1,"turns":3},{"damage":1,"enemies":"Small Slimes","floor":2,"turns":3},{"damage":8,"enemies":"Gremlin Nob","floor":7,"turns":3},{"damage":35,"enemies":"3 Sentries","floor":10,"turns":6},{"damage":0,"enemies":"Cultist","floor":12,"turns":3},{"damage":5,"enemies":"3 Louse","floor":13,"turns":4},{"damage":10,"enemies":"Lots of Slimes","floor":14,"turns":4},{"damage":0,"enemies":"Slime Boss","floor":16,"turns":9},{"damage":6,"enemies":"Spheric Guardian","floor":18,"turns":3},{"damage":1,"enemies":"Shell Parasite","floor":20,"turns":2},{"damage":9,"enemies":"Centurion and Healer","floor":22,"turns":4},{"damage":44,"enemies":"Book of Stabbing","floor":23,"turns":4},{"damage":12,"enemies":"Chosen and Byrds","floor":24,"turns":3},{"damage":32,"enemies":"Shelled Parasite and Fungi","floor":25,"turns":4},{"damage":0,"enemies":"Snake Plant","floor":27,"turns":1},{"damage":18,"enemies":"3 Cultists","floor":29,"turns":4},{"damage":12,"enemies":"Cultist and Chosen","floor":31,"turns":1}],"seed_played":"-3467410423870773350","potions_obtained":[{"floor":1,"key":"GamblersBrew"},{"floor":2,"key":"AttackPotion"},{"floor":10,"key":"SteroidPotion"},{"floor":16,"key":"AttackPotion"},{"floor":18,"key":"Poison Potion"},{"floor":22,"key":"BloodPotion"},{"floor":24,"key":"SteroidPotion"}],"is_trial":false,"path_per_floor":["M","M","?","?","?","R","E","R","T","E","R","M","M","M","R","B",null,"M","$","M","?","M","E","M","M","T","M","$","M","?","M"],"character_chosen":"IRONCLAD","items_purchased":["Mummified Hand"],"campfire_rested":0,"item_purchase_floors":[19],"current_hp_per_floor":[78,80,73,73,73,73,71,71,71,42,42,48,49,45,45,51,73,73,73,78,78,75,37,31,13,13,19,19,7,7,0],"gold":21,"neow_bonus":"RANDOM_COMMON_RELIC","is_prod":false,"is_daily":false,"chose_seed":false,"campfire_upgraded":3,"win_rate":0,"timestamp":1544654530,"path_taken":["M","M","?","?","?","R","E","R","T","E","R","M","?","M","R","BOSS","M","$","M","?","M","E","M","M","T","?","$","M","?","M"],"build_version":"2018-12-06","purchased_purges":1,"victory":false,"max_hp_per_floor":[80,80,80,80,80,80,80,80,80,80,80,80,80,80,80,80,80,80,80,80,80,80,80,80,80,80,80,80,80,80,80],"card_choices":[{"not_picked":["Pommel Strike","Fire Breathing"],"picked":"Spot Weakness","floor":1},{"not_picked":["Sword Boomerang","Perfected Strike","Blood for Blood"],"picked":"SKIP","floor":2},{"not_picked":["Fire Breathing","Feel No Pain"],"picked":"Spot Weakness","floor":7},{"not_picked":["Havoc","Thunderclap"],"picked":"Evolve","floor":10},{"not_picked":["True Grit","Body Slam"],"picked":"Armaments","floor":12},{"not_picked":["Sever Soul","Corruption"],"picked":"Flex","floor":13},{"not_picked":["Clash","Whirlwind","True Grit"],"picked":"SKIP","floor":14},{"not_picked":["Brutality","Exhume"],"picked":"Limit Break","floor":16},{"not_picked":["True Grit","Burning Pact+1"],"picked":"Infernal Blade","floor":18},{"not_picked":["Armaments","Infernal Blade","True Grit"],"picked":"SKIP","floor":20},{"not_picked":["Clash","Armaments"],"picked":"Wild Strike","floor":22},{"not_picked":["Combust+1","Offering"],"picked":"Heavy Blade","floor":23},{"not_picked":["Anger","Hemokinesis+1"],"picked":"Spot Weakness","floor":24},{"not_picked":["Evolve","Metallicize"],"picked":"Heavy Blade+1","floor":25},{"not_picked":["Body Slam+1","Clothesline","Infernal Blade"],"picked":"SKIP","floor":27},{"not_picked":["Rage","Perfected Strike"],"picked":"Rampage","floor":29}],"player_experience":631077,"relics_obtained":[{"floor":7,"key":"Boot"},{"floor":9,"key":"Bag of Marbles"},{"floor":10,"key":"Ice Cream"},{"floor":23,"key":"Sundial"},{"floor":26,"key":"Potion Belt"}],"event_choices":[{"damage_healed":0,"gold_gain":0,"player_choice":"Success","damage_taken":7,"relics_obtained":["Art of War"],"max_hp_gain":0,"max_hp_loss":0,"event_name":"Scrap Ooze","floor":3,"gold_loss":0},{"damage_healed":0,"gold_gain":0,"cards_transformed":["Strike_R"],"player_choice":"Change","damage_taken":0,"max_hp_gain":0,"max_hp_loss":0,"event_name":"Living Wall","floor":4,"gold_loss":0,"cards_obtained":["Carnage"]},{"cards_removed":["Defend_R"],"damage_healed":0,"gold_gain":0,"player_choice":"Offered Basic","damage_taken":0,"max_hp_gain":0,"max_hp_loss":0,"event_name":"Bonfire Elementals","floor":5,"gold_loss":0},{"cards_removed":["Strike_R"],"damage_healed":0,"gold_gain":0,"player_choice":"Purged","damage_taken":0,"max_hp_gain":0,"max_hp_loss":0,"event_name":"Purifier","floor":21,"gold_loss":0},{"damage_healed":0,"gold_gain":0,"player_choice":"Trade","damage_taken":0,"relics_obtained":["NlothsMask"],"max_hp_gain":0,"max_hp_loss":0,"event_name":"FaceTrader","floor":30,"gold_loss":0}],"is_beta":false,"boss_relics":[{"not_picked":["Sozu","Lizard Tail"],"picked":"Ectoplasm"}],"items_purged_floors":[19],"is_endless":false,"potions_floor_spawned":[1,2,10,16,18,22,24],"killed_by":"Cultist and Chosen","ascension_level":8}