{"gold_per_floor":[361,361,106,117,36,36,61,73,123,36,46,60,60,75,75,179,179,192,204,119,119,44,44,44,58,58,68,68,81,81,99,99,203,203,220,220,320,340,340],"floor_reached":39,"playtime":2228,"items_purged":["Heavy Blade"],"score":561,"play_id":"bcb189f4-2a34-48cd-997f-61f92e481a74","local_time":"20181212230201","is_ascension_mode":true,"campfire_choices":[{"data":"Jack Of All Trades","floor":6,"key":"SMITH"},{"floor":13,"key":"REST"},{"data":"Feed","floor":15,"key":"SMITH"},{"data":"Reaper","floor":23,"key":"SMITH"},{"floor":30,"key":"REST"},{"floor":32,"key":"REST"}],"neow_cost":"TEN_PERCENT_HP_LOSS","seed_source_timestamp":0,"circlet_count":0,"master_deck":["Bash","Feel No Pain+1","Warcry","Jack Of All Trades+1","Clash","Feed+1","Panacea","Seeing Red","Feed","Sword Boomerang","Cleave","Carnage","Evolve","Pommel Strike","Reaper+1","Flex","Havoc+1","Sever Soul+1","Infernal Blade+1","Combust+1","Anger","Magnetism","Dark Shackles","Apotheosis","Flex"],"special_seed":0,"relics":["Burning Blood","Dodecahedron","Lantern","Boot","Pandora\u0027s Box","War Paint","Pen Nib","Astrolabe","Champion Belt"],"potions_floor_usage":[14,16,19,27,33,38],"damage_taken":[{"damage":2.0,"enemies":"2 Louse","floor":1.0,"turns":4.0},{"damage":1,"enemies":"Cultist","floor":4,"turns":3},{"damage":33,"enemies":"Lagavulin","floor":7,"turns":7},{"damage":2,"enemies":"Jaw Worm","floor":8,"turns":4},{"damage":0,"enemies":"2 Fungi Beasts","floor":11,"turns":6},{"damage":11,"enemies":"Exordium Wildlife","floor":12,"turns":7},{"damage":0,"enemies":"Blue Slaver","floor":14,"turns":2},{"damage":18,"enemies":"Slime Boss","floor":16,"turns":12},{"damage":14,"enemies":"3 Byrds","floor":18,"turns":4},{"damage":15,"enemies":"Chosen","floor":19,"turns":3},{"damage":44,"enemies":"Centurion and Healer","floor":25,"turns":5},{"damage":20,"enemies":"Shelled Parasite and Fungi","floor":27,"turns":5},{"damage":12,"enemies":"Chosen and Byrds","floor":29,"turns":4},{"damage":43,"enemies":"Snake Plant","floor":31,"turns":5},{"damage":92,"enemies":"Automaton","floor":33,"turns":9},{"damage":36,"enemies":"3 Darklings","floor":35,"turns":4},{"damage":19,"enemies":"Mind Bloom Boss Battle","floor":37,"turns":6},{"damage":18,"enemies":"Orb Walker","floor":38,"turns":3},{"damage":62,"enemies":"Writhing Mass","floor":39,"turns":5}],"seed_played":"-586841451307469778","potions_obtained":[{"floor":1,"key":"Regen Potion"},{"floor":7,"key":"SteroidPotion"},{"floor":14,"key":"Fruit Juice"},{"floor":16,"key":"Dexterity Potion"},{"floor":18,"key":"AttackPotion"},{"floor":25,"key":"Explosive Potion"},{"floor":29,"key":"Strength Potion"},{"floor":37,"key":"Dexterity Potion"}],"is_trial":false,"path_per_floor":["M","M","?","$","M","$","R","E","M","T","$","M","M","R","M","R","B",null,"M","M","?","?","$","R","?","M","T","M","?","M","R","M","R","B",null,"M","?","?","M","M"],"character_chosen":"IRONCLAD","items_purchased":["Dodecahedron","Jack Of All Trades","Panacea"],"campfire_rested":3,"item_purchase_floors":[3,5,10],"current_hp_per_floor":[72,72,72,72,72,72,45,49,49,49,58,56,78,86,86,78,87,83,74,74,74,74,74,74,44,44,49,49,51,82,50,81,14,82,66,56,56,44,0],"gold":340,"neow_bonus":"TWO_FIFTY_GOLD","is_prod":false,"is_daily":false,"chose_seed":false,"campfire_upgraded":3,"win_rate":0,"timestamp":1544673721,"path_taken":["M","?","$","M","$","R","E","M","T","?","M","M","R","M","R","BOSS","M","M","?","?","?","R","?","?","T","M","?","M","R","M","R","BOSS","M","?","?","M","M"],"build_version":"2018-12-06","purchased_purges":1,"victory":false,"max_hp_per_floor":[72,72,72,72,72,72,72,72,72,72,75,78,78,86,86,90,90,94,94,94,94,94,94,94,97,97,104,104,104,104,104,104,104,104,104,104,108,108,108],"card_choices":[{"not_picked":["Wild Strike","Havoc"],"picked":"Feel No Pain","floor":1},{"not_picked":["Anger","Cleave"],"picked":"Warcry","floor":4},{"not_picked":["Metallicize","Warcry"],"picked":"Clash","floor":7},{"not_picked":["Body Slam","Thunderclap"],"picked":"Feed","floor":8},{"not_picked":["Body Slam","Anger"],"picked":"Seeing Red","floor":11},{"not_picked":["Combust","Heavy Blade","Body Slam"],"picked":"SKIP","floor":12},{"not_picked":["Thunderclap","Whirlwind","Body Slam"],"picked":"SKIP","floor":14},{"not_picked":["Brutality","Offering"],"picked":"Feed","floor":16},{"not_picked":["True Grit","Headbutt+1","Sever Soul+1"],"picked":"SKIP","floor":18},{"not_picked":["Shrug It Off","Twin Strike"],"picked":"Reaper","floor":19},{"not_picked":["Perfected Strike+1","Body Slam"],"picked":"Flex","floor":25},{"not_picked":["Thunderclap","Flex","Iron Wave"],"picked":"SKIP","floor":27},{"not_picked":["Twin Strike","Seeing Red"],"picked":"True Grit+1","floor":29},{"not_picked":["Whirlwind+1","Clothesline+1"],"picked":"Havoc+1","floor":31},{"not_picked":["Shrug It Off+1","Armaments"],"picked":"Anger","floor":35},{"not_picked":["Dark Shackles","PanicButton"],"picked":"Magnetism","floor":36},{"not_picked":["Madness","Finesse"],"picked":"Dark Shackles","floor":36},{"not_picked":["Jack Of All Trades","Forethought"],"picked":"Apotheosis","floor":36},{"not_picked":["Wild Strike+1","Thunderclap+1"],"picked":"Flex","floor":37},{"not_picked":["Entrench","Power Through+1","Perfected Strike+1"],"picked":"SKIP","floor":38}],"player_experience":631981,"relics_obtained":[{"floor":7,"key":"Lantern"},{"floor":9,"key":"Boot"},{"floor":26,"key":"Pen Nib"},{"floor":37,"key":"Champion Belt"}],"event_choices":[{"damage_healed":0,"gold_gain":0,"player_choice":"Upgraded","damage_taken":0,"max_hp_gain":0,"max_hp_loss":0,"event_name":"Upgrade Shrine","floor":2,"gold_loss":0,"cards_upgraded":["Feel No Pain"]},{"damage_healed":0,"gold_gain":0,"player_choice":"Obtained Relic","damage_taken":0,"relics_obtained":["War Paint"],"max_hp_gain":0,"max_hp_loss":0,"event_name":"Addict","floor":20,"gold_loss":85},{"damage_healed":0,"gold_gain":0,"player_choice":"Ignored","damage_taken":0,"max_hp_gain":0,"max_hp_loss":0,"event_name":"Ghosts","floor":21,"gold_loss":0},{"cards_removed":["Perfected Strike"],"damage_healed":0,"gold_gain":0,"player_choice":"Elegance","damage_taken":0,"max_hp_gain":0,"max_hp_loss":0,"event_name":"Back to Basics","floor":24,"gold_loss":0},{"damage_healed":0,"gold_gain":0,"player_choice":"Ignored","damage_taken":0,"max_hp_gain":0,"max_hp_loss":0,"event_name":"Vampires","floor":28,"gold_loss":0},{"damage_healed":0,"gold_gain":0,"player_choice":"Memory 3","damage_taken":10,"max_hp_gain":0,"max_hp_loss":0,"event_name":"SensoryStone","floor":36,"gold_loss":0},{"damage_healed":0,"gold_gain":0,"player_choice":"Fight","damage_taken":0,"max_hp_gain":0,"max_hp_loss":0,"event_name":"MindBloom","floor":37,"gold_loss":0}],"is_beta":false,"boss_relics":[{"not_picked":["White Beast Statue","Runic Dome"],"picked":"Pandora\u0027s Box"},{"not_picked":["Runic Cube","Calling Bell"],"picked":"Astrolabe"}],"items_purged_floors":[22],"is_endless":false,"potions_floor_spawned":[1,7,14,16,18,25,29,37],"killed_by":"Writhing Mass","ascension_level":8}