{"gold_per_floor":[111,111,14,189,268,293,309,129,204,204,12,12,29,40,40,145,145,128,128,138,158,122,122,122,147,194,220,63,80,115,133,133,231,231,248,52,52,71,87,87,87,87],"floor_reached":42,"playtime":1967,"items_purged":[],"score":695,"play_id":"1d83843f-c766-4ac1-babd-4770d3201163","local_time":"20181213181414","is_ascension_mode":true,"campfire_choices":[{"data":"Apotheosis","floor":10,"key":"SMITH"},{"floor":15,"key":"RECALL"},{"floor":23,"key":"REST"},{"floor":32,"key":"REST"},{"floor":40,"key":"REST"}],"neow_cost":"NONE","seed_source_timestamp":89109678958708,"circlet_count":0,"master_deck":["Strike_R","Strike_R","Strike_R","Strike_R+1","Defend_R","Defend_R","Defend_R","Defend_R","Bash+1","Sword Boomerang","Barricade","PanicButton","Warcry","Iron Wave","Apotheosis+1","Shrug It Off","Impervious","Flame Barrier","Necronomicurse","Entrench","Pain","Writhe"],"relics":["Burning Blood","NeowsBlessing","Blue Candle","Pocketwatch","Gremlin Horn","TheAbacus","Spirit Poop","Fusion Hammer","Necronomicon","Magic Flower","Whetstone","Happy Flower","Oddly Smooth Stone","Singing Bowl","Black Star","Membership Card","WarpedTongs"],"potions_floor_usage":[18,20,21,25,30,31,35,39],"damage_taken":[{"damage":0,"enemies":"Jaw Worm","floor":1,"turns":1},{"damage":1,"enemies":"Lagavulin","floor":6,"turns":2},{"damage":0,"enemies":"Small Slimes","floor":7,"turns":1},{"damage":0,"enemies":"Cultist","floor":13,"turns":4},{"damage":2,"enemies":"2 Fungi Beasts","floor":14,"turns":4},{"damage":6,"enemies":"The Guardian","floor":16,"turns":12},{"damage":6,"enemies":"2 Thieves","floor":18,"turns":4},{"damage":3,"enemies":"3 Byrds","floor":20,"turns":4},{"damage":7,"enemies":"Snecko","floor":21,"turns":7},{"damage":19,"enemies":"Gremlin Leader","floor":25,"turns":10},{"damage":15,"enemies":"Book of Stabbing","floor":27,"turns":7},{"damage":0,"enemies":"Cultist and Chosen","floor":29,"turns":7},{"damage":25,"enemies":"Slavers","floor":30,"turns":12},{"damage":6,"enemies":"Snake Plant","floor":31,"turns":5},{"damage":11,"enemies":"Champ","floor":33,"turns":17},{"damage":0,"enemies":"Orb Walker","floor":35,"turns":6},{"damage":32,"enemies":"3 Shapes","floor":38,"turns":6},{"damage":24,"enemies":"Sphere and 2 Shapes","floor":39,"turns":9},{"damage":116,"enemies":"Giant Head","floor":42,"turns":14}],"seed_played":"-4252004419021587760","potions_obtained":[{"floor":1,"key":"Ancient Potion"},{"floor":14,"key":"AttackPotion"},{"floor":16,"key":"Block Potion"},{"floor":18,"key":"LiquidBronze"},{"floor":21,"key":"Dexterity Potion"},{"floor":30,"key":"Weak Potion"},{"floor":33,"key":"Fire Potion"},{"floor":35,"key":"Fruit Juice"}],"is_trial":false,"path_per_floor":["M","?","$","?","T","E","M","$","T","R","$","?","M","M","R","B",null,"M","?","M","M","$","R","?","E","T","E","$","M","E","M","R","B",null,"M","$","?","M","M","R","?","E"],"character_chosen":"IRONCLAD","items_purchased":["PanicButton","Apotheosis","TheAbacus","Flame Barrier","Oddly Smooth Stone","Membership Card"],"campfire_rested":3,"item_purchase_floors":[3,8,11,22,28,36],"current_hp_per_floor":[78,78,78,78,78,80,80,80,80,80,80,80,80,80,80,80,80,80,80,80,79,79,80,64,51,51,45,45,54,40,45,70,70,82,91,91,91,70,57,85,95,0],"gold":87,"neow_bonus":"THREE_ENEMY_KILL","is_prod":false,"is_daily":false,"chose_seed":false,"campfire_upgraded":1,"win_rate":0,"timestamp":1544742854,"path_taken":["M","?","$","?","?","E","M","$","T","R","$","?","?","M","R","BOSS","M","?","?","M","$","R","?","E","T","E","$","M","E","M","R","BOSS","M","$","?","?","M","R","?","E"],"build_version":"2018-12-06","purchased_purges":0,"victory":false,"max_hp_per_floor":[80,80,80,80,80,80,80,80,80,80,80,80,80,80,80,80,80,80,80,80,80,80,80,80,80,80,80,80,80,82,84,84,86,86,91,91,91,93,95,95,95,95],"card_choices":[{"not_picked":["Sentinel","Heavy Blade"],"picked":"Sword Boomerang","floor":1},{"not_picked":["Clash","Fire Breathing"],"picked":"Warcry","floor":6},{"not_picked":["Second Wind","True Grit"],"picked":"Iron Wave","floor":7},{"not_picked":["Corruption","Wild Strike","Pummel"],"picked":"SKIP","floor":13},{"not_picked":["Sword Boomerang","Rupture"],"picked":"Shrug It Off","floor":14},{"not_picked":["Demon Form","Fiend Fire"],"picked":"Impervious","floor":16},{"not_picked":["Heavy Blade+1","Pummel","Reckless Charge+1"],"picked":"SKIP","floor":18},{"not_picked":["Perfected Strike+1","Havoc+1","Clash"],"picked":"SKIP","floor":20},{"not_picked":["Hemokinesis","Fire Breathing","Bloodletting"],"picked":"SKIP","floor":21},{"not_picked":["Flex","Corruption","Exhume"],"picked":"SKIP","floor":25},{"not_picked":["Barricade","Clash","Intimidate"],"picked":"SKIP","floor":27},{"not_picked":["Iron Wave+1","Anger","Combust"],"picked":"SKIP","floor":29},{"not_picked":["Shrug It Off","Pummel","Searing Blow+1"],"picked":"Singing Bowl","floor":30},{"not_picked":["Shrug It Off","Thunderclap","Blood for Blood"],"picked":"Singing Bowl","floor":31},{"not_picked":["Dark Embrace","Exhume","Immolate"],"picked":"Singing Bowl","floor":33},{"not_picked":["Wild Strike+1","Clash+1"],"picked":"Entrench","floor":35},{"not_picked":["Blood for Blood","Clash+1","Battle Trance"],"picked":"Singing Bowl","floor":38},{"not_picked":["Immolate","Bloodletting+1","Carnage"],"picked":"Singing Bowl","floor":39}],"player_experience":635281,"relics_obtained":[{"floor":5,"key":"Blue Candle"},{"floor":6,"key":"Pocketwatch"},{"floor":9,"key":"Gremlin Horn"},{"floor":24,"key":"Necronomicon"},{"floor":25,"key":"Magic Flower"},{"floor":26,"key":"Whetstone"},{"floor":27,"key":"Happy Flower"},{"floor":30,"key":"Singing Bowl"}],"event_choices":[{"damage_healed":0,"gold_gain":0,"cards_transformed":["Strike_R"],"player_choice":"Change","damage_taken":0,"max_hp_gain":0,"max_hp_loss":0,"event_name":"Living Wall","floor":2,"gold_loss":0,"cards_obtained":["Barricade"]},{"damage_healed":0,"gold_gain":175,"player_choice":"AGREE","damage_taken":0,"max_hp_gain":0,"max_hp_loss":0,"event_name":"Liars Game","floor":4,"gold_loss":0,"cards_obtained":["Doubt"]},{"cards_removed":["Doubt"],"damage_healed":0,"gold_gain":0,"player_choice":"Offered Curse","damage_taken":0,"relics_obtained":["Spirit Poop"],"max_hp_gain":0,"max_hp_loss":0,"event_name":"Bonfire Elementals","floor":12,"gold_loss":0},{"damage_healed":0,"gold_gain":0,"player_choice":"Got Potions","damage_taken":0,"max_hp_gain":0,"max_hp_loss":0,"event_name":"Lab","floor":19,"gold_loss":0},{"damage_healed":0,"gold_gain":0,"player_choice":"Obtained Book","damage_taken":16,"max_hp_gain":0,"max_hp_loss":0,"event_name":"Cursed Tome","floor":24,"gold_loss":0},{"damage_healed":0,"gold_gain":0,"player_choice":"Rummage","damage_taken":0,"relics_obtained":["WarpedTongs"],"max_hp_gain":0,"max_hp_loss":0,"event_name":"Accursed Blacksmith","floor":37,"gold_loss":0,"cards_obtained":["Pain"]},{"damage_healed":24,"gold_gain":0,"player_choice":"Writhe","damage_taken":0,"max_hp_gain":0,"max_hp_loss":0,"event_name":"Winding Halls","floor":41,"gold_loss":0,"cards_obtained":["Writhe"]}],"is_beta":false,"boss_relics":[{"not_picked":["Ectoplasm","Mark of Pain"],"picked":"Fusion Hammer"},{"not_picked":["Philosopher\u0027s Stone","Runic Cube"],"picked":"Black Star"}],"items_purged_floors":[],"is_endless":false,"potions_floor_spawned":[1,14,16,18,21,30,33,35],"killed_by":"Giant Head","ascension_level":8}