{"gold_per_floor":[113,126,144,144,155,155,155,202,255,255,272,307,307,335,335,432,432,448,462,462,472,146,146,160,160,160,178,29,29,44,44,44,139,139,159,11,22,22,22,22,34,34],"floor_reached":42,"playtime":2082,"items_purged":["Strike_R"],"score":606,"play_id":"9e14a8c5-9be3-4469-9ccc-85a0648cfde7","local_time":"20181211214027","is_ascension_mode":true,"campfire_choices":[{"data":"Armaments","floor":6.0,"key":"SMITH"},{"data":"Cleave","floor":13.0,"key":"SMITH"},{"floor":15.0,"key":"REST"},{"floor":23,"key":"REST"},{"floor":25,"key":"REST"},{"floor":29,"key":"REST"},{"data":"Entrench","floor":32,"key":"SMITH"},{"data":"Metallicize","floor":40,"key":"SMITH"}],"neow_cost":"NONE","seed_source_timestamp":0,"circlet_count":0,"master_deck":["Strike_R+1","Defend_R","Defend_R","Defend_R","Defend_R","Bash+1","Intimidate","Armaments+1","Cleave+1","Barricade","Juggernaut+1","Battle Trance","Body Slam+1","Seeing Red+1","Anger+1","Entrench+1","Juggernaut","Metallicize+1","Body Slam+1","Finesse","Rampage+1"],"special_seed":0,"relics":["Burning Blood","Anchor","Smiling Mask","Pen Nib","Red Skull","Vajra","Kunai","Snecko Eye","Molten Egg 2","Shuriken","Whetstone","Empty Cage"],"potions_floor_usage":[16,18,33,42],"damage_taken":[{"damage":4.0,"enemies":"Jaw Worm","floor":1.0,"turns":4.0},{"damage":0.0,"enemies":"Small Slimes","floor":2.0,"turns":4.0},{"damage":3.0,"enemies":"Cultist","floor":3.0,"turns":4.0},{"damage":0.0,"enemies":"Exordium Wildlife","floor":5.0,"turns":3.0},{"damage":3.0,"enemies":"Red Slaver","floor":11.0,"turns":5.0},{"damage":22.0,"enemies":"3 Sentries","floor":12.0,"turns":8.0},{"damage":30.0,"enemies":"Lagavulin","floor":14.0,"turns":5.0},{"damage":58,"enemies":"Hexaghost","floor":16,"turns":13},{"damage":3,"enemies":"Chosen","floor":18,"turns":6},{"damage":56,"enemies":"3 Byrds","floor":19,"turns":6},{"damage":22,"enemies":"Shelled Parasite and Fungi","floor":21,"turns":6},{"damage":10,"enemies":"Sentry and Sphere","floor":24,"turns":4},{"damage":10,"enemies":"Snake Plant","floor":27,"turns":5},{"damage":10,"enemies":"Cultist and Chosen","floor":30,"turns":5},{"damage":9,"enemies":"Champ","floor":33,"turns":11},{"damage":0,"enemies":"Orb Walker","floor":35,"turns":3},{"damage":16,"enemies":"3 Darklings","floor":37,"turns":6},{"damage":15,"enemies":"Maw","floor":41,"turns":7},{"damage":78,"enemies":"Nemesis","floor":42,"turns":6}],"seed_played":"-5539936765289911888","potions_obtained":[{"floor":1.0,"key":"Poison Potion"},{"floor":3.0,"key":"Poison Potion"},{"floor":5.0,"key":"SteroidPotion"},{"floor":10.0,"key":"Fire Potion"},{"floor":10.0,"key":"FairyPotion"},{"floor":10.0,"key":"Fire Potion"},{"floor":12.0,"key":"BloodPotion"},{"floor":21,"key":"Ancient Potion"},{"floor":30,"key":"Block Potion"},{"floor":33,"key":"BloodPotion"},{"floor":35,"key":"Fire Potion"}],"is_trial":false,"path_per_floor":["M","M","M","?","M","R","?","T","T","?","M","E","R","E","R","B",null,"M","M","?","M","$","R","M","R","T","M","$","R","M","$","R","B",null,"M","$","M","?","$","R","M","E"],"character_chosen":"IRONCLAD","items_purchased":["Molten Egg 2","Body Slam+1","Whetstone","Body Slam+1","Finesse"],"campfire_rested":4,"item_purchase_floors":[22,22,28,36,36],"current_hp_per_floor":[74,80,80,73,79,79,72,72,72,72,75,59,59,35,59,15,64,67,17,17,12,12,36,32,56,56,52,52,76,72,72,72,69,77,80,80,70,70,70,70,61,0],"gold":34,"neow_bonus":"RANDOM_COMMON_RELIC","is_prod":false,"is_daily":false,"chose_seed":false,"campfire_upgraded":4,"win_rate":0,"timestamp":1544582427,"path_taken":["M","M","M","?","M","R","?","?","T","?","?","E","R","E","R","BOSS","M","M","?","?","?","R","M","R","T","M","$","R","M","$","R","BOSS","M","?","M","?","$","R","M","E"],"build_version":"2018-12-06","purchased_purges":1,"victory":false,"max_hp_per_floor":[80,80,80,80,80,80,80,80,80,80,80,80,80,80,80,80,80,80,80,80,80,80,80,80,80,80,80,80,80,80,80,80,80,80,80,80,80,80,80,80,80,80],"card_choices":[{"not_picked":["Perfected Strike","Armaments"],"picked":"Intimidate","floor":1.0},{"not_picked":["Shrug It Off","Flex"],"picked":"Armaments","floor":2.0},{"not_picked":["Armaments","Flex"],"picked":"Cleave","floor":3.0},{"not_picked":["Shockwave","Perfected Strike","Pummel"],"picked":"SKIP","floor":5.0},{"not_picked":["Disarm","Hemokinesis","Uppercut"],"picked":"SKIP","floor":11.0},{"not_picked":["Sever Soul","Shockwave","Warcry"],"picked":"SKIP","floor":12.0},{"not_picked":["Sever Soul","Shockwave","Warcry"],"picked":"SKIP","floor":12.0},{"not_picked":["Rampage","Inflame"],"picked":"Barricade","floor":14.0},{"not_picked":["Demon Form","Exhume"],"picked":"Juggernaut","floor":16},{"not_picked":["Infernal Blade","Cleave","Pummel+1"],"picked":"SKIP","floor":18},{"not_picked":["Twin Strike","Hemokinesis+1"],"picked":"Battle Trance","floor":19},{"not_picked":["Perfected Strike","Twin Strike+1","Sword Boomerang"],"picked":"SKIP","floor":21},{"not_picked":["Feel No Pain","Evolve"],"picked":"Seeing Red+1","floor":24},{"not_picked":["Combust","Pommel Strike+1"],"picked":"Anger+1","floor":27},{"not_picked":["Double Tap","Thunderclap+1"],"picked":"Entrench","floor":30},{"not_picked":["Berserk","Demon Form"],"picked":"Juggernaut","floor":33},{"not_picked":["Seeing Red+1","Thunderclap+1"],"picked":"Metallicize","floor":35},{"not_picked":["Flex+1","Armaments","Spot Weakness+1"],"picked":"SKIP","floor":37},{"not_picked":["Combust+1","Pummel+1"],"picked":"Rampage+1","floor":41}],"player_experience":628398,"relics_obtained":[{"floor":8.0,"key":"Pen Nib"},{"floor":9.0,"key":"Red Skull"},{"floor":12.0,"key":"Vajra"},{"floor":14.0,"key":"Kunai"},{"floor":26,"key":"Shuriken"}],"event_choices":[{"cards_removed":["Strike_R"],"damage_healed":0.0,"max_hp_gain":0.0,"max_hp_loss":0.0,"gold_gain":0.0,"event_name":"Golden Wing","player_choice":"Card Removal","floor":4.0,"gold_loss":0.0,"damage_taken":7.0},{"damage_healed":0.0,"max_hp_gain":0.0,"max_hp_loss":0.0,"gold_gain":0.0,"event_name":"Scrap Ooze","player_choice":"Success","floor":7.0,"gold_loss":0.0,"damage_taken":7.0,"relics_obtained":["Smiling Mask"]},{"damage_healed":0.0,"max_hp_gain":0.0,"max_hp_loss":0.0,"gold_gain":0.0,"event_name":"Lab","player_choice":"Got Potions","floor":10.0,"gold_loss":0.0,"damage_taken":0.0},{"damage_healed":0,"gold_gain":0,"player_choice":"Upgraded","damage_taken":0,"max_hp_gain":0,"max_hp_loss":0,"event_name":"Upgrade Shrine","floor":20,"gold_loss":0,"cards_upgraded":["Juggernaut"]},{"damage_healed":0,"gold_gain":0,"player_choice":"Ignored","damage_taken":0,"max_hp_gain":0,"max_hp_loss":0,"event_name":"SecretPortal","floor":38,"gold_loss":0}],"is_beta":false,"boss_relics":[{"not_picked":["Astrolabe","Runic Dome"],"picked":"Snecko Eye"},{"not_picked":["Cursed Key","Runic Cube"],"picked":"Empty Cage"}],"items_purged_floors":[22],"is_endless":false,"potions_floor_spawned":[1,3,5,12,21,30,33,35,37],"killed_by":"Nemesis","ascension_level":8}