{"gold_per_floor":[112,287,306,256,66,97,97,97,97,107,107,132,132,163,163,261,261,275,289,289,214,233,233,233,252,279,297,316,328,328,338,338,438,438,450,151,161,161,161,161,190,190,190,190,207,44,58,68,68,68],"floor_reached":50,"playtime":1804,"items_purged":["Heavy Blade","Shockwave"],"score":710,"play_id":"977e332b-18a0-4782-939a-0af0b0520068","local_time":"20181210230801","is_ascension_mode":true,"campfire_choices":[{"data":"Bash","floor":7,"key":"SMITH"},{"data":"Warcry","floor":11,"key":"SMITH"},{"data":"Pommel Strike","floor":13,"key":"SMITH"},{"floor":15,"key":"REST"},{"floor":23,"key":"REST"},{"floor":30,"key":"REST"},{"data":"Double Tap","floor":32,"key":"SMITH"},{"floor":40,"key":"REST"},{"floor":49,"key":"REST"}],"neow_cost":"NONE","seed_source_timestamp":453801528956918,"circlet_count":0,"master_deck":["Bash+1","Pommel Strike+1","Warcry+1","Dropkick","Clash","Infernal Blade","Limit Break","Reckless Charge","Thunderclap","Heavy Blade","Hemokinesis","Warcry","Bloodletting","Feel No Pain","Infernal Blade","Rampage","Double Tap+1","Rupture+1","Armaments+1","Limit Break","Clash+1","Dropkick","Writhe","Demon Form","Sadistic Nature","Burning Pact"],"relics":["Burning Blood","Vajra","Red Skull","Mummified Hand","Blood Vial","Lantern","Potion Belt","Pandora\u0027s Box","Regal Pillow","Lizard Tail","DollysMirror","Bag of Preparation","Paper Frog","GremlinMask"],"potions_floor_usage":[22,25,25,29,33,35,45,47,48,50,50],"damage_taken":[{"damage":1,"enemies":"Cultist","floor":1,"turns":3},{"damage":0,"enemies":"Small Slimes","floor":3,"turns":3},{"damage":45,"enemies":"3 Sentries","floor":6,"turns":12},{"damage":7,"enemies":"2 Louse","floor":10,"turns":2},{"damage":16,"enemies":"Gremlin Nob","floor":14,"turns":3},{"damage":50,"enemies":"The Guardian","floor":16,"turns":9},{"damage":24,"enemies":"2 Thieves","floor":18,"turns":3},{"damage":6,"enemies":"Spheric Guardian","floor":19,"turns":2},{"damage":17,"enemies":"Colosseum Slavers","floor":20,"turns":3},{"damage":21,"enemies":"Snake Plant","floor":22,"turns":2},{"damage":15,"enemies":"Centurion and Healer","floor":25,"turns":3},{"damage":15,"enemies":"Chosen and Byrds","floor":27,"turns":2},{"damage":24,"enemies":"Snake Plant","floor":28,"turns":2},{"damage":0,"enemies":"Snecko","floor":29,"turns":2},{"damage":19,"enemies":"Sentry and Sphere","floor":31,"turns":3},{"damage":65,"enemies":"Automaton","floor":33,"turns":7},{"damage":21,"enemies":"Orb Walker","floor":35,"turns":3},{"damage":42,"enemies":"3 Shapes","floor":37,"turns":4},{"damage":106,"enemies":"Giant Head","floor":41,"turns":7},{"damage":12,"enemies":"Transient","floor":45,"turns":5},{"damage":24,"enemies":"Sphere and 2 Shapes","floor":47,"turns":3},{"damage":33,"enemies":"Spire Growth","floor":48,"turns":4},{"damage":64,"enemies":"Donu and Deca","floor":50,"turns":3}],"seed_played":"4260807292740661362","potions_obtained":[{"floor":1,"key":"BloodPotion"},{"floor":3,"key":"FearPotion"},{"floor":16,"key":"LiquidBronze"},{"floor":22,"key":"AttackPotion"},{"floor":24,"key":"Fruit Juice"},{"floor":24,"key":"SneckoOil"},{"floor":28,"key":"SkillPotion"},{"floor":31,"key":"Block Potion"},{"floor":33,"key":"Explosive Potion"},{"floor":35,"key":"SpeedPotion"},{"floor":37,"key":"Strength Potion"},{"floor":47,"key":"SkillPotion"},{"floor":48,"key":"SteroidPotion"}],"is_trial":false,"path_per_floor":["M","?","M","?","$","E","R","?","T","M","R","T","R","E","R","B",null,"M","M","?","$","M","R","?","M","T","M","M","M","R","M","R","B",null,"M","$","M","?","?","R","E","?","T","?","M","$","M","M","R","B"],"character_chosen":"IRONCLAD","items_purchased":["Red Skull","Dropkick","DollysMirror","Sadistic Nature"],"campfire_rested":5,"item_purchase_floors":[5,5,36,46],"current_hp_per_floor":[77,77,80,80,80,41,41,46,46,47,47,47,47,39,64,22,69,53,55,46,46,33,58,58,56,56,49,33,41,83,72,72,15,71,58,58,24,47,47,89,48,48,48,48,44,44,37,12,54,0],"gold":68,"neow_bonus":"RANDOM_COMMON_RELIC","is_prod":false,"is_daily":false,"chose_seed":false,"campfire_upgraded":4,"win_rate":0,"timestamp":1544501281,"path_taken":["M","?","M","?","$","E","R","?","T","M","R","?","R","E","R","BOSS","M","M","?","$","M","R","?","?","T","M","M","M","R","M","R","BOSS","M","$","M","?","?","R","E","?","T","?","M","$","M","?","R","BOSS"],"build_version":"2018-12-06","purchased_purges":2,"victory":false,"max_hp_per_floor":[80,80,80,80,80,80,80,85,85,85,85,85,85,85,85,85,85,85,85,85,85,85,85,85,90,90,90,90,90,90,90,90,90,90,90,90,90,90,90,90,90,90,90,90,90,90,90,90,90,90],"card_choices":[{"not_picked":["Sever Soul","Bloodletting"],"picked":"Pommel Strike","floor":1},{"not_picked":["Shockwave","Clash"],"picked":"Warcry","floor":3},{"not_picked":["Perfected Strike","Anger"],"picked":"Clash","floor":6},{"not_picked":["Iron Wave","Headbutt","Twin Strike"],"picked":"SKIP","floor":10},{"not_picked":["Reckless Charge","Intimidate"],"picked":"Infernal Blade","floor":14},{"not_picked":["Bludgeon","Impervious"],"picked":"Limit Break","floor":16},{"not_picked":["Ghostly Armor","Perfected Strike"],"picked":"Infernal Blade","floor":18},{"not_picked":["Clash+1","Wild Strike"],"picked":"Rampage","floor":19},{"not_picked":["Anger+1","Dual Wield","Perfected Strike"],"picked":"SKIP","floor":22},{"not_picked":["Heavy Blade","Body Slam+1"],"picked":"Double Tap","floor":25},{"not_picked":["Body Slam","Wild Strike+1"],"picked":"Rupture+1","floor":27},{"not_picked":["Pommel Strike+1","Iron Wave"],"picked":"Armaments+1","floor":28},{"not_picked":["Intimidate","Perfected Strike+1","Rage"],"picked":"SKIP","floor":29},{"not_picked":["Havoc","Sword Boomerang","Combust"],"picked":"SKIP","floor":31},{"not_picked":["Impervious","Immolate"],"picked":"Limit Break","floor":33},{"not_picked":["Anger+1","Perfected Strike"],"picked":"Clash+1","floor":35},{"not_picked":["Havoc","True Grit","Clothesline"],"picked":"SKIP","floor":37},{"not_picked":["Anger+1","Havoc+1","Fire Breathing"],"picked":"SKIP","floor":41},{"not_picked":["Intimidate+1","Heavy Blade+1"],"picked":"Demon Form","floor":45},{"not_picked":["Uppercut","Flex+1","Body Slam+1"],"picked":"SKIP","floor":47},{"not_picked":["Heavy Blade+1","Hemokinesis"],"picked":"Burning Pact","floor":48}],"player_experience":626594,"relics_obtained":[{"floor":6,"key":"Mummified Hand"},{"floor":9,"key":"Blood Vial"},{"floor":12,"key":"Lantern"},{"floor":14,"key":"Potion Belt"},{"floor":26,"key":"Regal Pillow"},{"floor":41,"key":"Bag of Preparation"},{"floor":43,"key":"Paper Frog"}],"event_choices":[{"damage_healed":0,"gold_gain":175,"player_choice":"AGREE","damage_taken":0,"max_hp_gain":0,"max_hp_loss":0,"event_name":"Liars Game","floor":2,"gold_loss":0,"cards_obtained":["Doubt"]},{"cards_removed":["Doubt"],"damage_healed":0,"gold_gain":0,"player_choice":"Card Removal","damage_taken":0,"max_hp_gain":0,"max_hp_loss":0,"event_name":"The Cleric","floor":4,"gold_loss":50},{"damage_healed":0,"gold_gain":0,"player_choice":"Donut","damage_taken":0,"max_hp_gain":5,"max_hp_loss":0,"event_name":"Big Fish","floor":8,"gold_loss":0},{"damage_healed":0,"gold_gain":0,"player_choice":"Fight","damage_taken":0,"max_hp_gain":0,"max_hp_loss":0,"event_name":"Colosseum","floor":20,"gold_loss":0},{"damage_healed":0,"gold_gain":0,"player_choice":"Fled From Nobs","damage_taken":0,"max_hp_gain":0,"max_hp_loss":0,"event_name":"Colosseum","floor":20,"gold_loss":0},{"damage_healed":0,"gold_gain":0,"player_choice":"Got Potions","damage_taken":0,"max_hp_gain":0,"max_hp_loss":0,"event_name":"Lab","floor":24,"gold_loss":0},{"damage_healed":23,"gold_gain":0,"player_choice":"Writhe","damage_taken":0,"max_hp_gain":0,"max_hp_loss":0,"event_name":"Winding Halls","floor":38,"gold_loss":0,"cards_obtained":["Writhe"]},{"damage_healed":0,"gold_gain":0,"player_choice":"Ignored","damage_taken":0,"max_hp_gain":0,"max_hp_loss":0,"event_name":"Mysterious Sphere","floor":39,"gold_loss":0},{"damage_healed":0,"gold_gain":0,"player_choice":"Ignored","damage_taken":0,"max_hp_gain":0,"max_hp_loss":0,"event_name":"Tomb of Lord Red Mask","floor":42,"gold_loss":0},{"damage_healed":0,"gold_gain":0,"player_choice":"Trade","damage_taken":0,"relics_obtained":["GremlinMask"],"max_hp_gain":0,"max_hp_loss":0,"event_name":"FaceTrader","floor":44,"gold_loss":0}],"is_beta":false,"boss_relics":[{"not_picked":["Runic Cube","Eternal Feather"],"picked":"Pandora\u0027s Box"},{"not_picked":["Runic Dome","Coffee Dripper"],"picked":"Lizard Tail"}],"items_purged_floors":[21,36],"is_endless":false,"potions_floor_spawned":[1,3,16,20,22,28,31,33,35,37,47,48],"killed_by":"Donu and Deca","ascension_level":8}