{"gold_per_floor":[112,13,30,30,40,65,65,65],"floor_reached":8,"playtime":228,"items_purged":["Strike_R"],"score":78,"play_id":"5b6576b1-0498-429b-9559-ef234aea24f8","local_time":"20181212230619","is_ascension_mode":true,"campfire_choices":[],"neow_cost":"TEN_PERCENT_HP_LOSS","seed_source_timestamp":21968546986290,"circlet_count":0,"master_deck":["Strike_R","Strike_R","Strike_R","Strike_R","Defend_R","Defend_R","Defend_R","Defend_R","Bash","Flex","Flex","Spot Weakness","Cleave","Infernal Blade","Injury"],"relics":["Burning Blood","Charon\u0027s Ashes","Gremlin Horn","Juzu Bracelet","Golden Idol"],"potions_floor_usage":[8],"damage_taken":[{"damage":2,"enemies":"Jaw Worm","floor":1,"turns":5},{"damage":2,"enemies":"2 Louse","floor":3,"turns":2},{"damage":12,"enemies":"Small Slimes","floor":5,"turns":5},{"damage":30,"enemies":"Lagavulin","floor":6,"turns":5},{"damage":51,"enemies":"Gremlin Nob","floor":8,"turns":4}],"seed_played":"2325087103238960894","potions_obtained":[{"floor":5,"key":"GamblersBrew"}],"is_trial":false,"path_per_floor":["M","$","M","?","M","E","?","E"],"character_chosen":"IRONCLAD","items_purchased":["Flex"],"campfire_rested":0,"item_purchase_floors":[2],"current_hp_per_floor":[72,72,72,65,59,35,35,0],"gold":65,"neow_bonus":"ONE_RARE_RELIC","is_prod":false,"is_daily":false,"chose_seed":false,"campfire_upgraded":0,"win_rate":0,"timestamp":1544673979,"path_taken":["M","$","M","?","M","E","?","E"],"build_version":"2018-12-06","purchased_purges":1,"victory":false,"max_hp_per_floor":[72,72,72,72,72,72,72,72],"card_choices":[{"not_picked":["Wild Strike","Heavy Blade"],"picked":"Flex","floor":1},{"not_picked":["Heavy Blade","Thunderclap"],"picked":"Spot Weakness","floor":3},{"not_picked":["Twin Strike","Clothesline"],"picked":"Cleave","floor":5},{"not_picked":["Clothesline","Second Wind"],"picked":"Infernal Blade","floor":6}],"player_experience":634209,"relics_obtained":[{"floor":6,"key":"Juzu Bracelet"}],"event_choices":[{"damage_healed":0,"gold_gain":0,"player_choice":"Success","damage_taken":7,"relics_obtained":["Gremlin Horn"],"max_hp_gain":0,"max_hp_loss":0,"event_name":"Scrap Ooze","floor":4,"gold_loss":0},{"damage_healed":0,"gold_gain":0,"player_choice":"Take Wound","damage_taken":0,"relics_obtained":["Golden Idol"],"max_hp_gain":0,"max_hp_loss":0,"event_name":"Golden Idol","floor":7,"gold_loss":0,"cards_obtained":["Injury"]}],"is_beta":false,"boss_relics":[],"items_purged_floors":[2],"is_endless":false,"potions_floor_spawned":[5],"killed_by":"Gremlin Nob","ascension_level":8}