{"gold_per_floor":[114,32,32,32,32,32,62,62,85,119,119,119,134,309,309,309],"floor_reached":16,"playtime":458,"items_purged":[],"score":216,"play_id":"8960ab39-801c-4d95-9043-9c2b977df82a","local_time":"20181220222421","is_ascension_mode":true,"campfire_choices":[{"data":"Rampage","floor":6,"key":"SMITH"},{"data":"Shrug It Off","floor":8,"key":"SMITH"},{"floor":15,"key":"DIG"}],"neow_cost":"NONE","seed_source_timestamp":18947631511359,"circlet_count":0,"master_deck":["Strike_R","Strike_R","Strike_R","Strike_R","Defend_R","Defend_R","Defend_R","Defend_R","Bash","Thunderclap","Rampage+1","Shrug It Off+1","Clash","Twin Strike","Headbutt","Doubt"],"relics":["Burning Blood","NeowsBlessing","Centennial Puzzle","Blood Vial","WingedGreaves","Pear","Shovel","Happy Flower"],"potions_floor_usage":[16,16],"damage_taken":[{"damage":0,"enemies":"Cultist","floor":1,"turns":1},{"damage":0,"enemies":"3 Sentries","floor":7,"turns":2},{"damage":0,"enemies":"Gremlin Nob","floor":10,"turns":1},{"damage":1,"enemies":"Small Slimes","floor":13,"turns":3},{"damage":111,"enemies":"Slime Boss","floor":16,"turns":13}],"seed_played":"8535465728055526142","potions_obtained":[{"floor":1,"key":"Regen Potion"},{"floor":10,"key":"PowerPotion"}],"is_trial":false,"path_per_floor":["M","$","?","?","$","R","E","R","T","E","?","T","M","?","R","B"],"character_chosen":"IRONCLAD","items_purchased":["Rampage"],"campfire_rested":0,"item_purchase_floors":[2],"current_hp_per_floor":[78,78,78,78,78,78,80,80,80,80,87,87,90,90,90,0],"gold":309,"neow_bonus":"THREE_ENEMY_KILL","is_prod":false,"is_daily":false,"chose_seed":false,"campfire_upgraded":2,"win_rate":0,"timestamp":1545362661,"path_taken":["M","$","?","?","$","R","E","R","T","E","?","?","?","?","R","BOSS"],"build_version":"2018-12-20","purchased_purges":0,"victory":false,"max_hp_per_floor":[80,80,80,80,80,80,80,80,80,80,90,90,90,90,90,90],"card_choices":[{"not_picked":["Disarm","Heavy Blade"],"picked":"Thunderclap","floor":1},{"not_picked":["Shockwave","Rampage"],"picked":"Clash","floor":7},{"not_picked":["Perfected Strike","Heavy Blade"],"picked":"Twin Strike","floor":10},{"not_picked":["Shrug It Off","Flex"],"picked":"Headbutt","floor":13}],"player_experience":648658,"relics_obtained":[{"floor":7,"key":"Centennial Puzzle"},{"floor":9,"key":"Blood Vial"},{"floor":10,"key":"WingedGreaves"},{"floor":12,"key":"Shovel"},{"floor":15,"key":"Happy Flower"}],"event_choices":[{"damage_healed":0,"gold_gain":0,"player_choice":"Leave","damage_taken":0,"max_hp_gain":0,"max_hp_loss":0,"event_name":"The Cleric","floor":3,"gold_loss":0},{"damage_healed":0,"gold_gain":0,"cards_transformed":["Strike_R"],"player_choice":"Change","damage_taken":0,"max_hp_gain":0,"max_hp_loss":0,"event_name":"Living Wall","floor":4,"gold_loss":0,"cards_obtained":["Shrug It Off"]},{"damage_healed":0,"gold_gain":0,"player_choice":"Success","damage_taken":3,"relics_obtained":["Pear"],"max_hp_gain":0,"max_hp_loss":0,"event_name":"Scrap Ooze","floor":11,"gold_loss":0},{"damage_healed":0,"gold_gain":175,"player_choice":"AGREE","damage_taken":0,"max_hp_gain":0,"max_hp_loss":0,"event_name":"Liars Game","floor":14,"gold_loss":0,"cards_obtained":["Doubt"]}],"is_beta":false,"boss_relics":[],"items_purged_floors":[],"is_endless":false,"potions_floor_spawned":[1,10],"killed_by":"Slime Boss","ascension_level":8}