{"gold_per_floor":[116,116,116,131,63,88,88,101,101,129,129,147,175,125,125,229,229,244,58,58,73,86,118,118,147,147,147,161,161,161,191,191,287,287,303,353,353,367,385,410,430,430,454,454,470,138,238,238,238,238],"floor_reached":51,"playtime":1833,"items_purged":[],"score":1214,"play_id":"ddd43da3-4751-4fbe-9704-64dd3285df19","local_time":"20181222232142","is_ascension_mode":true,"campfire_choices":[{"data":"Spot Weakness","floor":7,"key":"SMITH"},{"data":"Bash","floor":11,"key":"SMITH"},{"floor":15,"key":"REST"},{"floor":24,"key":"REST"},{"floor":29,"key":"REST"},{"data":"Double Tap","floor":32,"key":"SMITH"},{"floor":42,"key":"REST"},{"floor":49,"key":"REST"}],"neow_cost":"NONE","seed_source_timestamp":25733185199132,"circlet_count":0,"master_deck":["Strike_R","Strike_R","Defend_R","Defend_R","Defend_R+1","Bash+1","Twin Strike+1","Spot Weakness+1","Reaper","Pommel Strike","Shockwave","Flex","Combust","Sadistic Nature","Fire Breathing+1","Intimidate","Seeing Red","Clash","Double Tap+1","Anger+1","Clash","Thunderclap+1","Clash","Whirlwind+1","Carnage+1","Rupture+1","Heavy Blade+1","Armaments+1","Writhe","Rage","Infernal Blade+1","Parasite","Rage+1","Thunderclap+1","Offering","Shrug It Off","Inflame","Perfected Strike","Rampage+1"],"relics":["Burning Blood","Bag of Marbles","FaceOfCleric","Paper Frog","Darkstone Periapt","Art of War","Strawberry","Calling Bell","Dream Catcher","Shuriken","Prayer Wheel","PreservedInsect","Orichalcum","Self Forming Clay","Letter Opener","Astrolabe","Peace Pipe","Matryoshka","Bronze Scales","Blood Vial","Red Skull","Nunchaku"],"potions_floor_usage":[12,16,18,18,21,22,33,39,50,50],"damage_taken":[{"damage":1,"enemies":"Cultist","floor":1,"turns":4},{"damage":2,"enemies":"Jaw Worm","floor":4,"turns":3},{"damage":24,"enemies":"3 Sentries","floor":6,"turns":7},{"damage":2,"enemies":"2 Louse","floor":8,"turns":3},{"damage":8,"enemies":"Gremlin Nob","floor":10,"turns":3},{"damage":10,"enemies":"Exordium Wildlife","floor":12,"turns":4},{"damage":32,"enemies":"Lagavulin","floor":13,"turns":5},{"damage":0,"enemies":"Slime Boss","floor":16,"turns":5},{"damage":27,"enemies":"2 Thieves","floor":18,"turns":4},{"damage":7,"enemies":"Chosen","floor":21,"turns":3},{"damage":62,"enemies":"Snecko","floor":22,"turns":6},{"damage":51,"enemies":"Gremlin Leader","floor":23,"turns":7},{"damage":61,"enemies":"Slavers","floor":25,"turns":5},{"damage":41,"enemies":"Centurion and Healer","floor":28,"turns":7},{"damage":17,"enemies":"Gremlin Leader","floor":31,"turns":4},{"damage":62,"enemies":"Collector","floor":33,"turns":6},{"damage":28,"enemies":"3 Darklings","floor":35,"turns":5},{"damage":22,"enemies":"2 Orb Walkers","floor":36,"turns":3},{"damage":17,"enemies":"3 Shapes","floor":38,"turns":3},{"damage":6,"enemies":"3 Darklings","floor":39,"turns":2},{"damage":48,"enemies":"Giant Head","floor":40,"turns":6},{"damage":36,"enemies":"Maw","floor":41,"turns":7},{"damage":49,"enemies":"Writhing Mass","floor":45,"turns":7},{"damage":13,"enemies":"Mind Bloom Boss Battle","floor":47,"turns":5},{"damage":78,"enemies":"Donu and Deca","floor":50,"turns":6}],"seed_played":"6445923354082180775","potions_obtained":[{"floor":6,"key":"Ancient Potion"},{"floor":8,"key":"GamblersBrew"},{"floor":10,"key":"Swift Potion"},{"floor":13,"key":"AttackPotion"},{"floor":16,"key":"SteroidPotion"},{"floor":18,"key":"AttackPotion"},{"floor":25,"key":"PowerPotion"},{"floor":28,"key":"EssenceOfSteel"},{"floor":33,"key":"Energy Potion"},{"floor":39,"key":"Poison Potion"},{"floor":40,"key":"LiquidBronze"},{"floor":41,"key":"Explosive Potion"}],"is_trial":false,"path_per_floor":["M","?","?","M","$","E","R","M","T","E","R","M","E","?","R","B",null,"M","$","?","M","M","E","R","E","T","?","M","R","?","E","R","B",null,"M","?","?","M","M","E","M","R","T","?","M","$","?","?","R","B",null],"character_chosen":"IRONCLAD","items_purchased":["Spot Weakness","Sadistic Nature","Offering","Red Skull","Shrug It Off"],"campfire_rested":5,"item_purchase_floors":[5,19,46,46,46],"current_hp_per_floor":[77,61,61,66,66,49,49,58,58,64,64,65,54,54,81,88,111,99,99,99,99,51,26,60,27,27,66,52,87,87,98,98,61,103,96,81,117,124,125,93,69,107,107,107,80,80,76,76,117,48],"gold":238,"neow_bonus":"RANDOM_COMMON_RELIC","is_prod":false,"is_daily":false,"chose_seed":false,"campfire_upgraded":3,"win_rate":0,"timestamp":1545538902,"path_taken":["M","?","?","?","$","E","R","M","T","E","R","M","E","?","R","BOSS","M","$","?","M","?","E","R","E","T","?","M","R","?","E","R","BOSS","M","?","?","?","M","E","M","R","T","?","M","$","?","?","R","BOSS"],"build_version":"2018-12-20","purchased_purges":0,"victory":true,"max_hp_per_floor":[80,80,80,81,81,82,82,83,83,84,84,85,93,93,93,94,112,113,113,113,114,115,116,116,117,117,117,118,118,115,116,116,117,117,118,119,125,126,127,128,129,129,129,129,136,136,137,137,137,138],"card_choices":[{"not_picked":["Anger","Reckless Charge"],"picked":"Twin Strike","floor":1},{"not_picked":["Feel No Pain","True Grit","Wild Strike"],"picked":"SKIP","floor":4},{"not_picked":["Armaments","Iron Wave"],"picked":"Reaper","floor":6},{"not_picked":["Blood for Blood","Iron Wave"],"picked":"Pommel Strike","floor":8},{"not_picked":["Anger","Flame Barrier","Corruption"],"picked":"SKIP","floor":10},{"not_picked":["Pommel Strike","Iron Wave","Armaments"],"picked":"SKIP","floor":12},{"not_picked":["Disarm","Wild Strike"],"picked":"Shockwave","floor":13},{"not_picked":["Twin Strike","Wild Strike+1"],"picked":"Flex","floor":18},{"not_picked":["Iron Wave","Corruption"],"picked":"Combust","floor":18},{"not_picked":["Entrench","Sword Boomerang"],"picked":"Fire Breathing+1","floor":21},{"not_picked":["True Grit","Wild Strike"],"picked":"Intimidate","floor":21},{"not_picked":["Power Through+1","Armaments"],"picked":"Seeing Red","floor":22},{"not_picked":["Body Slam","Headbutt","Rupture"],"picked":"SKIP","floor":22},{"not_picked":["Cleave","Ghostly Armor+1"],"picked":"Clash","floor":23},{"not_picked":["Second Wind","Headbutt"],"picked":"Double Tap","floor":24},{"not_picked":["Intimidate","Sever Soul","Searing Blow+1"],"picked":"SKIP","floor":25},{"not_picked":["Perfected Strike","Headbutt"],"picked":"Anger+1","floor":28},{"not_picked":["Body Slam+1","Pommel Strike"],"picked":"Clash","floor":28},{"not_picked":["Cleave","Intimidate"],"picked":"Thunderclap+1","floor":29},{"not_picked":["Combust","Rampage+1"],"picked":"Clash","floor":31},{"not_picked":["Pummel+1","Body Slam+1"],"picked":"Heavy Blade+1","floor":35},{"not_picked":["Disarm+1","Wild Strike","Entrench+1"],"picked":"SKIP","floor":35},{"not_picked":["Clothesline+1","Spot Weakness"],"picked":"Armaments+1","floor":36},{"not_picked":["Rupture","Disarm","Reckless Charge+1"],"picked":"SKIP","floor":38},{"not_picked":["Disarm","Wild Strike+1","Sword Boomerang+1"],"picked":"SKIP","floor":38},{"not_picked":["Thunderclap+1","Twin Strike+1"],"picked":"Rage","floor":39},{"not_picked":["Flex","Evolve+1","Burning Pact+1"],"picked":"SKIP","floor":39},{"not_picked":["Rupture","Burning Pact+1","Heavy Blade+1"],"picked":"SKIP","floor":40},{"not_picked":["Rupture+1","Anger"],"picked":"Infernal Blade+1","floor":41},{"not_picked":["Barricade","Armaments"],"picked":"Headbutt","floor":41},{"not_picked":["Infernal Blade+1","Pommel Strike+1"],"picked":"Rage+1","floor":45},{"not_picked":["Pummel","Sever Soul"],"picked":"Thunderclap+1","floor":45},{"not_picked":["Dark Embrace","Twin Strike"],"picked":"Rampage+1","floor":49}],"player_experience":651372,"relics_obtained":[{"floor":6,"key":"Paper Frog"},{"floor":9,"key":"Darkstone Periapt"},{"floor":10,"key":"Art of War"},{"floor":13,"key":"Strawberry"},{"floor":17,"key":"Dream Catcher"},{"floor":17,"key":"Shuriken"},{"floor":17,"key":"Prayer Wheel"},{"floor":23,"key":"PreservedInsect"},{"floor":25,"key":"Orichalcum"},{"floor":26,"key":"Self Forming Clay"},{"floor":31,"key":"Letter Opener"},{"floor":36,"key":"Peace Pipe"},{"floor":40,"key":"Matryoshka"},{"floor":43,"key":"Bronze Scales"},{"floor":43,"key":"Blood Vial"},{"floor":47,"key":"Nunchaku"}],"event_choices":[{"damage_healed":0,"gold_gain":0,"player_choice":"Entered Light","damage_taken":16,"max_hp_gain":0,"max_hp_loss":0,"event_name":"Shining Light","floor":2,"gold_loss":0,"cards_upgraded":["Twin Strike","Defend_R"]},{"damage_healed":0,"gold_gain":0,"player_choice":"Trade","damage_taken":0,"relics_obtained":["FaceOfCleric"],"max_hp_gain":0,"max_hp_loss":0,"event_name":"FaceTrader","floor":3,"gold_loss":0},{"cards_removed":["Strike_R"],"damage_healed":0,"gold_gain":0,"player_choice":"Card Removal","damage_taken":0,"max_hp_gain":0,"max_hp_loss":0,"event_name":"The Cleric","floor":14,"gold_loss":50},{"cards_removed":["Decay"],"damage_healed":0,"gold_gain":0,"player_choice":"Purged","damage_taken":0,"max_hp_gain":0,"max_hp_loss":0,"event_name":"Purifier","floor":20,"gold_loss":0},{"damage_healed":39,"gold_gain":0,"player_choice":"Heal","damage_taken":0,"max_hp_gain":0,"max_hp_loss":0,"event_name":"The Library","floor":27,"gold_loss":0},{"cards_removed":["Writhe","Parasite"],"damage_healed":0,"gold_gain":0,"player_choice":"Removed Curses","damage_taken":0,"max_hp_gain":0,"max_hp_loss":0,"event_name":"Fountain of Cleansing","floor":30,"gold_loss":0},{"damage_healed":0,"gold_gain":0,"player_choice":"Fight","damage_taken":0,"max_hp_gain":0,"max_hp_loss":0,"event_name":"Mysterious Sphere","floor":36,"gold_loss":0},{"damage_healed":30,"gold_gain":0,"player_choice":"Writhe","damage_taken":0,"max_hp_gain":0,"max_hp_loss":0,"event_name":"Winding Halls","floor":37,"gold_loss":0,"cards_obtained":["Writhe"]},{"cards_removed":["Headbutt"],"damage_healed":0,"gold_gain":0,"player_choice":"Removed Attack","damage_taken":0,"max_hp_gain":0,"max_hp_loss":0,"event_name":"Falling","floor":44,"gold_loss":0},{"damage_healed":0,"gold_gain":0,"player_choice":"Fight","damage_taken":0,"max_hp_gain":0,"max_hp_loss":0,"event_name":"MindBloom","floor":47,"gold_loss":0},{"damage_healed":0,"gold_gain":0,"player_choice":"2 cards matched","damage_taken":0,"max_hp_gain":0,"max_hp_loss":0,"event_name":"Match and Keep!","floor":48,"gold_loss":0,"cards_obtained":["Inflame","Perfected Strike"]}],"is_beta":false,"boss_relics":[{"not_picked":["Philosopher\u0027s Stone","Tiny House"],"picked":"Calling Bell"},{"not_picked":["Pandora\u0027s Box","Mark of Pain"],"picked":"Astrolabe"}],"items_purged_floors":[],"is_endless":false,"potions_floor_spawned":[6,8,10,13,16,18,25,28,33,39,40,41],"ascension_level":9}