{"gold_per_floor":[119,137,137,90,104,104,123,150,150,150,180,242,242,242],"floor_reached":14,"playtime":761,"items_purged":[],"score":147,"play_id":"2edc4599-4b93-40a4-9868-3e70cce7d217","local_time":"20181227081935","is_ascension_mode":true,"campfire_choices":[{"data":"Armaments","floor":6,"key":"SMITH"},{"floor":10,"key":"REST"}],"neow_cost":"NONE","seed_source_timestamp":324983691272170,"circlet_count":0,"master_deck":["AscendersBane","Strike_R","Strike_R","Strike_R","Strike_R","Defend_R","Defend_R","Defend_R","Defend_R","Bash","Uppercut","Armaments+1","Twin Strike","Flex","Demon Form","Havoc"],"relics":["Eternal Feather","Singing Bowl","StoneCalendar","Dead Branch","Bronze Scales","Bottled Tornado"],"potions_floor_usage":[11,12],"damage_taken":[{"damage":5,"enemies":"2 Louse","floor":1,"turns":4},{"damage":2,"enemies":"Cultist","floor":2,"turns":4},{"damage":12,"enemies":"Small Slimes","floor":5,"turns":3},{"damage":12,"enemies":"Looter","floor":7,"turns":3},{"damage":25,"enemies":"3 Sentries","floor":8,"turns":7},{"damage":21,"enemies":"Gremlin Nob","floor":11,"turns":4},{"damage":37,"enemies":"3 Sentries","floor":12,"turns":6},{"damage":21,"enemies":"Gremlin Gang","floor":14,"turns":3}],"seed_played":"7294133086995739932","potions_obtained":[{"floor":7,"key":"Poison Potion"},{"floor":8,"key":"BloodPotion"},{"floor":12,"key":"FairyPotion"}],"is_trial":false,"path_per_floor":["M","M","?","$","M","R","M","E","T","R","E","?","T","M"],"character_chosen":"IRONCLAD","items_purchased":["Twin Strike"],"campfire_rested":1,"item_purchase_floors":[4],"current_hp_per_floor":[67,65,65,65,53,59,47,22,22,55,34,7,7,0],"gold":242,"neow_bonus":"BOSS_RELIC","is_prod":false,"is_daily":false,"chose_seed":false,"campfire_upgraded":1,"win_rate":0,"timestamp":1545916775,"path_taken":["M","M","?","?","M","R","M","E","T","R","E","?","?","?"],"build_version":"2018-12-20","purchased_purges":0,"victory":false,"max_hp_per_floor":[80,80,80,80,80,80,80,80,80,80,80,82,82,82],"card_choices":[{"not_picked":["Pommel Strike","Perfected Strike"],"picked":"Uppercut","floor":1},{"not_picked":["Clothesline","Inflame"],"picked":"Armaments","floor":2},{"not_picked":["Sword Boomerang","True Grit"],"picked":"Flex","floor":5},{"not_picked":["Clothesline","Dark Embrace","Sword Boomerang"],"picked":"SKIP","floor":7},{"not_picked":["True Grit","Evolve"],"picked":"Demon Form","floor":8},{"not_picked":["Uppercut","Perfected Strike"],"picked":"Havoc","floor":11},{"not_picked":["Carnage","Havoc","Sword Boomerang"],"picked":"Singing Bowl","floor":12}],"player_experience":675436,"relics_obtained":[{"floor":8,"key":"Singing Bowl"},{"floor":9,"key":"StoneCalendar"},{"floor":11,"key":"Dead Branch"},{"floor":13,"key":"Bottled Tornado"}],"event_choices":[{"cards_removed":["Strike_R"],"damage_healed":0,"gold_gain":0,"player_choice":"Purged","damage_taken":0,"max_hp_gain":0,"max_hp_loss":0,"event_name":"Purifier","floor":3,"gold_loss":0},{"damage_healed":0,"gold_gain":0,"player_choice":"Searched \u00272\u0027 times","damage_taken":0,"relics_obtained":["Bronze Scales"],"max_hp_gain":0,"max_hp_loss":0,"event_name":"Dead Adventurer","floor":12,"gold_loss":0}],"is_beta":false,"boss_relics":[],"items_purged_floors":[],"is_endless":false,"potions_floor_spawned":[7,8,12],"killed_by":"Gremlin Gang","ascension_level":10}