{"gold_per_floor":[119,119,143,156,174,215,215,215,242,242,276,124,124,124,124,248,248,261,7,0],"floor_reached":20,"playtime":559,"items_purged":["Injury"],"score":270,"play_id":"87632967-7d6e-464b-95a3-74568619197b","local_time":"20181226210137","is_ascension_mode":true,"campfire_choices":[{"data":"Searing Blow","floor":7,"key":"SMITH"},{"data":"Searing Blow+2","floor":10,"key":"SMITH"},{"data":"Searing Blow+4","floor":15,"key":"SMITH"}],"neow_cost":"NONE","seed_source_timestamp":284502390862941,"circlet_count":0,"master_deck":["AscendersBane","Strike_R","Strike_R","Strike_R","Strike_R","Strike_R","Defend_R","Defend_R","Defend_R","Defend_R","Bash","Seeing Red","Searing Blow+5","Havoc","Clash","Battle Trance","Barricade","Entrench","Body Slam","Offering","Clumsy","Writhe","Shame"],"relics":["Burning Blood","NeowsBlessing","Golden Idol","Pen Nib","Smiling Mask","Art of War","Calling Bell","Centennial Puzzle","Paper Frog","Torii","Meat on the Bone"],"potions_floor_usage":[5,5,11],"damage_taken":[{"damage":0,"enemies":"Cultist","floor":1,"turns":1},{"damage":0,"enemies":"2 Louse","floor":3,"turns":1},{"damage":0,"enemies":"Small Slimes","floor":4,"turns":1},{"damage":5,"enemies":"Gremlin Gang","floor":5,"turns":4},{"damage":44,"enemies":"Gremlin Nob","floor":6,"turns":5},{"damage":15,"enemies":"3 Sentries","floor":11,"turns":5},{"damage":13,"enemies":"Slime Boss","floor":16,"turns":9},{"damage":55,"enemies":"3 Byrds","floor":18,"turns":10},{"damage":24,"enemies":"2 Thieves","floor":20,"turns":2}],"seed_played":"4036171809245128748","potions_obtained":[{"floor":1,"key":"SneckoOil"},{"floor":4,"key":"Swift Potion"},{"floor":5,"key":"Explosive Potion"},{"floor":6,"key":"Ancient Potion"}],"is_trial":false,"path_per_floor":["M","?","M","M","M","E","R","?","T","R","E","$","?","?","R","B",null,"M","$","M"],"character_chosen":"IRONCLAD","items_purchased":["Entrench","Body Slam","Meat on the Bone"],"campfire_rested":0,"item_purchase_floors":[12,12,19],"current_hp_per_floor":[78,78,80,80,80,42,42,42,42,42,33,33,59,59,59,52,73,24,24,0],"gold":0,"neow_bonus":"THREE_ENEMY_KILL","is_prod":false,"is_daily":false,"chose_seed":false,"campfire_upgraded":3,"win_rate":0,"timestamp":1545876097,"path_taken":["M","?","M","M","M","E","R","?","T","R","E","$","?","?","R","BOSS","M","$","?"],"build_version":"2018-12-20","purchased_purges":1,"victory":false,"max_hp_per_floor":[80,80,80,80,80,80,80,80,80,80,80,80,80,80,80,80,80,80,80,80],"card_choices":[{"not_picked":["Reckless Charge","Uppercut"],"picked":"Seeing Red","floor":1},{"not_picked":["Evolve","Anger"],"picked":"Searing Blow","floor":3},{"not_picked":["Thunderclap","Clothesline"],"picked":"Havoc","floor":4},{"not_picked":["Burning Pact","Reckless Charge"],"picked":"Clash","floor":5},{"not_picked":["Heavy Blade","Pummel"],"picked":"Battle Trance","floor":6},{"not_picked":["Anger","Rage"],"picked":"Barricade","floor":11},{"not_picked":["Dark Embrace","Feed"],"picked":"Offering","floor":16},{"not_picked":["Thunderclap","Sever Soul","Sword Boomerang"],"picked":"SKIP","floor":18}],"player_experience":670509,"relics_obtained":[{"floor":6,"key":"Pen Nib"},{"floor":9,"key":"Smiling Mask"},{"floor":11,"key":"Art of War"},{"floor":17,"key":"Centennial Puzzle"},{"floor":17,"key":"Paper Frog"},{"floor":17,"key":"Torii"}],"event_choices":[{"damage_healed":0,"gold_gain":0,"player_choice":"Take Wound","damage_taken":0,"relics_obtained":["Golden Idol"],"max_hp_gain":0,"max_hp_loss":0,"event_name":"Golden Idol","floor":2,"gold_loss":0,"cards_obtained":["Injury"]},{"damage_healed":0,"gold_gain":0,"player_choice":"Grow","damage_taken":0,"max_hp_gain":0,"max_hp_loss":0,"event_name":"Living Wall","floor":8,"gold_loss":0,"cards_upgraded":["Searing Blow"]},{"damage_healed":26,"gold_gain":0,"player_choice":"Banana","damage_taken":0,"max_hp_gain":0,"max_hp_loss":0,"event_name":"Big Fish","floor":13,"gold_loss":0},{"damage_healed":0,"gold_gain":0,"player_choice":"Forge","damage_taken":0,"max_hp_gain":0,"max_hp_loss":0,"event_name":"Accursed Blacksmith","floor":14,"gold_loss":0,"cards_upgraded":["Searing Blow"]}],"is_beta":false,"boss_relics":[{"not_picked":["Runic Pyramid","Velvet Choker"],"picked":"Calling Bell"}],"items_purged_floors":[12],"is_endless":false,"potions_floor_spawned":[1,4,5,6],"killed_by":"2 Thieves","ascension_level":10}