{"gold_per_floor":[99,99,99,99,99,99,99,99],"floor_reached":8,"playtime":235,"items_purged":[],"score":87,"play_id":"a9397f81-e94d-4f81-9983-75c72def585e","local_time":"20181226210541","is_ascension_mode":true,"campfire_choices":[],"neow_cost":"NONE","seed_source_timestamp":285071440269504,"circlet_count":0,"master_deck":["AscendersBane","Strike_R","Strike_R","Strike_R","Strike_R","Strike_R","Defend_R","Defend_R","Defend_R","Defend_R","Bash","Burning Pact","Twin Strike","Clash","Fire Breathing","Fire Breathing"],"relics":["Ectoplasm","Peace Pipe","Juzu Bracelet"],"potions_floor_usage":[6,6,8],"damage_taken":[{"damage":2,"enemies":"Jaw Worm","floor":1,"turns":3},{"damage":5,"enemies":"2 Louse","floor":4,"turns":3},{"damage":1,"enemies":"Cultist","floor":5,"turns":3},{"damage":20,"enemies":"Lagavulin","floor":6,"turns":5},{"damage":8,"enemies":"Blue Slaver","floor":7,"turns":2},{"damage":25,"enemies":"3 Sentries","floor":8,"turns":4}],"seed_played":"-2520098952038207417","potions_obtained":[{"floor":1,"key":"FearPotion"},{"floor":5,"key":"Fire Potion"},{"floor":7,"key":"SpeedPotion"}],"is_trial":false,"path_per_floor":["M","?","?","M","M","E","M","E"],"character_chosen":"IRONCLAD","items_purchased":[],"campfire_rested":0,"item_purchase_floors":[],"current_hp_per_floor":[70,63,52,47,46,26,18,0],"gold":99,"neow_bonus":"BOSS_RELIC","is_prod":false,"is_daily":false,"chose_seed":false,"campfire_upgraded":0,"win_rate":0,"timestamp":1545876341,"path_taken":["M","?","?","M","M","E","M","E"],"build_version":"2018-12-20","purchased_purges":0,"victory":false,"max_hp_per_floor":[80,80,80,80,80,80,80,80],"card_choices":[{"not_picked":["Wild Strike","True Grit"],"picked":"Burning Pact","floor":1},{"not_picked":["True Grit","Fire Breathing"],"picked":"Twin Strike","floor":4},{"not_picked":["Wild Strike","Sword Boomerang"],"picked":"Clash","floor":5},{"not_picked":["Flex","Metallicize"],"picked":"Fire Breathing","floor":6},{"not_picked":["Cleave","Anger"],"picked":"Fire Breathing","floor":7}],"player_experience":671068,"relics_obtained":[{"floor":6,"key":"Juzu Bracelet"}],"event_choices":[{"damage_healed":0,"gold_gain":0,"player_choice":"Success","damage_taken":7,"relics_obtained":["Peace Pipe"],"max_hp_gain":0,"max_hp_loss":0,"event_name":"Scrap Ooze","floor":2,"gold_loss":0},{"damage_healed":0,"gold_gain":75,"player_choice":"Gather Gold","damage_taken":11,"max_hp_gain":0,"max_hp_loss":0,"event_name":"World of Goop","floor":3,"gold_loss":0}],"is_beta":false,"boss_relics":[],"items_purged_floors":[],"is_endless":false,"potions_floor_spawned":[1,5,7],"killed_by":"3 Sentries","ascension_level":10}