{"gold_per_floor":[116,116,291,9,84,84,117,40,40,68,68,80,80,109,109,209,209,225,225,225,275,80,80,110,126,126,144,144,144],"floor_reached":29,"playtime":909,"items_purged":["Regret","Strike_R"],"score":519,"play_id":"c89693d5-ccfb-4e41-b4e6-d614ec2457fa","local_time":"20181227080625","is_ascension_mode":true,"campfire_choices":[{"data":"Bash","floor":6,"key":"SMITH"},{"data":"Rampage","floor":13,"key":"SMITH"},{"floor":15,"key":"REST"},{"floor":23,"key":"REST"}],"neow_cost":"NONE","seed_source_timestamp":324044406898637,"circlet_count":0,"master_deck":["AscendersBane","Strike_R","Strike_R","Strike_R","Strike_R","Defend_R","Defend_R","Defend_R","Defend_R","Bash+1","Pommel Strike","Feed","Rampage+1","Dropkick","Thunderclap","Spot Weakness","Anger","Pain","Clumsy"],"relics":["Burning Blood","NeowsBlessing","Oddly Smooth Stone","Chemical X","Pantograph","PreservedInsect","Smiling Mask","Spirit Poop","Bird Faced Urn","Cursed Key","Vajra","Kunai","Red Skull","Bottled Lightning"],"potions_floor_usage":[16,24],"damage_taken":[{"damage":0,"enemies":"Jaw Worm","floor":1,"turns":1},{"damage":0,"enemies":"3 Sentries","floor":7,"turns":1},{"damage":0,"enemies":"Lagavulin","floor":10,"turns":1},{"damage":8,"enemies":"Small Slimes","floor":12,"turns":4},{"damage":28,"enemies":"Gremlin Nob","floor":14,"turns":4},{"damage":74,"enemies":"Slime Boss","floor":16,"turns":11},{"damage":17,"enemies":"Spheric Guardian","floor":18,"turns":5},{"damage":0,"enemies":"Gremlin Leader","floor":24,"turns":5},{"damage":18,"enemies":"2 Thieves","floor":25,"turns":3},{"damage":46,"enemies":"Snecko","floor":27,"turns":5},{"damage":32,"enemies":"Sentry and Sphere","floor":29,"turns":5}],"seed_played":"1005366792008092035","potions_obtained":[{"floor":14,"key":"Swift Potion"},{"floor":16,"key":"GamblersBrew"},{"floor":24,"key":"Strength Potion"},{"floor":27,"key":"Dexterity Potion"}],"is_trial":false,"path_per_floor":["M","?","?","$","?","R","E","$","T","E","?","M","R","E","R","B",null,"M","?","?","?","$","R","E","M","T","M","T","M"],"character_chosen":"IRONCLAD","items_purchased":["Chemical X","Rampage","Vajra"],"campfire_rested":2,"item_purchase_floors":[4,8,22],"current_hp_per_floor":[78,78,78,78,67,67,73,73,73,79,79,80,80,61,86,21,72,61,61,44,44,44,72,78,69,69,29,29,0],"gold":144,"neow_bonus":"THREE_ENEMY_KILL","is_prod":false,"is_daily":false,"chose_seed":false,"campfire_upgraded":2,"win_rate":0,"timestamp":1545915985,"path_taken":["M","?","?","$","?","R","E","$","T","E","?","?","R","E","R","BOSS","M","?","?","?","$","R","E","?","T","M","?","M"],"build_version":"2018-12-20","purchased_purges":2,"victory":false,"max_hp_per_floor":[80,80,80,80,80,80,80,80,80,80,80,83,83,86,86,89,89,89,89,94,94,94,94,94,97,97,97,97,97],"card_choices":[{"not_picked":["Sword Boomerang","Feel No Pain"],"picked":"Pommel Strike","floor":1},{"not_picked":["Heavy Blade","Anger"],"picked":"Feed","floor":7},{"not_picked":["Corruption","Reaper","Second Wind"],"picked":"SKIP","floor":10},{"not_picked":["Shrug It Off","Havoc"],"picked":"Dropkick","floor":12},{"not_picked":["Rampage","Infernal Blade"],"picked":"Thunderclap","floor":14},{"not_picked":["Shockwave","Wild Strike+1","True Grit"],"picked":"SKIP","floor":18},{"not_picked":["Havoc","Rampage"],"picked":"Spot Weakness","floor":24},{"not_picked":["Havoc","Ghostly Armor+1"],"picked":"Anger","floor":25},{"not_picked":["Dual Wield+1","Heavy Blade","Clothesline"],"picked":"SKIP","floor":27}],"player_experience":674527,"relics_obtained":[{"floor":7,"key":"Pantograph"},{"floor":9,"key":"PreservedInsect"},{"floor":10,"key":"Smiling Mask"},{"floor":14,"key":"Bird Faced Urn"},{"floor":24,"key":"Kunai"},{"floor":26,"key":"Red Skull"},{"floor":28,"key":"Bottled Lightning"}],"event_choices":[{"damage_healed":0,"gold_gain":0,"player_choice":"Box","damage_taken":0,"relics_obtained":["Oddly Smooth Stone"],"max_hp_gain":0,"max_hp_loss":0,"event_name":"Big Fish","floor":2,"gold_loss":0,"cards_obtained":["Regret"]},{"damage_healed":0,"gold_gain":175,"player_choice":"AGREE","damage_taken":0,"max_hp_gain":0,"max_hp_loss":0,"event_name":"Liars Game","floor":3,"gold_loss":0,"cards_obtained":["Doubt"]},{"damage_healed":0,"gold_gain":75,"player_choice":"Gather Gold","damage_taken":11,"max_hp_gain":0,"max_hp_loss":0,"event_name":"World of Goop","floor":5,"gold_loss":0},{"cards_removed":["Doubt"],"damage_healed":0,"gold_gain":0,"player_choice":"Offered Curse","damage_taken":0,"relics_obtained":["Spirit Poop"],"max_hp_gain":0,"max_hp_loss":0,"event_name":"Bonfire Elementals","floor":11,"gold_loss":0},{"damage_healed":0,"gold_gain":0,"player_choice":"Ignored","damage_taken":0,"max_hp_gain":0,"max_hp_loss":0,"event_name":"Vampires","floor":19,"gold_loss":0},{"damage_healed":0,"gold_gain":0,"player_choice":"Shed Blood","damage_taken":22,"max_hp_gain":5,"max_hp_loss":0,"event_name":"Forgotten Altar","floor":20,"gold_loss":0},{"damage_healed":0,"gold_gain":100,"player_choice":"Bet on Murderer","damage_taken":0,"max_hp_gain":0,"max_hp_loss":0,"event_name":"The Joust","floor":21,"gold_loss":50}],"is_beta":false,"boss_relics":[{"not_picked":["Eternal Feather","Black Blood"],"picked":"Cursed Key"}],"items_purged_floors":[4,22],"is_endless":false,"potions_floor_spawned":[14,16,24,27],"killed_by":"Sentry and Sphere","ascension_level":10}