{"gold_per_floor":[114,126,126,151,151,151,174,174,174,187,187,49,88,109,109,233,233,254,267,280,280,230,264,303,318,318,318,124,124,137,162,162,292,292,317,335,358,21,21,59,59,92,92,92,92,92,42,55,55,55],"floor_reached":51,"playtime":2256,"items_purged":["Injury","Perfected Strike","Wild Strike","Writhe"],"score":1083,"play_id":"3f028d36-f3db-4d41-8bf0-2a8ee7f1fe90","local_time":"20181220230424","is_ascension_mode":true,"campfire_choices":[{"data":"Pommel Strike","floor":6,"key":"SMITH"},{"data":"Shrug It Off","floor":8,"key":"SMITH"},{"data":"Bash","floor":11,"key":"SMITH"},{"data":"Headbutt","floor":15,"key":"SMITH"},{"floor":27,"key":"REST"},{"floor":29,"key":"REST"},{"floor":32,"key":"REST"},{"data":"Limit Break","floor":41,"key":"SMITH"},{"floor":46,"key":"REST"},{"data":"Limit Break","floor":49,"key":"SMITH"}],"neow_cost":"NONE","seed_source_timestamp":19541872662783,"circlet_count":0,"master_deck":["Bash+1","Shrug It Off+1","Pommel Strike+1","Headbutt+1","Flash of Steel","Whirlwind","Demon Form","Uppercut","Double Tap+1","Feed","Limit Break+1","Ghostly Armor","Rampage+1","Spot Weakness","Armaments+1","Limit Break+1","Dropkick","Heavy Blade","Flash of Steel","Heavy Blade"],"relics":["Burning Blood","Smiling Mask","Golden Idol","CultistMask","Singing Bowl","Lantern","Pandora\u0027s Box","Red Mask","War Paint","Sundial","Brimstone","Sozu","Anchor","Bag of Preparation","Magic Flower","Dodecahedron"],"potions_floor_usage":[13,14,23,25,30],"damage_taken":[{"damage":7,"enemies":"Small Slimes","floor":1,"turns":3},{"damage":0,"enemies":"2 Louse","floor":2,"turns":3},{"damage":3,"enemies":"Cultist","floor":4,"turns":4},{"damage":22,"enemies":"Exordium Thugs","floor":7,"turns":7},{"damage":6,"enemies":"Blue Slaver","floor":10,"turns":5},{"damage":8,"enemies":"Gremlin Nob","floor":13,"turns":3},{"damage":0,"enemies":"Exordium Wildlife","floor":14,"turns":3},{"damage":42,"enemies":"The Guardian","floor":16,"turns":13},{"damage":1,"enemies":"3 Byrds","floor":18,"turns":5},{"damage":8,"enemies":"Chosen","floor":19,"turns":4},{"damage":18,"enemies":"Snecko","floor":20,"turns":3},{"damage":25,"enemies":"Masked Bandits","floor":23,"turns":5},{"damage":76,"enemies":"Book of Stabbing","floor":24,"turns":6},{"damage":18,"enemies":"Centurion and Healer","floor":25,"turns":3},{"damage":6,"enemies":"Snake Plant","floor":30,"turns":2},{"damage":0,"enemies":"Snecko","floor":31,"turns":2},{"damage":24,"enemies":"Champ","floor":33,"turns":7},{"damage":2,"enemies":"3 Shapes","floor":35,"turns":3},{"damage":0,"enemies":"Orb Walker","floor":36,"turns":2},{"damage":29,"enemies":"Writhing Mass","floor":37,"turns":4},{"damage":12,"enemies":"Giant Head","floor":40,"turns":5},{"damage":86,"enemies":"Reptomancer","floor":42,"turns":5},{"damage":4,"enemies":"3 Darklings","floor":48,"turns":2},{"damage":98,"enemies":"Donu and Deca","floor":50,"turns":5}],"seed_played":"3641473260089819072","potions_obtained":[{"floor":4,"key":"SpeedPotion"},{"floor":7,"key":"Poison Potion"},{"floor":14,"key":"Fruit Juice"},{"floor":16,"key":"GamblersBrew"},{"floor":20,"key":"AttackPotion"},{"floor":25,"key":"Block Potion"},{"floor":31,"key":"Poison Potion"}],"is_trial":false,"path_per_floor":["M","M","?","M","?","R","M","R","T","M","R","$","E","M","R","B",null,"M","M","M","?","$","?","E","M","T","R","$","R","M","M","R","B",null,"M","M","M","$","?","E","R","E","T","$","?","R","$","M","R","B",null],"character_chosen":"IRONCLAD","items_purchased":["Flash of Steel","Brimstone","Heavy Blade","Anchor","Flash of Steel"],"campfire_rested":4,"item_purchase_floors":[12,28,38,38,38],"current_hp_per_floor":[71,77,77,80,80,80,64,64,64,66,66,66,66,79,79,43,79,87,85,76,107,107,94,26,16,16,51,51,86,88,99,124,106,120,130,130,109,109,109,105,105,27,27,27,61,101,101,108,108,19],"gold":55,"neow_bonus":"RANDOM_COMMON_RELIC","is_prod":false,"is_daily":false,"chose_seed":false,"campfire_upgraded":6,"win_rate":0,"timestamp":1545365064,"path_taken":["M","M","?","M","?","R","M","R","T","M","R","$","E","M","R","BOSS","M","?","M","?","?","?","E","?","T","R","$","R","M","M","R","BOSS","M","M","M","$","?","E","R","E","T","?","?","R","$","M","R","BOSS"],"build_version":"2018-12-20","purchased_purges":4,"victory":true,"max_hp_per_floor":[80,80,80,80,80,80,80,80,80,82,82,82,84,91,91,91,91,94,94,97,107,107,113,115,117,117,117,117,117,119,124,124,124,124,130,130,132,132,132,134,134,136,136,136,136,136,136,138,138,138],"card_choices":[{"not_picked":["True Grit","Blood for Blood"],"picked":"Shrug It Off","floor":1},{"not_picked":["Carnage","Clash"],"picked":"Pommel Strike","floor":2},{"not_picked":["Perfected Strike","Heavy Blade"],"picked":"Headbutt","floor":4},{"not_picked":["Sword Boomerang","Heavy Blade","Carnage"],"picked":"SKIP","floor":7},{"not_picked":["Armaments","True Grit","Body Slam"],"picked":"Singing Bowl","floor":10},{"not_picked":["Warcry","Armaments","Anger"],"picked":"Singing Bowl","floor":13},{"not_picked":["Power Through","Dark Embrace","Anger"],"picked":"Singing Bowl","floor":14},{"not_picked":["Demon Form","Offering"],"picked":"Barricade","floor":16},{"not_picked":["Clothesline","Uppercut"],"picked":"Rampage+1","floor":18},{"not_picked":["Feel No Pain","Warcry+1"],"picked":"Spot Weakness","floor":19},{"not_picked":["Warcry","Shrug It Off"],"picked":"Armaments","floor":20},{"not_picked":["Pommel Strike+1","Dual Wield","Anger+1"],"picked":"Singing Bowl","floor":23},{"not_picked":["Havoc","Cleave","Reckless Charge"],"picked":"Singing Bowl","floor":24},{"not_picked":["Twin Strike","Whirlwind","Immolate"],"picked":"Singing Bowl","floor":25},{"not_picked":["Havoc","Pommel Strike","Rampage"],"picked":"Singing Bowl","floor":30},{"not_picked":["Twin Strike","Clothesline","Clash+1"],"picked":"Singing Bowl","floor":31},{"not_picked":["Offering","Feed"],"picked":"Limit Break","floor":33},{"not_picked":["Sever Soul","Body Slam","Intimidate"],"picked":"Singing Bowl","floor":35},{"not_picked":["Searing Blow+1","Cleave+1"],"picked":"Dropkick","floor":36},{"not_picked":["Burning Pact+1","Havoc+1","Twin Strike+1"],"picked":"Singing Bowl","floor":37},{"not_picked":["Havoc","Armaments","Blood for Blood+1"],"picked":"Singing Bowl","floor":40},{"not_picked":["Second Wind","Pommel Strike","Power Through"],"picked":"Singing Bowl","floor":42},{"not_picked":["Body Slam","Pommel Strike","Iron Wave+1"],"picked":"Singing Bowl","floor":48}],"player_experience":649116,"relics_obtained":[{"floor":9,"key":"Singing Bowl"},{"floor":13,"key":"Lantern"},{"floor":23,"key":"Red Mask"},{"floor":24,"key":"War Paint"},{"floor":26,"key":"Sundial"},{"floor":40,"key":"Bag of Preparation"},{"floor":42,"key":"Magic Flower"},{"floor":43,"key":"Dodecahedron"}],"event_choices":[{"damage_healed":0,"gold_gain":0,"player_choice":"Take Wound","damage_taken":0,"relics_obtained":["Golden Idol"],"max_hp_gain":0,"max_hp_loss":0,"event_name":"Golden Idol","floor":3,"gold_loss":0,"cards_obtained":["Injury"]},{"damage_healed":0,"gold_gain":0,"player_choice":"Trade","damage_taken":0,"relics_obtained":["CultistMask"],"max_hp_gain":0,"max_hp_loss":0,"event_name":"FaceTrader","floor":5,"gold_loss":0},{"cards_removed":["Barricade"],"damage_healed":21,"gold_gain":0,"player_choice":"Offered Rare","damage_taken":0,"max_hp_gain":10,"max_hp_loss":0,"event_name":"Bonfire Elementals","floor":21,"gold_loss":0},{"damage_healed":0,"gold_gain":0,"player_choice":"Fought Bandits","damage_taken":0,"max_hp_gain":0,"max_hp_loss":0,"event_name":"Masked Bandits","floor":23,"gold_loss":0},{"damage_healed":0,"gold_gain":0,"player_choice":"Copied","damage_taken":0,"max_hp_gain":0,"max_hp_loss":0,"event_name":"Duplicator","floor":39,"gold_loss":0,"cards_obtained":["Heavy Blade"]},{"damage_healed":34,"gold_gain":0,"player_choice":"Writhe","damage_taken":0,"max_hp_gain":0,"max_hp_loss":0,"event_name":"Winding Halls","floor":45,"gold_loss":0,"cards_obtained":["Writhe"]}],"is_beta":false,"boss_relics":[{"not_picked":["Calling Bell","Runic Pyramid"],"picked":"Pandora\u0027s Box"},{"not_picked":["Tiny House","Philosopher\u0027s Stone"],"picked":"Sozu"}],"items_purged_floors":[12,22,38,47],"is_endless":false,"potions_floor_spawned":[4,7,14,16,20,25,31,40,48],"ascension_level":8}