{"gold_per_floor":[112,123,93,104,116,116,116,116,116,130,143,163,173,173,173,173],"floor_reached":16,"playtime":1043,"items_purged":[],"score":144,"play_id":"a43455b2-ddf1-4069-86a3-53a49095301e","local_time":"20181224165001","is_ascension_mode":true,"campfire_choices":[{"data":"Searing Blow","floor":6,"key":"SMITH"},{"data":"Searing Blow+1","floor":8,"key":"SMITH"},{"data":"Searing Blow+2","floor":15,"key":"SMITH"}],"neow_cost":"PERCENT_DAMAGE","seed_source_timestamp":96119175651547,"circlet_count":0,"master_deck":["AscendersBane","Strike_R","Strike_R","Strike_R","Strike_R","Defend_R","Defend_R","Defend_R","Defend_R","Bash","Impervious","Thunderclap","Searing Blow+3","Inflame","Headbutt","Infernal Blade","Armaments"],"relics":["Burning Blood","Mummified Hand"],"potions_floor_usage":[5,13,16],"damage_taken":[{"damage":4,"enemies":"2 Louse","floor":1,"turns":4},{"damage":6,"enemies":"Cultist","floor":2,"turns":4},{"damage":0,"enemies":"Small Slimes","floor":4,"turns":3},{"damage":13,"enemies":"Exordium Thugs","floor":5,"turns":7},{"damage":11,"enemies":"Blue Slaver","floor":10,"turns":4},{"damage":7,"enemies":"Looter","floor":11,"turns":4},{"damage":0,"enemies":"Large Slime","floor":12,"turns":4},{"damage":0,"enemies":"3 Louse","floor":13,"turns":4},{"damage":56,"enemies":"Hexaghost","floor":16,"turns":10}],"seed_played":"2399823910015983010","potions_obtained":[{"floor":1,"key":"SpeedPotion"},{"floor":3,"key":"Ancient Potion"},{"floor":3,"key":"Fire Potion"},{"floor":5,"key":"EssenceOfSteel"}],"is_trial":false,"path_per_floor":["M","M","?","M","M","R","?","R","T","M","M","M","M","?","R","B"],"character_chosen":"IRONCLAD","items_purchased":[],"campfire_rested":0,"item_purchase_floors":[],"current_hp_per_floor":[53,53,53,59,52,52,52,52,52,47,46,52,58,51,51,0],"gold":173,"neow_bonus":"THREE_RARE_CARDS","is_prod":false,"is_daily":false,"chose_seed":false,"campfire_upgraded":3,"win_rate":0,"timestamp":1545688201,"path_taken":["M","M","?","?","M","R","?","R","T","M","M","M","?","?","R","BOSS"],"build_version":"2018-12-20","purchased_purges":0,"victory":false,"max_hp_per_floor":[80,80,80,80,80,80,80,80,80,80,80,80,80,80,80,80],"card_choices":[{"not_picked":["Exhume","Dark Embrace"],"picked":"Impervious","floor":0},{"not_picked":["Flame Barrier","Headbutt"],"picked":"Thunderclap","floor":1},{"not_picked":["Headbutt","Havoc"],"picked":"Searing Blow","floor":2},{"not_picked":["Combust","Havoc","Carnage"],"picked":"SKIP","floor":4},{"not_picked":["Body Slam","Havoc","Power Through"],"picked":"SKIP","floor":5},{"not_picked":["Carnage","Twin Strike"],"picked":"Inflame","floor":10},{"not_picked":["Blood for Blood","Ghostly Armor"],"picked":"Headbutt","floor":11},{"not_picked":["Twin Strike","Clothesline"],"picked":"Infernal Blade","floor":12},{"not_picked":["Whirlwind","Limit Break"],"picked":"Armaments","floor":13}],"player_experience":657792,"relics_obtained":[{"floor":9,"key":"Mummified Hand"}],"event_choices":[{"damage_healed":0,"gold_gain":0,"player_choice":"Bought 2 Potions","damage_taken":0,"max_hp_gain":0,"max_hp_loss":0,"event_name":"The Woman in Blue","floor":3,"gold_loss":0},{"damage_healed":0,"gold_gain":0,"player_choice":"0 cards matched","damage_taken":0,"max_hp_gain":0,"max_hp_loss":0,"event_name":"Match and Keep!","floor":7,"gold_loss":0,"cards_obtained":[]},{"cards_removed":["Strike_R"],"damage_healed":0,"gold_gain":0,"player_choice":"Card Removal","damage_taken":7,"max_hp_gain":0,"max_hp_loss":0,"event_name":"Golden Wing","floor":14,"gold_loss":0}],"is_beta":false,"boss_relics":[],"items_purged_floors":[],"is_endless":false,"potions_floor_spawned":[1,5,12],"killed_by":"Hexaghost","ascension_level":10}