{"gold_per_floor":[118,118,93,111,111,139,158,172,172,172,228,228,503,518,518,620,620,620,620,620,620,620,620,620,620,620,620,620,449,449,449,449,449,449,449,449,449,449,449,449,449,449,449,449,40,40,40,40,40,40],"floor_reached":51,"playtime":2786,"items_purged":["Writhe"],"score":1310,"play_id":"ba62ca1d-04cc-4348-b681-7dcae136d42c","local_time":"20181228153525","is_ascension_mode":true,"campfire_choices":[{"data":"Armaments","floor":10.0,"key":"SMITH"},{"data":"Spot Weakness","floor":12.0,"key":"SMITH"},{"floor":15.0,"key":"REST"},{"data":"Seeing Red","floor":23,"key":"SMITH"},{"floor":25,"key":"REST"},{"floor":32,"key":"REST"},{"floor":44,"key":"REST"},{"floor":49,"key":"REST"}],"neow_cost":"NONE","seed_source_timestamp":0,"circlet_count":0,"master_deck":["AscendersBane","Strike_R","Strike_R","Defend_R","Defend_R","Defend_R","Defend_R","Bash","Flame Barrier","Armaments+1","Pommel Strike","Combust","Spot Weakness+1","Exhume","Barricade+1","Intimidate","Seeing Red+1","Corruption+1","Spot Weakness+1","Bloodletting","True Grit","Body Slam+1","Shrug It Off+1","Seeing Red","Sever Soul+1","Infernal Blade","Enlightenment","Second Wind+1"],"special_seed":0,"relics":["Burning Blood","NeowsBlessing","Anchor","Frozen Egg 2","Dead Branch","Ectoplasm","Molten Egg 2","Blue Candle","Mercury Hourglass","Regal Pillow","Dream Catcher","Black Star","Bottled Lightning","Bottled Flame","Prayer Wheel","Lantern","Paper Frog","Bag of Preparation","Sundial"],"potions_floor_usage":[16,16,31,35,40,42,42,47,48,48,50],"damage_taken":[{"damage":0.0,"enemies":"2 Louse","floor":1.0,"turns":1.0},{"damage":0.0,"enemies":"Cultist","floor":4.0,"turns":1.0},{"damage":0.0,"enemies":"Lagavulin","floor":6.0,"turns":1.0},{"damage":12.0,"enemies":"Small Slimes","floor":7.0,"turns":4.0},{"damage":12.0,"enemies":"3 Louse","floor":8.0,"turns":4.0},{"damage":17.0,"enemies":"3 Sentries","floor":11.0,"turns":6.0},{"damage":17.0,"enemies":"Gremlin Gang","floor":14.0,"turns":5.0},{"damage":61,"enemies":"Hexaghost","floor":16,"turns":12},{"damage":11,"enemies":"Shell Parasite","floor":18,"turns":6},{"damage":12,"enemies":"3 Byrds","floor":19,"turns":3},{"damage":3,"enemies":"Snake Plant","floor":21,"turns":2},{"damage":54,"enemies":"Slavers","floor":24,"turns":4},{"damage":1,"enemies":"Book of Stabbing","floor":27,"turns":2},{"damage":3,"enemies":"Centurion and Healer","floor":30,"turns":5},{"damage":2,"enemies":"Gremlin Leader","floor":31,"turns":3},{"damage":7,"enemies":"Automaton","floor":33,"turns":5},{"damage":28,"enemies":"3 Darklings","floor":35,"turns":4},{"damage":7,"enemies":"Orb Walker","floor":37,"turns":2},{"damage":19,"enemies":"Maw","floor":38,"turns":5},{"damage":1,"enemies":"3 Darklings","floor":39,"turns":2},{"damage":49,"enemies":"Nemesis","floor":40,"turns":6},{"damage":14,"enemies":"Transient","floor":41,"turns":5},{"damage":17,"enemies":"Mind Bloom Boss Battle","floor":42,"turns":4},{"damage":21,"enemies":"Spire Growth","floor":47,"turns":6},{"damage":37,"enemies":"Reptomancer","floor":48,"turns":4},{"damage":40,"enemies":"Time Eater","floor":50,"turns":6}],"seed_played":"-6919373708927215484","potions_obtained":[{"floor":4.0,"key":"LiquidBronze"},{"floor":8.0,"key":"Block Potion"},{"floor":14.0,"key":"FearPotion"},{"floor":19,"key":"LiquidBronze"},{"floor":27,"key":"Block Potion"},{"floor":30,"key":"Weak Potion"},{"floor":31,"key":"Regen Potion"},{"floor":38,"key":"Weak Potion"},{"floor":41,"key":"LiquidBronze"},{"floor":46,"key":"EssenceOfSteel"},{"floor":46,"key":"Dexterity Potion"},{"floor":47,"key":"Energy Potion"},{"floor":48,"key":"SkillPotion"}],"is_trial":false,"path_per_floor":["M","?","$","M","?","E","M","M","T","R","?","R","?","M","R","B",null,"M","M","?","M","?","R","E","R","T","E","?","$","M","E","R","B",null,"M","?","M","M","M","E","M","?","T","R","$","?","M","E","R","B",null],"character_chosen":"IRONCLAD","items_purchased":["Armaments","Regal Pillow","True Grit","Paper Frog","Enlightenment"],"campfire_rested":5,"item_purchase_floors":[3,29,29,45,45],"current_hp_per_floor":[78,78,78,80,80,80,74,68,68,68,57,57,57,46,70,15,64,59,53,53,56,56,56,8,32,32,37,37,37,40,44,80,79,80,58,78,77,64,69,26,18,19,19,58,58,58,43,12,51,17],"gold":40,"neow_bonus":"THREE_ENEMY_KILL","is_prod":false,"is_daily":false,"chose_seed":false,"campfire_upgraded":3,"win_rate":0,"timestamp":1546029325,"path_taken":["M","?","$","?","?","E","M","M","T","R","?","R","?","M","R","BOSS","M","?","?","M","?","R","E","R","T","E","?","$","?","E","R","BOSS","M","?","M","M","M","E","M","?","T","R","?","?","?","E","R","BOSS"],"build_version":"2018-12-20","purchased_purges":1,"victory":true,"max_hp_per_floor":[80,80,80,80,80,80,80,80,80,80,80,80,80,80,80,80,80,80,80,80,80,80,80,80,80,80,80,80,80,80,80,80,80,80,80,80,80,80,80,80,80,80,80,80,80,80,80,80,80,80],"card_choices":[{"not_picked":["Perfected Strike","Warcry"],"picked":"Flame Barrier","floor":1.0},{"not_picked":["Sword Boomerang","Heavy Blade"],"picked":"Pommel Strike","floor":4.0},{"not_picked":["Pommel Strike","Flex"],"picked":"Spot Weakness","floor":6.0},{"not_picked":["Juggernaut","Iron Wave","Feel No Pain"],"picked":"SKIP","floor":7.0},{"not_picked":["Clothesline","Thunderclap","Headbutt"],"picked":"SKIP","floor":8.0},{"not_picked":["Bloodletting","Battle Trance"],"picked":"Exhume","floor":11.0},{"not_picked":["Anger","Rage","Iron Wave"],"picked":"SKIP","floor":14.0},{"not_picked":["Reaper","Double Tap"],"picked":"Barricade+1","floor":16},{"not_picked":["Havoc","Battle Trance"],"picked":"Intimidate","floor":18},{"not_picked":["Armaments+1","Sentinel+1"],"picked":"Seeing Red","floor":19},{"not_picked":["Body Slam","Reckless Charge"],"picked":"Spot Weakness+1","floor":21},{"not_picked":["Rampage","Clash+1","Heavy Blade"],"picked":"SKIP","floor":24},{"not_picked":["Clothesline+1","Thunderclap+1","Warcry"],"picked":"SKIP","floor":27},{"not_picked":["Perfected Strike+1","Havoc","Searing Blow+1"],"picked":"SKIP","floor":30},{"not_picked":["Shrug It Off","Rage+1"],"picked":"Body Slam+1","floor":31},{"not_picked":["Clothesline+1","Fire Breathing+1"],"picked":"Shrug It Off+1","floor":32},{"not_picked":["Wild Strike+1","Clash+1","Iron Wave+1"],"picked":"SKIP","floor":35},{"not_picked":["True Grit","Havoc+1"],"picked":"Seeing Red","floor":37},{"not_picked":["Brutality+1","Clothesline+1","Pommel Strike+1"],"picked":"SKIP","floor":38},{"not_picked":["Wild Strike+1","True Grit","Evolve+1"],"picked":"SKIP","floor":39},{"not_picked":["Thunderclap+1","Demon Form+1","True Grit"],"picked":"SKIP","floor":40},{"not_picked":["Carnage+1","Headbutt+1"],"picked":"Sever Soul+1","floor":41},{"not_picked":["Barricade+1","Reckless Charge+1"],"picked":"Infernal Blade","floor":44},{"not_picked":["Cleave+1","Clash+1","Power Through+1"],"picked":"SKIP","floor":47},{"not_picked":["Wild Strike+1","Warcry+1","Spot Weakness"],"picked":"SKIP","floor":47},{"not_picked":["Uppercut+1","Havoc+1"],"picked":"Second Wind+1","floor":48}],"player_experience":685137,"relics_obtained":[{"floor":6.0,"key":"Anchor"},{"floor":9.0,"key":"Frozen Egg 2"},{"floor":11.0,"key":"Dead Branch"},{"floor":24,"key":"Molten Egg 2"},{"floor":26,"key":"Blue Candle"},{"floor":27,"key":"Mercury Hourglass"},{"floor":31,"key":"Dream Catcher"},{"floor":40,"key":"Bottled Lightning"},{"floor":40,"key":"Bottled Flame"},{"floor":42,"key":"Prayer Wheel"},{"floor":43,"key":"Lantern"},{"floor":48,"key":"Bag of Preparation"},{"floor":48,"key":"Sundial"}],"event_choices":[{"cards_removed":["Strike_R"],"damage_healed":0.0,"max_hp_gain":0.0,"max_hp_loss":0.0,"gold_gain":0.0,"event_name":"Purifier","player_choice":"Purged","floor":2.0,"gold_loss":0.0,"damage_taken":0.0},{"damage_healed":0.0,"max_hp_gain":0.0,"max_hp_loss":0.0,"gold_gain":0.0,"cards_transformed":["Strike_R"],"event_name":"Living Wall","player_choice":"Change","floor":5.0,"gold_loss":0.0,"damage_taken":0.0,"cards_obtained":["Combust"]},{"damage_healed":0.0,"max_hp_gain":0.0,"max_hp_loss":0.0,"gold_gain":0.0,"event_name":"Dead Adventurer","player_choice":"Searched \u00272\u0027 times","floor":11.0,"gold_loss":0.0,"damage_taken":0.0},{"damage_healed":0.0,"max_hp_gain":0.0,"max_hp_loss":0.0,"gold_gain":275.0,"event_name":"Golden Shrine","player_choice":"Desecrate","floor":13.0,"gold_loss":0.0,"damage_taken":0.0,"cards_obtained":["Regret"]},{"damage_healed":0,"gold_gain":0,"player_choice":"Read","damage_taken":0,"max_hp_gain":0,"max_hp_loss":0,"event_name":"The Library","floor":20,"gold_loss":0,"cards_obtained":["Corruption"]},{"damage_healed":0,"gold_gain":0,"cards_transformed":["Strike_R","Regret"],"player_choice":"Became Test Subject","damage_taken":0,"max_hp_gain":0,"max_hp_loss":0,"event_name":"Drug Dealer","floor":22,"gold_loss":0,"cards_obtained":["Bloodletting","Injury"]},{"cards_removed":["Injury"],"damage_healed":0,"gold_gain":0,"player_choice":"Elegance","damage_taken":0,"max_hp_gain":0,"max_hp_loss":0,"event_name":"Back to Basics","floor":28,"gold_loss":0},{"damage_healed":20,"gold_gain":0,"player_choice":"Writhe","damage_taken":0,"max_hp_gain":0,"max_hp_loss":0,"event_name":"Winding Halls","floor":36,"gold_loss":0,"cards_obtained":["Writhe"]},{"damage_healed":0,"gold_gain":0,"player_choice":"Fight","damage_taken":0,"max_hp_gain":0,"max_hp_loss":0,"event_name":"MindBloom","floor":42,"gold_loss":0},{"damage_healed":0,"gold_gain":0,"player_choice":"Got Potions","damage_taken":0,"max_hp_gain":0,"max_hp_loss":0,"event_name":"Lab","floor":46,"gold_loss":0}],"is_beta":false,"boss_relics":[{"not_picked":["Mark of Pain","Coffee Dripper"],"picked":"Ectoplasm"},{"not_picked":["Runic Dome","Astrolabe"],"picked":"Black Star"}],"items_purged_floors":[45],"is_endless":false,"potions_floor_spawned":[4,8,14,19,27,30,31,33,38,39,41,47,48],"ascension_level":10}