{"gold_per_floor":[113,125,125,42,52,52,83,83,83,83,100,133,152,177,177,177],"floor_reached":16,"playtime":643,"items_purged":[],"score":186,"play_id":"134d061e-c711-497e-a42a-92ac156209c0","local_time":"20190118185453","is_ascension_mode":true,"campfire_choices":[{"data":"Perfected Strike","floor":6,"key":"SMITH"},{"floor":8,"key":"REST"},{"floor":15,"key":"REST"}],"neow_cost":"NONE","seed_source_timestamp":81232947328512,"circlet_count":0,"master_deck":["AscendersBane","Strike_R","Strike_R","Strike_R","Strike_R","Strike_R","Defend_R","Defend_R","Defend_R","Defend_R","Bash","Ghostly Armor","Inflame","Perfected Strike+1","Flex","Twin Strike","Twin Strike","Double Tap","Flex"],"relics":["Black Star","Du-Vu Doll","Art of War","Thread and Needle","Shovel","Potion Belt","Boot","Blood Vial","Kunai"],"potions_floor_usage":[12,14,16],"damage_taken":[{"damage":17,"enemies":"2 Louse","floor":1,"turns":4},{"damage":1,"enemies":"Cultist","floor":2,"turns":3},{"damage":4,"enemies":"Jaw Worm","floor":5,"turns":3},{"damage":35,"enemies":"Lagavulin","floor":7,"turns":6},{"damage":9,"enemies":"Lots of Slimes","floor":11,"turns":6},{"damage":3,"enemies":"Gremlin Nob","floor":12,"turns":3},{"damage":0,"enemies":"Large Slime","floor":13,"turns":4},{"damage":11,"enemies":"Lagavulin","floor":14,"turns":4},{"damage":52,"enemies":"The Guardian","floor":16,"turns":9}],"seed_played":"5777193407305676790","potions_obtained":[{"floor":5,"key":"Swift Potion"},{"floor":7,"key":"Regen Potion"},{"floor":13,"key":"FearPotion"}],"is_trial":false,"path_per_floor":["M","M","?","$","M","R","E","R","T","?","M","E","M","E","R","B"],"character_chosen":"IRONCLAD","items_purchased":["Inflame","Perfected Strike"],"campfire_rested":2,"item_purchase_floors":[4,4],"current_hp_per_floor":[55,54,54,54,50,50,15,39,39,44,35,32,32,21,45,0],"gold":177,"neow_bonus":"BOSS_RELIC","is_prod":false,"is_daily":false,"chose_seed":false,"campfire_upgraded":1,"win_rate":0,"timestamp":1547855693,"path_taken":["M","M","?","$","?","R","E","R","T","?","M","E","?","E","R","BOSS"],"build_version":"2019-01-17","purchased_purges":0,"victory":false,"max_hp_per_floor":[80,80,80,80,80,80,80,80,80,80,80,80,80,80,80,80],"card_choices":[{"not_picked":["Heavy Blade","True Grit"],"picked":"Pommel Strike","floor":1},{"not_picked":["Fire Breathing","Heavy Blade"],"picked":"Ghostly Armor","floor":2},{"not_picked":["Corruption","Twin Strike"],"picked":"Heavy Blade","floor":5},{"not_picked":["Bloodletting","Body Slam"],"picked":"Flex","floor":7},{"not_picked":["Rupture","Perfected Strike"],"picked":"Twin Strike","floor":11},{"not_picked":["Shockwave","Second Wind"],"picked":"Twin Strike","floor":12},{"not_picked":["Thunderclap","Reckless Charge"],"picked":"Double Tap","floor":13},{"not_picked":["Warcry","Disarm"],"picked":"Flex","floor":14}],"player_experience":719299,"relics_obtained":[{"floor":7,"key":"Art of War"},{"floor":7,"key":"Thread and Needle"},{"floor":9,"key":"Shovel"},{"floor":12,"key":"Potion Belt"},{"floor":12,"key":"Boot"},{"floor":14,"key":"Blood Vial"},{"floor":14,"key":"Kunai"}],"event_choices":[{"cards_removed":["Pommel Strike"],"damage_healed":0,"gold_gain":0,"player_choice":"Gave Card","damage_taken":0,"relics_obtained":["Du-Vu Doll"],"max_hp_gain":0,"max_hp_loss":0,"event_name":"WeMeetAgain","floor":3,"gold_loss":0},{"cards_removed":["Heavy Blade"],"damage_healed":5,"gold_gain":0,"player_choice":"Offered Common","damage_taken":0,"max_hp_gain":0,"max_hp_loss":0,"event_name":"Bonfire Elementals","floor":10,"gold_loss":0},{"cards_removed":["Heavy Blade"],"damage_healed":5,"gold_gain":0,"player_choice":"Offered Special","damage_taken":0,"max_hp_gain":0,"max_hp_loss":0,"event_name":"Bonfire Elementals","floor":10,"gold_loss":0}],"is_beta":false,"boss_relics":[],"items_purged_floors":[],"is_endless":false,"potions_floor_spawned":[5,7,13],"killed_by":"The Guardian","ascension_level":11}