{"gold_per_floor":[119,294,76,94,94,119,119,119,119,163,163,113,113],"floor_reached":13,"playtime":394,"items_purged":["Doubt"],"score":138,"play_id":"3426a166-144d-493d-95bb-9a2b25b7cd42","local_time":"20190118190146","is_ascension_mode":true,"campfire_choices":[{"floor":7,"key":"REST"},{"data":"Armaments","floor":11,"key":"SMITH"}],"neow_cost":"NONE","seed_source_timestamp":81895321263006,"circlet_count":0,"master_deck":["AscendersBane","Strike_R","Strike_R","Strike_R","Strike_R","Strike_R","Defend_R","Defend_R","Defend_R","Defend_R","Bash","Armaments+1","Perfected Strike","Thunderclap"],"relics":["Burning Blood","Juzu Bracelet","Dream Catcher","Bag of Preparation","Golden Idol","Ornamental Fan","Molten Egg 2"],"potions_floor_usage":[6,10],"damage_taken":[{"damage":8,"enemies":"Jaw Worm","floor":1,"turns":6},{"damage":6,"enemies":"Cultist","floor":4,"turns":4},{"damage":41,"enemies":"Gremlin Nob","floor":6,"turns":5},{"damage":32,"enemies":"Lagavulin","floor":10,"turns":6},{"damage":36,"enemies":"3 Sentries","floor":13,"turns":5}],"seed_played":"-7877314490789128356","potions_obtained":[{"floor":4,"key":"Poison Potion"},{"floor":6,"key":"AttackPotion"}],"is_trial":false,"path_per_floor":["M","?","$","M","?","E","R","?","T","E","R","?","E"],"character_chosen":"IRONCLAD","items_purchased":["Dream Catcher"],"campfire_rested":1,"item_purchase_floors":[3],"current_hp_per_floor":[70,70,70,70,70,35,59,59,59,33,33,33,0],"gold":113,"neow_bonus":"RANDOM_COMMON_RELIC","is_prod":false,"is_daily":false,"chose_seed":false,"campfire_upgraded":1,"win_rate":0,"timestamp":1547856106,"path_taken":["M","?","?","M","?","E","R","?","T","E","R","?","E"],"build_version":"2019-01-17","purchased_purges":1,"victory":false,"max_hp_per_floor":[80,80,80,80,80,80,80,74,74,74,74,74,74],"card_choices":[{"not_picked":["Wild Strike","Blood for Blood"],"picked":"Armaments","floor":1},{"not_picked":["Headbutt","Clothesline","Blood for Blood"],"picked":"SKIP","floor":4},{"not_picked":["Uppercut","Second Wind"],"picked":"Perfected Strike","floor":6},{"not_picked":["Burning Pact","Hemokinesis"],"picked":"Thunderclap","floor":7},{"not_picked":["Body Slam","Exhume","Pommel Strike"],"picked":"SKIP","floor":10}],"player_experience":719942,"relics_obtained":[{"floor":6,"key":"Bag of Preparation"},{"floor":9,"key":"Ornamental Fan"},{"floor":10,"key":"Molten Egg 2"}],"event_choices":[{"damage_healed":0,"gold_gain":175,"player_choice":"AGREE","damage_taken":0,"max_hp_gain":0,"max_hp_loss":0,"event_name":"Liars Game","floor":2,"gold_loss":0,"cards_obtained":["Doubt"]},{"damage_healed":0,"gold_gain":0,"player_choice":"Cursed","damage_taken":0,"max_hp_gain":0,"max_hp_loss":0,"event_name":"Wheel of Change","floor":5,"gold_loss":0,"cards_obtained":["Decay"]},{"damage_healed":0,"gold_gain":0,"player_choice":"Lose Max HP","damage_taken":0,"relics_obtained":["Golden Idol"],"max_hp_gain":0,"max_hp_loss":6,"event_name":"Golden Idol","floor":8,"gold_loss":0},{"cards_removed":["Decay"],"damage_healed":0,"gold_gain":0,"player_choice":"Card Removal","damage_taken":0,"max_hp_gain":0,"max_hp_loss":0,"event_name":"The Cleric","floor":12,"gold_loss":50}],"is_beta":false,"boss_relics":[],"items_purged_floors":[3],"is_endless":false,"potions_floor_spawned":[4,6],"killed_by":"3 Sentries","ascension_level":11}