{"gold_per_floor":[139,149,149,166,11,27,27,52,52,52,84,38,38,70,70,170,170,186,136,149,32,47,47,47,47,47,47,47,47,47],"floor_reached":30,"playtime":1044,"items_purged":["Strike_R"],"score":403,"play_id":"0e14bad6-96b0-4dc8-a953-345d75e4da63","local_time":"20190118184353","is_ascension_mode":true,"campfire_choices":[{"data":"True Grit","floor":7,"key":"SMITH"},{"data":"Combust","floor":10,"key":"SMITH"},{"floor":13,"key":"REST"},{"data":"Spot Weakness","floor":15,"key":"SMITH"},{"floor":23,"key":"REST"}],"neow_cost":"NONE","seed_source_timestamp":80172549269751,"circlet_count":0,"master_deck":["AscendersBane","Strike_R","Strike_R","Strike_R","Strike_R","Defend_R+1","Defend_R","Defend_R","Defend_R","Bash","Combust+1","Cleave","True Grit+1","Reaper","Flex+1","Cleave","Iron Wave","Spot Weakness+1","Offering","Anger+1","Body Slam","Shrug It Off","Discovery"],"relics":["Burning Blood","Tiny Chest","CultistMask","Juzu Bracelet","War Paint","Kunai","Strawberry","Philosopher\u0027s Stone","Magic Flower"],"potions_floor_usage":[2,16,22],"damage_taken":[{"damage":15,"enemies":"Cultist","floor":1,"turns":5},{"damage":7,"enemies":"Small Slimes","floor":2,"turns":3},{"damage":11,"enemies":"Jaw Worm","floor":4,"turns":4},{"damage":15,"enemies":"2 Fungi Beasts","floor":6,"turns":4},{"damage":39,"enemies":"3 Sentries","floor":8,"turns":7},{"damage":34,"enemies":"Gremlin Nob","floor":11,"turns":5},{"damage":13,"enemies":"3 Sentries","floor":14,"turns":4},{"damage":44,"enemies":"Hexaghost","floor":16,"turns":9},{"damage":23,"enemies":"Shell Parasite","floor":18,"turns":5},{"damage":12,"enemies":"Chosen","floor":20,"turns":5},{"damage":59,"enemies":"Snake Plant","floor":22,"turns":6},{"damage":41,"enemies":"Colosseum Slavers","floor":24,"turns":5},{"damage":35,"enemies":"Slavers","floor":30,"turns":2}],"seed_played":"-6047686642858520112","potions_obtained":[{"floor":2,"key":"Fruit Juice"},{"floor":4,"key":"EssenceOfSteel"},{"floor":14,"key":"LiquidBronze"}],"is_trial":false,"path_per_floor":["M","M","?","M","$","M","R","E","T","R","E","?","R","E","R","B",null,"M","?","M","$","M","R","?","$","T","?","?","?","E"],"character_chosen":"IRONCLAD","items_purchased":["Reaper","Shrug It Off","Discovery"],"campfire_rested":2,"item_purchase_floors":[5,21,21],"current_hp_per_floor":[63,67,67,62,62,61,61,40,40,40,12,12,37,37,37,11,72,63,63,65,65,21,48,21,21,21,51,33,33,0],"gold":47,"neow_bonus":"RANDOM_COMMON_RELIC","is_prod":false,"is_daily":false,"chose_seed":false,"campfire_upgraded":3,"win_rate":0,"timestamp":1547855033,"path_taken":["M","?","?","?","$","?","R","E","T","R","E","?","R","E","R","BOSS","M","?","M","?","M","R","?","$","T","?","?","?","E"],"build_version":"2019-01-17","purchased_purges":1,"victory":false,"max_hp_per_floor":[80,85,85,85,85,85,85,85,85,85,85,85,85,92,92,92,92,92,92,92,92,92,92,92,92,92,92,97,97,97],"card_choices":[{"not_picked":["Wild Strike","Clothesline"],"picked":"Combust","floor":1},{"not_picked":["Warcry","Wild Strike"],"picked":"Cleave","floor":2},{"not_picked":["Clothesline","Second Wind"],"picked":"True Grit","floor":4},{"not_picked":["Reaper","Disarm"],"picked":"Flex","floor":6},{"not_picked":["Carnage","Wild Strike"],"picked":"Cleave","floor":8},{"not_picked":["Brutality","Wild Strike"],"picked":"Iron Wave","floor":11},{"not_picked":["Flex","Blood for Blood"],"picked":"Spot Weakness","floor":14},{"not_picked":["Berserk","Bludgeon"],"picked":"Offering","floor":16},{"not_picked":["Body Slam","Intimidate+1"],"picked":"Anger+1","floor":18},{"not_picked":["Shrug It Off","Headbutt"],"picked":"Body Slam","floor":20},{"not_picked":["Twin Strike","True Grit","Havoc"],"picked":"SKIP","floor":22}],"player_experience":718255,"relics_obtained":[{"floor":8,"key":"Juzu Bracelet"},{"floor":9,"key":"War Paint"},{"floor":11,"key":"Kunai"},{"floor":14,"key":"Strawberry"},{"floor":26,"key":"Magic Flower"}],"event_choices":[{"damage_healed":0,"gold_gain":0,"player_choice":"Trade","damage_taken":0,"relics_obtained":["CultistMask"],"max_hp_gain":0,"max_hp_loss":0,"event_name":"FaceTrader","floor":3,"gold_loss":0},{"damage_healed":0,"gold_gain":0,"player_choice":"Left Gold","damage_taken":0,"max_hp_gain":0,"max_hp_loss":0,"event_name":"World of Goop","floor":12,"gold_loss":46},{"damage_healed":0,"gold_gain":0,"player_choice":"Bet on Murderer","damage_taken":0,"max_hp_gain":0,"max_hp_loss":0,"event_name":"The Joust","floor":19,"gold_loss":50},{"damage_healed":0,"gold_gain":0,"player_choice":"Fight","damage_taken":0,"max_hp_gain":0,"max_hp_loss":0,"event_name":"Colosseum","floor":24,"gold_loss":0},{"damage_healed":0,"gold_gain":0,"player_choice":"Fled From Nobs","damage_taken":0,"max_hp_gain":0,"max_hp_loss":0,"event_name":"Colosseum","floor":24,"gold_loss":0},{"damage_healed":30,"gold_gain":0,"player_choice":"Heal","damage_taken":0,"max_hp_gain":0,"max_hp_loss":0,"event_name":"The Library","floor":27,"gold_loss":0},{"damage_healed":0,"gold_gain":0,"player_choice":"Shed Blood","damage_taken":23,"max_hp_gain":5,"max_hp_loss":0,"event_name":"Forgotten Altar","floor":28,"gold_loss":0},{"damage_healed":0,"gold_gain":0,"player_choice":"Ignored","damage_taken":0,"max_hp_gain":0,"max_hp_loss":0,"event_name":"Beggar","floor":29,"gold_loss":0}],"is_beta":false,"boss_relics":[{"not_picked":["Coffee Dripper","Fusion Hammer"],"picked":"Philosopher\u0027s Stone"}],"items_purged_floors":[5],"is_endless":false,"potions_floor_spawned":[2,4,14,24],"killed_by":"Slavers","ascension_level":11}