{"gold_per_floor":[117,128,138,138,68,68,80,80,103,103,115,129,113,143,143,247,247,259,269,368,90,90,90,104,104,152,202,212,232,232],"floor_reached":30,"playtime":993,"items_purged":["Strike_R"],"score":374,"play_id":"6f1f2f2f-6291-48e8-8edf-5c6816e96a1c","local_time":"20190126194620","is_ascension_mode":true,"campfire_choices":[{"data":"Searing Blow","floor":6,"key":"SMITH"},{"data":"Searing Blow+1","floor":8,"key":"SMITH"},{"data":"Searing Blow+2","floor":10,"key":"SMITH"},{"data":"Searing Blow+3","floor":15,"key":"SMITH"},{"data":"Searing Blow+4","floor":23,"key":"SMITH"},{"data":"Searing Blow+5","floor":25,"key":"SMITH"}],"neow_cost":"NONE","seed_source_timestamp":775220641390245,"circlet_count":0,"master_deck":["AscendersBane","Strike_R","Strike_R","Defend_R","Defend_R","Defend_R","Defend_R","Bash","Clothesline","Whirlwind+1","Spot Weakness","Searing Blow+6","Armaments","Dual Wield","Offering","Clash","Flex","Shockwave","Disarm","Battle Trance+1","Armaments+1"],"relics":["Eternal Feather","Pen Nib","Boot","Black Star","HandDrill","Bronze Scales"],"potions_floor_usage":[14,19,28,30,30],"damage_taken":[{"damage":7,"enemies":"2 Louse","floor":1,"turns":4},{"damage":2,"enemies":"Cultist","floor":2,"turns":4},{"damage":0,"enemies":"Small Slimes","floor":3,"turns":3},{"damage":0,"enemies":"3 Louse","floor":7,"turns":1},{"damage":10,"enemies":"2 Fungi Beasts","floor":11,"turns":3},{"damage":0,"enemies":"Gremlin Gang","floor":12,"turns":1},{"damage":7,"enemies":"Exordium Thugs","floor":13,"turns":4},{"damage":6,"enemies":"Gremlin Nob","floor":14,"turns":5},{"damage":49,"enemies":"Hexaghost","floor":16,"turns":9},{"damage":26,"enemies":"2 Thieves","floor":18,"turns":3},{"damage":1,"enemies":"Spheric Guardian","floor":19,"turns":3},{"damage":24,"enemies":"Shelled Parasite and Fungi","floor":24,"turns":5},{"damage":6,"enemies":"Sentry and Sphere","floor":28,"turns":2},{"damage":19,"enemies":"Snake Plant","floor":29,"turns":2},{"damage":10,"enemies":"Gremlin Leader","floor":30,"turns":4}],"seed_played":"1537798996562926160","potions_obtained":[{"floor":1,"key":"Dexterity Potion"},{"floor":2,"key":"SkillPotion"},{"floor":14,"key":"Fire Potion"},{"floor":18,"key":"PowerPotion"},{"floor":19,"key":"AttackPotion"},{"floor":29,"key":"Weak Potion"}],"is_trial":false,"path_per_floor":["M","M","M","?","$","R","M","R","T","R","M","M","M","E","R","B",null,"M","M","?","$","?","R","M","R","T","?","M","M","E"],"character_chosen":"IRONCLAD","items_purchased":["Searing Blow","HandDrill"],"campfire_rested":0,"item_purchase_floors":[5,21],"current_hp_per_floor":[65,63,63,63,63,72,72,80,80,80,70,70,63,57,66,17,64,38,37,37,37,37,46,22,34,34,34,28,9,0],"gold":232,"neow_bonus":"BOSS_RELIC","is_prod":false,"is_daily":false,"chose_seed":false,"campfire_upgraded":6,"win_rate":0,"timestamp":1548549980,"path_taken":["M","M","M","?","?","R","M","R","T","R","M","?","M","E","R","BOSS","M","M","?","$","?","R","M","R","T","?","?","M","E"],"build_version":"2019-01-23","purchased_purges":1,"victory":false,"max_hp_per_floor":[80,80,80,80,80,80,80,80,80,80,80,80,80,80,80,80,80,80,80,80,80,80,80,80,80,80,80,80,80,80],"card_choices":[{"not_picked":["Bloodletting","Sentinel"],"picked":"Clothesline","floor":1},{"not_picked":["Cleave","Power Through"],"picked":"Whirlwind","floor":2},{"not_picked":["Twin Strike","Armaments"],"picked":"Spot Weakness","floor":3},{"not_picked":["Shrug It Off","Metallicize"],"picked":"Armaments","floor":7},{"not_picked":["Uppercut","Sentinel","Heavy Blade"],"picked":"SKIP","floor":11},{"not_picked":["Blood for Blood","Heavy Blade","Pummel"],"picked":"SKIP","floor":12},{"not_picked":["Iron Wave","Heavy Blade","Cleave"],"picked":"SKIP","floor":13},{"not_picked":["Flex","Anger"],"picked":"Dual Wield","floor":14},{"not_picked":["Dark Embrace","Fiend Fire"],"picked":"Offering","floor":16},{"not_picked":["Corruption","Havoc"],"picked":"Clash","floor":18},{"not_picked":["Carnage","Perfected Strike"],"picked":"Flex","floor":19},{"not_picked":["Headbutt","Heavy Blade"],"picked":"Battle Trance+1","floor":24},{"not_picked":["Bloodletting","Heavy Blade","Cleave"],"picked":"SKIP","floor":28},{"not_picked":["Infernal Blade","Evolve"],"picked":"Armaments+1","floor":29}],"player_experience":762569,"relics_obtained":[{"floor":9,"key":"Pen Nib"},{"floor":14,"key":"Boot"},{"floor":26,"key":"Bronze Scales"}],"event_choices":[{"damage_healed":0,"gold_gain":0,"player_choice":"Upgraded","damage_taken":0,"max_hp_gain":0,"max_hp_loss":0,"event_name":"Upgrade Shrine","floor":4,"gold_loss":0,"cards_upgraded":["Whirlwind"]},{"damage_healed":0,"gold_gain":99,"player_choice":"Stole From Cult","damage_taken":0,"max_hp_gain":0,"max_hp_loss":0,"event_name":"Nest","floor":20,"gold_loss":0},{"damage_healed":0,"gold_gain":0,"cards_transformed":["Strike_R","Strike_R"],"player_choice":"Became Test Subject","damage_taken":0,"max_hp_gain":0,"max_hp_loss":0,"event_name":"Drug Dealer","floor":22,"gold_loss":0,"cards_obtained":["Shockwave","Disarm"]},{"damage_healed":0,"gold_gain":100,"player_choice":"Bet on Murderer","damage_taken":0,"max_hp_gain":0,"max_hp_loss":0,"event_name":"The Joust","floor":27,"gold_loss":50}],"is_beta":false,"boss_relics":[{"not_picked":["Runic Cube","Runic Pyramid"],"picked":"Black Star"}],"items_purged_floors":[21],"is_endless":false,"potions_floor_spawned":[1,2,14,16,18,19,29],"killed_by":"Gremlin Leader","ascension_level":12}