{"gold_per_floor":[111,124,74,85,85,95,105,115,138,138,161,161,236,262,262,385,385,385,385,385,241,241,241],"floor_reached":23,"playtime":1038,"items_purged":["Strike_R"],"score":296,"play_id":"c40169b9-179c-45dd-b0a4-dddb3b9f6fd5","local_time":"20190120211447","is_ascension_mode":true,"campfire_choices":[{"data":"Rampage","floor":10,"key":"SMITH"},{"data":"Dual Wield","floor":12,"key":"SMITH"},{"floor":15,"key":"REST"}],"neow_cost":"TEN_PERCENT_HP_LOSS","seed_source_timestamp":262034819963993,"circlet_count":0,"master_deck":["AscendersBane","Strike_R","Strike_R","Defend_R","Defend_R","Defend_R","Bash","Dramatic Entrance","Magnetism","Shrug It Off","Rampage+1","Headbutt","Intimidate","Dual Wield+1","Demon Form","Power Through","Flame Barrier","Feel No Pain"],"relics":["Burning Blood","Bag of Marbles","Odd Mushroom","Regal Pillow","Ectoplasm"],"potions_floor_usage":[14,20,23,23],"damage_taken":[{"damage":10,"enemies":"Small Slimes","floor":1,"turns":3},{"damage":6,"enemies":"2 Louse","floor":2,"turns":3},{"damage":0,"enemies":"Cultist","floor":4,"turns":3},{"damage":10,"enemies":"3 Louse","floor":6,"turns":2},{"damage":0,"enemies":"2 Fungi Beasts","floor":7,"turns":3},{"damage":3,"enemies":"Looter","floor":8,"turns":4},{"damage":23,"enemies":"The Mushroom Lair","floor":11,"turns":4},{"damage":38,"enemies":"3 Sentries","floor":14,"turns":7},{"damage":57,"enemies":"Hexaghost","floor":16,"turns":15},{"damage":20,"enemies":"Shell Parasite","floor":18,"turns":6},{"damage":25,"enemies":"Spheric Guardian","floor":20,"turns":5},{"damage":18,"enemies":"Book of Stabbing","floor":23,"turns":3}],"seed_played":"9199779620903089098","potions_obtained":[{"floor":2,"key":"GamblersBrew"},{"floor":5,"key":"FairyPotion"},{"floor":14,"key":"FearPotion"},{"floor":16,"key":"FearPotion"},{"floor":20,"key":"Poison Potion"}],"is_trial":false,"path_per_floor":["M","M","?","M","?","M","M","M","T","R","?","R","?","E","R","B",null,"M","?","M","$","?","E"],"character_chosen":"IRONCLAD","items_purchased":["Power Through"],"campfire_rested":1,"item_purchase_floors":[21],"current_hp_per_floor":[68,68,68,72,72,68,72,72,72,72,55,55,44,12,48,9,56,42,29,10,10,10,0],"gold":241,"neow_bonus":"RANDOM_COLORLESS_2","is_prod":false,"is_daily":false,"chose_seed":false,"campfire_upgraded":2,"win_rate":0,"timestamp":1548036887,"path_taken":["M","M","?","M","?","?","M","M","T","R","?","R","?","E","R","BOSS","M","?","M","$","?","E"],"build_version":"2019-01-17v2","purchased_purges":1,"victory":false,"max_hp_per_floor":[72,72,72,72,72,72,72,72,72,72,72,72,72,72,72,72,72,72,77,77,77,77,77],"card_choices":[{"not_picked":["Sever Soul","Battle Trance"],"picked":"Shrug It Off","floor":1},{"not_picked":["Warcry","Entrench"],"picked":"Rampage","floor":2},{"not_picked":["Clash","Combust"],"picked":"Headbutt","floor":4},{"not_picked":["Inflame","Flex"],"picked":"Intimidate","floor":6},{"not_picked":["Berserk","Heavy Blade","Carnage"],"picked":"SKIP","floor":7},{"not_picked":["Flame Barrier","Flex"],"picked":"Dual Wield","floor":8},{"not_picked":["Uppercut","Heavy Blade","Flex"],"picked":"SKIP","floor":14},{"not_picked":["Juggernaut","Bludgeon"],"picked":"Demon Form","floor":16},{"not_picked":["Searing Blow","Cleave","Corruption"],"picked":"SKIP","floor":18},{"not_picked":["Carnage+1","Clothesline","True Grit"],"picked":"SKIP","floor":20}],"player_experience":731236,"relics_obtained":[{"floor":9,"key":"Bag of Marbles"},{"floor":11,"key":"Odd Mushroom"},{"floor":14,"key":"Regal Pillow"}],"event_choices":[{"cards_removed":["Strike_R"],"damage_healed":0,"gold_gain":0,"player_choice":"Card Removal","damage_taken":0,"max_hp_gain":0,"max_hp_loss":0,"event_name":"The Cleric","floor":3,"gold_loss":50},{"damage_healed":0,"gold_gain":0,"player_choice":"Got Potions","damage_taken":0,"max_hp_gain":0,"max_hp_loss":0,"event_name":"Lab","floor":5,"gold_loss":0},{"damage_healed":0,"gold_gain":0,"player_choice":"Fought Mushrooms","damage_taken":0,"max_hp_gain":0,"max_hp_loss":0,"event_name":"Mushrooms","floor":11,"gold_loss":0},{"damage_healed":0,"gold_gain":75,"player_choice":"Gather Gold","damage_taken":11,"max_hp_gain":0,"max_hp_loss":0,"event_name":"World of Goop","floor":13,"gold_loss":0},{"damage_healed":0,"gold_gain":0,"player_choice":"Shed Blood","damage_taken":18,"max_hp_gain":5,"max_hp_loss":0,"event_name":"Forgotten Altar","floor":19,"gold_loss":0},{"damage_healed":0,"gold_gain":0,"cards_transformed":["Strike_R","Defend_R"],"player_choice":"Became Test Subject","damage_taken":0,"max_hp_gain":0,"max_hp_loss":0,"event_name":"Drug Dealer","floor":22,"gold_loss":0,"cards_obtained":["Flame Barrier","Feel No Pain"]}],"is_beta":false,"boss_relics":[{"not_picked":["Astrolabe","Fusion Hammer"],"picked":"Ectoplasm"}],"items_purged_floors":[21],"is_endless":false,"potions_floor_spawned":[2,6,14,16,20],"killed_by":"Book of Stabbing","ascension_level":11}