{"gold_per_floor":[10,10,10,25,42,75,75,109,109,109,128,154,154,164,164,267,267,278,378,378,65,5],"floor_reached":22,"playtime":824,"items_purged":[],"score":323,"play_id":"0b7dfc27-c38b-43ca-9339-f682e25c24ca","local_time":"20190131212802","is_ascension_mode":true,"campfire_choices":[{"data":"Whirlwind","floor":7,"key":"SMITH"},{"floor":13,"key":"REST"},{"data":"Armaments","floor":15,"key":"SMITH"}],"neow_cost":"NO_GOLD","seed_source_timestamp":0,"circlet_count":0,"master_deck":["AscendersBane","Bash","Whirlwind+1","Sentinel","Uppercut+1","Warcry","Feel No Pain","Clash","Rampage","Armaments+1","Immolate","Brutality","Warcry","Rampage","Pommel Strike","Power Through","Clothesline","Iron Wave","Evolve+1","True Grit"],"special_seed":0,"relics":["Burning Blood","Charon\u0027s Ashes","GremlinMask","Lantern","Kunai","Anchor","Ice Cream","Pandora\u0027s Box","Nunchaku","Shuriken","Torii"],"potions_floor_usage":[6,6,16],"damage_taken":[{"damage":5,"enemies":"Small Slimes","floor":1,"turns":3},{"damage":3,"enemies":"2 Louse","floor":4,"turns":2},{"damage":0,"enemies":"Cultist","floor":5,"turns":3},{"damage":32,"enemies":"Gremlin Nob","floor":6,"turns":4},{"damage":20,"enemies":"3 Sentries","floor":8,"turns":5},{"damage":3,"enemies":"Looter","floor":11,"turns":3},{"damage":27,"enemies":"Lagavulin","floor":12,"turns":5},{"damage":0,"enemies":"Lots of Slimes","floor":14,"turns":3},{"damage":33,"enemies":"The Guardian","floor":16,"turns":11},{"damage":24,"enemies":"Spheric Guardian","floor":18,"turns":4},{"damage":21,"enemies":"Colosseum Slavers","floor":19,"turns":5},{"damage":30,"enemies":"Colosseum Nobs","floor":19,"turns":6},{"damage":19,"enemies":"2 Thieves","floor":22,"turns":2}],"seed_played":"6955480378212631486","potions_obtained":[{"floor":1,"key":"Energy Potion"},{"floor":5,"key":"Swift Potion"},{"floor":14,"key":"AttackPotion"},{"floor":19,"key":"Poison Potion"}],"is_trial":false,"path_per_floor":["M","?","?","M","M","E","R","E","T","?","M","E","R","M","R","B",null,"M","?","?","$","M"],"character_chosen":"IRONCLAD","items_purchased":["True Grit","Torii"],"campfire_rested":1,"item_purchase_floors":[21,21],"current_hp_per_floor":[73,73,73,76,80,54,54,40,40,40,43,22,46,52,52,25,66,48,9,9,9,0],"gold":5,"neow_bonus":"ONE_RARE_RELIC","is_prod":false,"is_daily":false,"chose_seed":false,"campfire_upgraded":2,"win_rate":0,"timestamp":1548988082,"path_taken":["M","?","?","M","?","E","R","E","T","?","?","E","R","M","R","BOSS","M","?","?","$","M"],"build_version":"2019-01-23","purchased_purges":0,"victory":false,"max_hp_per_floor":[80,80,80,80,80,80,80,80,80,80,80,80,80,80,80,80,80,80,80,80,80,80],"card_choices":[{"not_picked":["Intimidate","Sever Soul"],"picked":"Whirlwind","floor":1},{"not_picked":["Clash","Armaments"],"picked":"Uppercut","floor":4},{"not_picked":["Body Slam","Sword Boomerang"],"picked":"Warcry","floor":5},{"not_picked":["Immolate","Clothesline"],"picked":"Feel No Pain","floor":6},{"not_picked":["Heavy Blade","Perfected Strike"],"picked":"Clash","floor":8},{"not_picked":["Thunderclap","Iron Wave","Hemokinesis"],"picked":"SKIP","floor":11},{"not_picked":["Metallicize","Brutality"],"picked":"Rampage","floor":12},{"not_picked":["Heavy Blade","Thunderclap"],"picked":"Armaments","floor":14},{"not_picked":["Impervious","Brutality"],"picked":"Immolate","floor":16},{"not_picked":["Heavy Blade","Twin Strike","Thunderclap"],"picked":"SKIP","floor":18}],"player_experience":767035,"relics_obtained":[{"floor":6,"key":"Lantern"},{"floor":8,"key":"Kunai"},{"floor":9,"key":"Anchor"},{"floor":12,"key":"Ice Cream"},{"floor":19,"key":"Nunchaku"},{"floor":19,"key":"Shuriken"}],"event_choices":[{"damage_healed":0,"gold_gain":0,"cards_transformed":["Strike_R"],"player_choice":"Change","damage_taken":0,"max_hp_gain":0,"max_hp_loss":0,"event_name":"Living Wall","floor":2,"gold_loss":0,"cards_obtained":["Sentinel"]},{"damage_healed":0,"gold_gain":0,"player_choice":"Trade","damage_taken":0,"relics_obtained":["GremlinMask"],"max_hp_gain":0,"max_hp_loss":0,"event_name":"FaceTrader","floor":3,"gold_loss":0},{"damage_healed":0,"gold_gain":0,"player_choice":"Upgraded","damage_taken":0,"max_hp_gain":0,"max_hp_loss":0,"event_name":"Upgrade Shrine","floor":10,"gold_loss":0,"cards_upgraded":["Uppercut"]},{"damage_healed":0,"gold_gain":0,"player_choice":"Fight","damage_taken":0,"max_hp_gain":0,"max_hp_loss":0,"event_name":"Colosseum","floor":19,"gold_loss":0},{"damage_healed":0,"gold_gain":0,"player_choice":"Fought Nobs","damage_taken":0,"max_hp_gain":0,"max_hp_loss":0,"event_name":"Colosseum","floor":19,"gold_loss":0},{"damage_healed":0,"gold_gain":0,"player_choice":"Upgraded","damage_taken":0,"max_hp_gain":0,"max_hp_loss":0,"event_name":"Upgrade Shrine","floor":20,"gold_loss":0,"cards_upgraded":["Evolve"]}],"is_beta":false,"boss_relics":[{"not_picked":["Black Blood","Fusion Hammer"],"picked":"Pandora\u0027s Box"}],"items_purged_floors":[],"is_endless":false,"potions_floor_spawned":[1,5,14,19],"killed_by":"2 Thieves","ascension_level":12}