{"gold_per_floor":[112,125,136,136,147,147,26,26,26,52,52,87,87,142,142,244,244,263,273,188,200,200],"floor_reached":22,"playtime":916,"items_purged":["Pain"],"score":301,"play_id":"ccca5075-2e2c-4137-9b99-3013178543fe","local_time":"20190121223918","is_ascension_mode":true,"campfire_choices":[{"data":"Inflame","floor":6,"key":"SMITH"},{"data":"Flex","floor":8,"key":"SMITH"},{"data":"Bash","floor":11,"key":"SMITH"},{"data":"Reaper","floor":13,"key":"SMITH"},{"floor":15,"key":"REST"}],"neow_cost":"NONE","seed_source_timestamp":353636675853749,"circlet_count":0,"master_deck":["AscendersBane","Strike_R","Strike_R","Strike_R","Strike_R","Strike_R","Defend_R","Defend_R","Defend_R","Defend_R","Bash+1","Cleave","Flex+1","Seeing Red","Inflame+1","Dropkick","Flex","Reaper+1","Thunderclap","True Grit","Double Tap","Intimidate","Flex","Spot Weakness+1"],"relics":["Burning Blood","Smiling Mask","WarpedTongs","Ornamental Fan","Darkstone Periapt","Dream Catcher","Happy Flower","Black Star","Toxic Egg 2"],"potions_floor_usage":[14,16,22],"damage_taken":[{"damage":12,"enemies":"Jaw Worm","floor":1,"turns":4},{"damage":6,"enemies":"Cultist","floor":2,"turns":3},{"damage":3,"enemies":"2 Louse","floor":3,"turns":3},{"damage":13,"enemies":"Blue Slaver","floor":5,"turns":4},{"damage":15,"enemies":"Gremlin Nob","floor":10,"turns":4},{"damage":22,"enemies":"Lagavulin","floor":12,"turns":5},{"damage":29,"enemies":"Lagavulin Event","floor":14,"turns":5},{"damage":31,"enemies":"The Guardian","floor":16,"turns":10},{"damage":17,"enemies":"Chosen","floor":18,"turns":8},{"damage":20,"enemies":"3 Byrds","floor":19,"turns":6},{"damage":46,"enemies":"Snake Plant","floor":21,"turns":5},{"damage":54,"enemies":"Centurion and Healer","floor":22,"turns":7}],"seed_played":"1172638886188941397","potions_obtained":[{"floor":5,"key":"Dexterity Potion"},{"floor":12,"key":"EssenceOfSteel"},{"floor":19,"key":"SpeedPotion"},{"floor":21,"key":"Ancient Potion"}],"is_trial":false,"path_per_floor":["M","M","M","?","M","R","$","R","T","E","R","E","R","?","R","B",null,"M","M","?","M","M"],"character_chosen":"IRONCLAD","items_purchased":["Dropkick"],"campfire_rested":1,"item_purchase_floors":[7],"current_hp_per_floor":[66,66,69,69,62,62,62,62,62,53,53,37,37,14,38,37,69,73,65,65,25,0],"gold":200,"neow_bonus":"RANDOM_COMMON_RELIC","is_prod":false,"is_daily":false,"chose_seed":false,"campfire_upgraded":4,"win_rate":0,"timestamp":1548128358,"path_taken":["M","M","M","?","?","R","$","R","T","E","R","E","R","?","R","BOSS","M","M","?","M","M"],"build_version":"2019-01-17v2","purchased_purges":1,"victory":false,"max_hp_per_floor":[80,80,80,80,80,80,80,80,80,80,80,80,80,80,80,80,80,80,80,80,80,80],"card_choices":[{"not_picked":["Thunderclap","Pummel"],"picked":"Cleave","floor":1},{"not_picked":["Power Through","Rupture"],"picked":"Flex","floor":2},{"not_picked":["Cleave","Blood for Blood"],"picked":"Seeing Red","floor":3},{"not_picked":["Dual Wield","Iron Wave"],"picked":"Inflame","floor":5},{"not_picked":["Hemokinesis","Shockwave"],"picked":"Flex","floor":10},{"not_picked":["Impervious","Pummel"],"picked":"Reaper","floor":12},{"not_picked":["True Grit","Clothesline"],"picked":"Thunderclap","floor":14},{"not_picked":["Twin Strike","Reckless Charge"],"picked":"True Grit","floor":15},{"not_picked":["Exhume","Fiend Fire"],"picked":"Double Tap","floor":16},{"not_picked":["Thunderclap","Wild Strike+1"],"picked":"Intimidate","floor":18},{"not_picked":["Armaments","Sword Boomerang"],"picked":"Flex","floor":19},{"not_picked":["Entrench+1","Bloodletting+1"],"picked":"Spot Weakness+1","floor":21}],"player_experience":734589,"relics_obtained":[{"floor":9,"key":"Ornamental Fan"},{"floor":10,"key":"Darkstone Periapt"},{"floor":12,"key":"Dream Catcher"}],"event_choices":[{"damage_healed":0,"gold_gain":0,"player_choice":"Rummage","damage_taken":0,"relics_obtained":["WarpedTongs"],"max_hp_gain":0,"max_hp_loss":0,"event_name":"Accursed Blacksmith","floor":4,"gold_loss":0,"cards_obtained":["Pain"]},{"damage_healed":0,"gold_gain":30,"player_choice":"Searched \u00273\u0027 times","damage_taken":0,"relics_obtained":["Happy Flower"],"max_hp_gain":0,"max_hp_loss":0,"event_name":"Dead Adventurer","floor":14,"gold_loss":0},{"damage_healed":0,"gold_gain":0,"player_choice":"Obtained Relic","damage_taken":0,"relics_obtained":["Toxic Egg 2"],"max_hp_gain":0,"max_hp_loss":0,"event_name":"Addict","floor":20,"gold_loss":85}],"is_beta":false,"boss_relics":[{"not_picked":["Mark of Pain","Runic Dome"],"picked":"Black Star"}],"items_purged_floors":[7],"is_endless":false,"potions_floor_spawned":[5,12,19,21],"killed_by":"Centurion and Healer","ascension_level":11}