{"gold_per_floor":[142,93,93,93,93,93,111,111,111,147,35,68,68,92,92,221,221,240,240,58,0,0,0,19,19,19,19,62,82,106,137,137,265,265,283,330,330,54,73,111,111,111,138,151,167,187,187,203,203,203],"floor_reached":51,"playtime":2533,"items_purged":["Strike_R","Writhe"],"score":1112,"play_id":"e26b87c5-7a17-485a-b07f-9c4e753b4fd9","local_time":"20190122223927","is_ascension_mode":true,"campfire_choices":[{"floor":6,"key":"REST"},{"data":"Rampage","floor":8,"key":"SMITH"},{"data":"True Grit","floor":15,"key":"SMITH"},{"data":"Metamorphosis","floor":23,"key":"SMITH"},{"data":"Juggernaut","floor":32,"key":"SMITH"},{"floor":41,"key":"REST"},{"floor":49,"key":"REST"}],"neow_cost":"NONE","seed_source_timestamp":438421907572027,"circlet_count":0,"master_deck":["AscendersBane","Strike_R+1","Strike_R","Defend_R","Defend_R","Defend_R+1","Bash+1","Rampage+1","Shrug It Off","Inflame","True Grit+1","Spot Weakness","Feel No Pain","Ghostly Armor","Juggernaut+1","Battle Trance","Metallicize+1","Metamorphosis+1","Rage+1","Pummel","Heavy Blade","Offering","Body Slam","Juggernaut","Iron Wave","Armaments+1","Enlightenment","Flame Barrier+1","Headbutt+1","Pain","Shrug It Off+1","Impatience","Offering"],"relics":["Black Blood","Tiny Chest","Golden Idol","Prayer Wheel","Bag of Preparation","Self Forming Clay","Bird Faced Urn","Ancient Tea Set","Letter Opener","Anchor","Gambling Chip","Art of War","Paper Frog","Black Star","Bag of Marbles","Red Skull","Blue Candle","WarpedTongs","War Paint"],"potions_floor_usage":[12,24,28,31,40,46,50],"damage_taken":[{"damage":2,"enemies":"Jaw Worm","floor":1,"turns":4},{"damage":2,"enemies":"Small Slimes","floor":7,"turns":4},{"damage":27,"enemies":"Lagavulin","floor":10,"turns":5},{"damage":10,"enemies":"Gremlin Nob","floor":12,"turns":4},{"damage":0,"enemies":"2 Louse","floor":14,"turns":3},{"damage":22,"enemies":"The Guardian","floor":16,"turns":13},{"damage":15,"enemies":"Spheric Guardian","floor":18,"turns":6},{"damage":29,"enemies":"2 Thieves","floor":21,"turns":5},{"damage":17,"enemies":"Snake Plant","floor":24,"turns":6},{"damage":35,"enemies":"Book of Stabbing","floor":28,"turns":7},{"damage":20,"enemies":"Shelled Parasite and Fungi","floor":29,"turns":6},{"damage":10,"enemies":"Slavers","floor":31,"turns":5},{"damage":30,"enemies":"Champ","floor":33,"turns":8},{"damage":31,"enemies":"3 Darklings","floor":35,"turns":4},{"damage":13,"enemies":"3 Shapes","floor":39,"turns":6},{"damage":50,"enemies":"Nemesis","floor":40,"turns":9},{"damage":20,"enemies":"Spire Growth","floor":44,"turns":4},{"damage":7,"enemies":"3 Darklings","floor":45,"turns":5},{"damage":40,"enemies":"Transient","floor":46,"turns":5},{"damage":14,"enemies":"Jaw Worm Horde","floor":48,"turns":3},{"damage":31,"enemies":"Donu and Deca","floor":50,"turns":7}],"seed_played":"4501695169705297922","potions_obtained":[{"floor":1,"key":"Swift Potion"},{"floor":10,"key":"Block Potion"},{"floor":14,"key":"Regen Potion"},{"floor":24,"key":"Ancient Potion"},{"floor":28,"key":"AttackPotion"},{"floor":35,"key":"FearPotion"},{"floor":39,"key":"SkillPotion"},{"floor":44,"key":"GamblersBrew"},{"floor":46,"key":"Block Potion"}],"is_trial":false,"path_per_floor":["M","$","?","?","?","R","M","R","T","E","$","E","$","M","R","B",null,"M","T","$","M","?","R","M","?","T","T","E","M","T","E","R","B",null,"M","T","?","$","M","E","R","?","T","M","M","M","?","M","R","B",null],"character_chosen":"IRONCLAD","items_purchased":["Shrug It Off","Spot Weakness","Metamorphosis","Enlightenment","Flame Barrier"],"campfire_rested":3,"item_purchase_floors":[2,11,20,38,38],"current_hp_per_floor":[76,76,60,53,33,57,61,61,61,40,40,36,36,42,42,26,67,62,62,62,49,49,49,62,62,62,62,43,41,41,49,49,37,69,58,58,58,58,59,25,49,49,49,45,56,34,34,38,62,49],"gold":203,"neow_bonus":"RANDOM_COMMON_RELIC","is_prod":false,"is_daily":false,"chose_seed":false,"campfire_upgraded":4,"win_rate":0,"timestamp":1548214767,"path_taken":["M","$","?","?","?","R","M","R","T","E","$","E","?","M","R","BOSS","M","?","$","M","?","R","?","?","T","?","E","M","?","E","R","BOSS","M","?","?","$","M","E","R","?","T","?","M","M","?","?","R","BOSS"],"build_version":"2019-01-17v2","purchased_purges":2,"victory":true,"max_hp_per_floor":[80,80,80,80,80,80,80,80,80,80,80,80,80,80,80,80,80,80,80,80,80,80,80,80,80,80,80,80,80,80,80,80,80,80,80,80,80,80,80,80,80,80,80,80,80,80,80,80,80,80],"card_choices":[{"not_picked":["Twin Strike","Sword Boomerang"],"picked":"Rampage","floor":1},{"not_picked":["Wild Strike","True Grit"],"picked":"Inflame","floor":7},{"not_picked":["Sword Boomerang","Havoc"],"picked":"True Grit","floor":10},{"not_picked":["Anger","Rupture"],"picked":"Feel No Pain","floor":12},{"not_picked":["Blood for Blood","Anger"],"picked":"Ghostly Armor","floor":14},{"not_picked":["Immolate","Rage","Perfected Strike"],"picked":"SKIP","floor":14},{"not_picked":["Reaper","Bludgeon"],"picked":"Juggernaut","floor":16},{"not_picked":["Spot Weakness","Entrench"],"picked":"Battle Trance","floor":18},{"not_picked":["Corruption","Clash+1"],"picked":"Metallicize+1","floor":18},{"not_picked":["Warcry","Seeing Red","True Grit"],"picked":"SKIP","floor":21},{"not_picked":["Bloodletting","Entrench","Warcry"],"picked":"SKIP","floor":21},{"not_picked":["Sword Boomerang","Carnage"],"picked":"Rage+1","floor":24},{"not_picked":["Heavy Blade","Sword Boomerang","Wild Strike"],"picked":"SKIP","floor":24},{"not_picked":["Dual Wield","Disarm"],"picked":"Offering","floor":28},{"not_picked":["Havoc+1","Pommel Strike+1"],"picked":"Body Slam","floor":29},{"not_picked":["Flex","Metallicize","Warcry"],"picked":"SKIP","floor":29},{"not_picked":["Fire Breathing","Searing Blow","Flame Barrier"],"picked":"SKIP","floor":31},{"not_picked":["Double Tap","Brutality"],"picked":"Juggernaut","floor":33},{"not_picked":["Burning Pact","True Grit+1"],"picked":"Iron Wave","floor":35},{"not_picked":["Pommel Strike+1","Havoc+1"],"picked":"Armaments+1","floor":35},{"not_picked":["Twin Strike+1","Anger+1"],"picked":"Headbutt+1","floor":39},{"not_picked":["Thunderclap","Clash","Sever Soul+1"],"picked":"SKIP","floor":39},{"not_picked":["Clothesline+1","Headbutt+1","Berserk"],"picked":"SKIP","floor":40},{"not_picked":["Perfected Strike","Body Slam"],"picked":"Shrug It Off+1","floor":44},{"not_picked":["Flex","Clash","Perfected Strike+1"],"picked":"SKIP","floor":44},{"not_picked":["Brutality","Iron Wave+1","Clothesline+1"],"picked":"SKIP","floor":45},{"not_picked":["Anger","Pummel+1","Body Slam+1"],"picked":"SKIP","floor":45},{"not_picked":["Pummel","Rupture+1","Wild Strike"],"picked":"SKIP","floor":46},{"not_picked":["Perfected Strike+1","True Grit+1","Pummel"],"picked":"SKIP","floor":46},{"not_picked":["Power Through+1","Sword Boomerang+1","Whirlwind"],"picked":"SKIP","floor":48},{"not_picked":["Anger","Headbutt+1","Entrench"],"picked":"SKIP","floor":48}],"player_experience":735505,"relics_obtained":[{"floor":9,"key":"Prayer Wheel"},{"floor":10,"key":"Bag of Preparation"},{"floor":12,"key":"Self Forming Clay"},{"floor":19,"key":"Bird Faced Urn"},{"floor":26,"key":"Letter Opener"},{"floor":27,"key":"Anchor"},{"floor":28,"key":"Gambling Chip"},{"floor":30,"key":"Art of War"},{"floor":31,"key":"Paper Frog"},{"floor":36,"key":"Bag of Marbles"},{"floor":40,"key":"Red Skull"},{"floor":40,"key":"Blue Candle"},{"floor":43,"key":"War Paint"}],"event_choices":[{"damage_healed":0,"gold_gain":0,"player_choice":"Entered Light","damage_taken":16,"max_hp_gain":0,"max_hp_loss":0,"event_name":"Shining Light","floor":3,"gold_loss":0,"cards_upgraded":["Strike_R","Bash"]},{"cards_removed":["Strike_R"],"damage_healed":0,"gold_gain":0,"player_choice":"Card Removal","damage_taken":7,"max_hp_gain":0,"max_hp_loss":0,"event_name":"Golden Wing","floor":4,"gold_loss":0},{"damage_healed":0,"gold_gain":0,"player_choice":"Take Damage","damage_taken":20,"relics_obtained":["Golden Idol"],"max_hp_gain":0,"max_hp_loss":0,"event_name":"Golden Idol","floor":5,"gold_loss":0},{"damage_healed":0,"gold_gain":0,"player_choice":"Opened","damage_taken":0,"relics_obtained":["Ancient Tea Set"],"max_hp_gain":0,"max_hp_loss":0,"event_name":"The Mausoleum","floor":22,"gold_loss":0,"cards_obtained":["Writhe"]},{"damage_healed":0,"gold_gain":0,"cards_transformed":["Defend_R","Strike_R"],"player_choice":"Became Test Subject","damage_taken":0,"max_hp_gain":0,"max_hp_loss":0,"event_name":"Drug Dealer","floor":25,"gold_loss":0,"cards_obtained":["Pummel","Heavy Blade"]},{"damage_healed":0,"gold_gain":0,"player_choice":"Ignored","damage_taken":0,"max_hp_gain":0,"max_hp_loss":0,"event_name":"Tomb of Lord Red Mask","floor":37,"gold_loss":0},{"damage_healed":0,"gold_gain":0,"player_choice":"Rummage","damage_taken":0,"relics_obtained":["WarpedTongs"],"max_hp_gain":0,"max_hp_loss":0,"event_name":"Accursed Blacksmith","floor":42,"gold_loss":0,"cards_obtained":["Pain"]},{"damage_healed":0,"gold_gain":0,"player_choice":"2 cards matched","damage_taken":0,"max_hp_gain":0,"max_hp_loss":0,"event_name":"Match and Keep!","floor":47,"gold_loss":0,"cards_obtained":["Impatience","Offering"]}],"is_beta":false,"boss_relics":[{"not_picked":["Runic Dome","Lizard Tail"],"picked":"Black Blood"},{"not_picked":["Velvet Choker","Pandora\u0027s Box"],"picked":"Black Star"}],"items_purged_floors":[11,38],"is_endless":false,"potions_floor_spawned":[1,10,14,24,28,35,39,44,46],"ascension_level":11}