{"gold_per_floor":[115,133,308,322,322,357,357,372,398,398,425,425,445,465,465,561,561,572,588,151,171,171,206,102,102,127,127,161,174,174,124,124,219,219,233,233],"floor_reached":36,"playtime":1153,"items_purged":["Injury","Parasite"],"score":699,"play_id":"8c811797-d8a5-484c-aa49-61cc85b53274","local_time":"20190126164304","is_ascension_mode":true,"campfire_choices":[{"data":"True Grit","floor":7,"key":"SMITH"},{"data":"Limit Break","floor":10,"key":"SMITH"},{"floor":15,"key":"REST"},{"floor":30,"key":"REST"},{"data":"Limit Break","floor":32,"key":"SMITH"}],"neow_cost":"TEN_PERCENT_HP_LOSS","seed_source_timestamp":764063091800494,"circlet_count":0,"master_deck":["AscendersBane","Strike_R","Strike_R","Strike_R","Strike_R","Defend_R","Defend_R","Defend_R","Bash","Bloodletting","Cleave","Thunderclap","Clash","Limit Break+1","True Grit+1","Exhume","Headbutt","Power Through","Limit Break","Infernal Blade","Limit Break+1","Flame Barrier","Heavy Blade","Trip","Flex","Flex"],"relics":["Burning Blood","Strawberry","Red Skull","Smiling Mask","Calling Bell","Vajra","Darkstone Periapt","Champion Belt","Lee\u0027s Waffle","PreservedInsect","Du-Vu Doll","Art of War","Kunai","Mercury Hourglass","Mark of Pain"],"potions_floor_usage":[6,6,18,33,36,36],"damage_taken":[{"damage":10,"enemies":"2 Louse","floor":1,"turns":3},{"damage":1,"enemies":"Cultist","floor":2,"turns":3},{"damage":7,"enemies":"Small Slimes","floor":4,"turns":3},{"damage":26,"enemies":"Gremlin Nob","floor":6,"turns":4},{"damage":13,"enemies":"Red Slaver","floor":8,"turns":3},{"damage":31,"enemies":"3 Sentries","floor":11,"turns":6},{"damage":12,"enemies":"Exordium Wildlife","floor":13,"turns":3},{"damage":14,"enemies":"Exordium Thugs","floor":14,"turns":3},{"damage":33,"enemies":"Hexaghost","floor":16,"turns":7},{"damage":42,"enemies":"3 Byrds","floor":18,"turns":5},{"damage":0,"enemies":"Chosen","floor":19,"turns":4},{"damage":49,"enemies":"Snake Plant","floor":21,"turns":7},{"damage":18,"enemies":"Gremlin Leader","floor":23,"turns":3},{"damage":16,"enemies":"Slavers","floor":28,"turns":4},{"damage":0,"enemies":"Cultist and Chosen","floor":29,"turns":3},{"damage":35,"enemies":"Automaton","floor":33,"turns":5},{"damage":15,"enemies":"Orb Walker","floor":35,"turns":2},{"damage":61,"enemies":"3 Darklings","floor":36,"turns":4}],"seed_played":"5092636316759977730","potions_obtained":[{"floor":1,"key":"PowerPotion"},{"floor":4,"key":"SteroidPotion"},{"floor":14,"key":"Explosive Potion"},{"floor":16,"key":"Dexterity Potion"},{"floor":18,"key":"Dexterity Potion"},{"floor":19,"key":"Strength Potion"},{"floor":35,"key":"EssenceOfSteel"}],"is_trial":false,"path_per_floor":["M","M","?","M","?","E","R","M","T","R","E","?","M","M","R","B",null,"M","M","$","M","?","E","$","?","T","?","E","M","R","$","R","B",null,"M","M"],"character_chosen":"IRONCLAD","items_purchased":["Lee\u0027s Waffle","PreservedInsect","Trip","Flex"],"campfire_rested":2,"item_purchase_floors":[20,20,20,24],"current_hp_per_floor":[68,72,72,71,71,58,58,51,51,51,26,26,20,12,35,8,61,25,31,86,43,43,31,31,31,31,31,21,27,52,52,52,23,68,59,0],"gold":233,"neow_bonus":"TRANSFORM_TWO_CARDS","is_prod":false,"is_daily":false,"chose_seed":false,"campfire_upgraded":3,"win_rate":0,"timestamp":1548538984,"path_taken":["M","M","?","M","?","E","R","?","T","R","E","?","M","?","R","BOSS","M","M","$","M","?","E","$","?","T","?","E","M","R","?","R","BOSS","M","M"],"build_version":"2019-01-23","purchased_purges":2,"victory":false,"max_hp_per_floor":[72,72,72,72,72,79,79,79,79,79,79,79,79,79,79,79,79,79,79,86,86,86,86,86,86,86,86,86,86,86,83,83,83,83,83,83],"card_choices":[{"not_picked":["Sword Boomerang","Perfected Strike"],"picked":"Thunderclap","floor":1},{"not_picked":["Flex","Body Slam"],"picked":"Clash","floor":2},{"not_picked":["Thunderclap","Sentinel"],"picked":"Limit Break","floor":4},{"not_picked":["Cleave","Iron Wave","Perfected Strike"],"picked":"SKIP","floor":6},{"not_picked":["Armaments","Havoc"],"picked":"Headbutt","floor":8},{"not_picked":["Carnage","Body Slam"],"picked":"Power Through","floor":11},{"not_picked":["Iron Wave","Metallicize"],"picked":"Limit Break","floor":13},{"not_picked":["Heavy Blade","Pommel Strike"],"picked":"Infernal Blade","floor":14},{"not_picked":["Exhume","Double Tap"],"picked":"Limit Break","floor":16},{"not_picked":["Body Slam","Feel No Pain"],"picked":"Flame Barrier","floor":18},{"not_picked":["Evolve","True Grit"],"picked":"Heavy Blade","floor":19},{"not_picked":["Havoc+1","Headbutt","Clothesline"],"picked":"SKIP","floor":21},{"not_picked":["Cleave","Barricade","Shockwave"],"picked":"SKIP","floor":23},{"not_picked":["Blood for Blood","Clothesline"],"picked":"Flex","floor":28},{"not_picked":["Rage","Iron Wave","Pommel Strike"],"picked":"SKIP","floor":29},{"not_picked":["Body Slam+1","Warcry","Hemokinesis"],"picked":"SKIP","floor":35}],"player_experience":759471,"relics_obtained":[{"floor":6,"key":"Strawberry"},{"floor":9,"key":"Red Skull"},{"floor":11,"key":"Smiling Mask"},{"floor":17,"key":"Vajra"},{"floor":17,"key":"Darkstone Periapt"},{"floor":17,"key":"Champion Belt"},{"floor":23,"key":"Du-Vu Doll"},{"floor":26,"key":"Art of War"},{"floor":28,"key":"Mercury Hourglass"}],"event_choices":[{"damage_healed":0,"gold_gain":175,"player_choice":"AGREE","damage_taken":0,"max_hp_gain":0,"max_hp_loss":0,"event_name":"Liars Game","floor":3,"gold_loss":0,"cards_obtained":["Doubt"]},{"damage_healed":0,"gold_gain":0,"player_choice":"2 cards matched","damage_taken":0,"max_hp_gain":0,"max_hp_loss":0,"event_name":"Match and Keep!","floor":5,"gold_loss":0,"cards_obtained":["True Grit","Exhume"]},{"cards_removed":["Doubt"],"damage_healed":0,"gold_gain":0,"player_choice":"Purged","damage_taken":0,"max_hp_gain":0,"max_hp_loss":0,"event_name":"Purifier","floor":12,"gold_loss":0},{"cards_removed":["Shame"],"damage_healed":0,"gold_gain":0,"player_choice":"Elegance","damage_taken":0,"max_hp_gain":0,"max_hp_loss":0,"event_name":"Back to Basics","floor":22,"gold_loss":0},{"damage_healed":0,"gold_gain":0,"player_choice":"Ignored","damage_taken":0,"max_hp_gain":0,"max_hp_loss":0,"event_name":"Vampires","floor":25,"gold_loss":0},{"damage_healed":0,"gold_gain":0,"player_choice":"Opened","damage_taken":0,"relics_obtained":["Kunai"],"max_hp_gain":0,"max_hp_loss":0,"event_name":"The Mausoleum","floor":27,"gold_loss":0}],"is_beta":false,"boss_relics":[{"not_picked":["Runic Pyramid","Lizard Tail"],"picked":"Calling Bell"},{"not_picked":["Runic Dome","Runic Cube"],"picked":"Mark of Pain"}],"items_purged_floors":[24,31],"is_endless":false,"potions_floor_spawned":[1,4,14,16,18,19,21,35],"killed_by":"3 Darklings","ascension_level":12}