{"gold_per_floor":[111,130,130,100,113,113,151,164,209,11,11,31,31,56,56,186,186,207,207,132,150,173,173,209,14,14,14,38,38,0,21,21,146,146,171,184,184,309,51,51,51],"floor_reached":41,"playtime":1345,"items_purged":[],"score":658,"play_id":"7bda19a6-fef4-42a3-b34c-d83023c47e4e","local_time":"20190131225305","is_ascension_mode":true,"campfire_choices":[{"data":"Inflame","floor":6,"key":"SMITH"},{"data":"Spot Weakness","floor":11,"key":"SMITH"},{"data":"Anger","floor":13,"key":"SMITH"},{"data":"True Grit","floor":15,"key":"SMITH"},{"data":"Demon Form","floor":23,"key":"SMITH"},{"data":"Violence","floor":27,"key":"SMITH"},{"floor":32,"key":"REST"}],"neow_cost":"NONE","seed_source_timestamp":1218084506446370,"circlet_count":0,"master_deck":["AscendersBane","Strike_R","Strike_R","Strike_R","Strike_R","Strike_R","Defend_R","Defend_R","Defend_R","Defend_R","Bash","Anger+1","Inflame+1","Intimidate","Spot Weakness+1","Rage","Intimidate","True Grit+1","Demon Form+1","Clash","Warcry","Battle Trance","Violence+1","Thunderclap","Pommel Strike","Limit Break","Heavy Blade"],"relics":["Burning Blood","NeowsBlessing","Golden Idol","Ornamental Fan","Art of War","ClockworkSouvenir","Philosopher\u0027s Stone","Pen Nib","Regal Pillow","Ancient Tea Set","Eternal Feather","Du-Vu Doll","Pantograph"],"potions_floor_usage":[8,22,22,22,24,28,33,33,33,38,41],"damage_taken":[{"damage":0,"enemies":"Jaw Worm","floor":1,"turns":1},{"damage":0,"enemies":"2 Louse","floor":2,"turns":1},{"damage":0,"enemies":"Cultist","floor":5,"turns":1},{"damage":30,"enemies":"Lagavulin","floor":7,"turns":6},{"damage":16,"enemies":"Exordium Thugs","floor":8,"turns":5},{"damage":1,"enemies":"2 Fungi Beasts","floor":12,"turns":3},{"damage":7,"enemies":"Exordium Wildlife","floor":14,"turns":5},{"damage":32,"enemies":"Hexaghost","floor":16,"turns":10},{"damage":21,"enemies":"2 Thieves","floor":18,"turns":5},{"damage":7,"enemies":"Chosen","floor":21,"turns":4},{"damage":21,"enemies":"Shelled Parasite and Fungi","floor":22,"turns":5},{"damage":1,"enemies":"Gremlin Leader","floor":24,"turns":7},{"damage":14,"enemies":"Snake Plant","floor":28,"turns":5},{"damage":23,"enemies":"Sentry and Sphere","floor":31,"turns":6},{"damage":35,"enemies":"Automaton","floor":33,"turns":6},{"damage":41,"enemies":"3 Darklings","floor":35,"turns":6},{"damage":12,"enemies":"Orb Walker","floor":36,"turns":2},{"damage":26,"enemies":"Mind Bloom Boss Battle","floor":38,"turns":7},{"damage":24,"enemies":"Maw","floor":41,"turns":2}],"seed_played":"-4073231645079309518","potions_obtained":[{"floor":4,"key":"EssenceOfSteel"},{"floor":4,"key":"EntropicBrew"},{"floor":7,"key":"Energy Potion"},{"floor":8,"key":"Fruit Juice"},{"floor":14,"key":"Explosive Potion"},{"floor":24,"key":"Weak Potion"},{"floor":28,"key":"EntropicBrew"},{"floor":31,"key":"SteroidPotion"},{"floor":35,"key":"GamblersBrew"},{"floor":40,"key":"Regen Potion"}],"is_trial":false,"path_per_floor":["M","M","?","?","M","R","E","M","T","$","R","M","R","M","R","B",null,"M","?","?","M","M","R","E","$","T","R","M","$","?","M","R","B",null,"M","M","?","?","$","?","M"],"character_chosen":"IRONCLAD","items_purchased":["ClockworkSouvenir","Violence","Pantograph"],"campfire_rested":1,"item_purchase_floors":[10,25,39],"current_hp_per_floor":[78,80,60,60,66,66,42,37,37,37,37,42,42,41,41,15,68,53,53,53,52,37,37,42,42,42,42,34,34,34,17,57,28,71,36,30,30,10,10,10,0],"gold":51,"neow_bonus":"THREE_ENEMY_KILL","is_prod":false,"is_daily":false,"chose_seed":false,"campfire_upgraded":6,"win_rate":0,"timestamp":1548993185,"path_taken":["M","M","?","?","M","R","E","?","T","?","R","M","R","M","R","BOSS","M","?","?","M","M","R","E","?","T","R","?","$","?","M","R","BOSS","M","M","?","?","$","?","?"],"build_version":"2019-01-23","purchased_purges":0,"victory":false,"max_hp_per_floor":[80,80,80,80,80,80,80,85,85,85,85,85,85,85,85,85,85,85,85,85,85,85,85,85,85,85,85,85,85,85,85,85,85,85,85,85,85,85,85,85,85],"card_choices":[{"not_picked":["Armaments","Burning Pact"],"picked":"Anger","floor":1},{"not_picked":["Second Wind","Shrug It Off"],"picked":"Inflame","floor":2},{"not_picked":["Twin Strike","Armaments"],"picked":"Intimidate","floor":5},{"not_picked":["Reaper","Carnage"],"picked":"Spot Weakness","floor":7},{"not_picked":["Pummel","Body Slam"],"picked":"Rage","floor":8},{"not_picked":["Combust","Reckless Charge"],"picked":"Intimidate","floor":12},{"not_picked":["Anger","Wild Strike"],"picked":"True Grit","floor":14},{"not_picked":["Berserk","Brutality"],"picked":"Demon Form","floor":16},{"not_picked":["Sword Boomerang","Perfected Strike"],"picked":"Clash","floor":18},{"not_picked":["Clothesline+1","Power Through"],"picked":"Warcry","floor":21},{"not_picked":["Armaments","Heavy Blade"],"picked":"Battle Trance","floor":22},{"not_picked":["Bloodletting","Feel No Pain","Corruption"],"picked":"SKIP","floor":24},{"not_picked":["Wild Strike","Pommel Strike"],"picked":"Thunderclap","floor":28},{"not_picked":["Clash","True Grit"],"picked":"Pommel Strike","floor":31},{"not_picked":["Second Wind+1","Perfected Strike","Wild Strike+1"],"picked":"SKIP","floor":35},{"not_picked":["Body Slam","Fire Breathing"],"picked":"Limit Break","floor":36},{"not_picked":["Pommel Strike","Bloodletting"],"picked":"Heavy Blade","floor":38}],"player_experience":770091,"relics_obtained":[{"floor":7,"key":"Ornamental Fan"},{"floor":9,"key":"Art of War"},{"floor":24,"key":"Regal Pillow"},{"floor":26,"key":"Ancient Tea Set"},{"floor":38,"key":"Du-Vu Doll"}],"event_choices":[{"damage_healed":0,"gold_gain":0,"player_choice":"Take Damage","damage_taken":20,"relics_obtained":["Golden Idol"],"max_hp_gain":0,"max_hp_loss":0,"event_name":"Golden Idol","floor":3,"gold_loss":0},{"damage_healed":0,"gold_gain":0,"player_choice":"Bought 2 Potions","damage_taken":0,"max_hp_gain":0,"max_hp_loss":0,"event_name":"The Woman in Blue","floor":4,"gold_loss":0},{"damage_healed":0,"gold_gain":0,"player_choice":"Opened","damage_taken":0,"relics_obtained":["Pen Nib"],"max_hp_gain":0,"max_hp_loss":0,"event_name":"The Mausoleum","floor":19,"gold_loss":0,"cards_obtained":["Writhe"]},{"cards_removed":["Writhe"],"damage_healed":0,"gold_gain":0,"player_choice":"Gave Gold","damage_taken":0,"max_hp_gain":0,"max_hp_loss":0,"event_name":"Beggar","floor":20,"gold_loss":75},{"damage_healed":0,"gold_gain":0,"player_choice":"Paid Fearfully","damage_taken":0,"max_hp_gain":0,"max_hp_loss":0,"event_name":"Masked Bandits","floor":30,"gold_loss":38},{"damage_healed":0,"gold_gain":0,"player_choice":"Ignored","damage_taken":0,"max_hp_gain":0,"max_hp_loss":0,"event_name":"Tomb of Lord Red Mask","floor":37,"gold_loss":0},{"damage_healed":0,"gold_gain":0,"player_choice":"Fight","damage_taken":0,"max_hp_gain":0,"max_hp_loss":0,"event_name":"MindBloom","floor":38,"gold_loss":0},{"damage_healed":0,"gold_gain":0,"player_choice":"Got Potions","damage_taken":0,"max_hp_gain":0,"max_hp_loss":0,"event_name":"Lab","floor":40,"gold_loss":0}],"is_beta":false,"boss_relics":[{"not_picked":["Busted Crown","Coffee Dripper"],"picked":"Philosopher\u0027s Stone"},{"not_picked":["Cursed Key","Mark of Pain"],"picked":"Eternal Feather"}],"items_purged_floors":[],"is_endless":false,"potions_floor_spawned":[7,8,14,16,21,24,28,31,35],"killed_by":"Maw","ascension_level":12}