{"gold_per_floor":[109,125,137,312,132,132,149,177,200,227,240,240,270,286,286,382,382,396,150,169,69,80,80],"floor_reached":23,"playtime":1092,"items_purged":["Doubt","Strike_R"],"score":485,"play_id":"f9a9f865-9646-4b82-97e6-f220dd399fb5","local_time":"20190126192936","is_ascension_mode":true,"campfire_choices":[{"data":"Armaments","floor":6,"key":"SMITH"},{"data":"Shockwave","floor":12,"key":"SMITH"},{"floor":15,"key":"REST"}],"neow_cost":"TEN_PERCENT_HP_LOSS","seed_source_timestamp":0,"circlet_count":0,"master_deck":["AscendersBane","Strike_R","Strike_R","Strike_R","Strike_R","Defend_R+1","Defend_R","Defend_R","Defend_R","Bash","Shockwave+1","Armaments+1","Pommel Strike","Spot Weakness+1","Dropkick","Sentinel","Seeing Red","Flex","Reckless Charge","Exhume","Heavy Blade","Inflame"],"special_seed":0,"relics":["Burning Blood","Charon\u0027s Ashes","War Paint","PreservedInsect","Strawberry","Snecko Eye","Matryoshka"],"potions_floor_usage":[8,16,23,23],"damage_taken":[{"damage":0,"enemies":"Small Slimes","floor":1,"turns":3},{"damage":4,"enemies":"Jaw Worm","floor":2,"turns":6},{"damage":2,"enemies":"Cultist","floor":3,"turns":4},{"damage":8,"enemies":"Exordium Thugs","floor":7,"turns":7},{"damage":17,"enemies":"Lagavulin","floor":8,"turns":7},{"damage":23,"enemies":"Large Slime","floor":11,"turns":4},{"damage":12,"enemies":"3 Sentries","floor":13,"turns":5},{"damage":20,"enemies":"Gremlin Gang","floor":14,"turns":5},{"damage":43,"enemies":"Hexaghost","floor":16,"turns":10},{"damage":10,"enemies":"Spheric Guardian","floor":18,"turns":4},{"damage":28,"enemies":"3 Byrds","floor":20,"turns":6},{"damage":31,"enemies":"Centurion and Healer","floor":22,"turns":8},{"damage":12,"enemies":"Book of Stabbing","floor":23,"turns":3}],"seed_played":"-3012166291074972987","potions_obtained":[{"floor":2,"key":"Swift Potion"},{"floor":7,"key":"Poison Potion"},{"floor":11,"key":"SpeedPotion"},{"floor":14,"key":"PowerPotion"},{"floor":18,"key":"Energy Potion"}],"is_trial":false,"path_per_floor":["M","M","M","?","$","R","M","E","T","T","M","R","E","M","R","B",null,"M","$","M","$","M","E"],"character_chosen":"IRONCLAD","items_purchased":["Spot Weakness","Dropkick","Matryoshka"],"campfire_rested":1,"item_purchase_floors":[5,5,19],"current_hp_per_floor":[72,72,72,72,72,72,70,59,59,59,42,42,43,29,52,15,63,59,59,37,37,12,0],"gold":80,"neow_bonus":"ONE_RARE_RELIC","is_prod":false,"is_daily":false,"chose_seed":false,"campfire_upgraded":2,"win_rate":0,"timestamp":1548548976,"path_taken":["M","M","M","?","$","R","M","E","T","?","M","R","E","M","R","BOSS","M","$","M","$","M","E"],"build_version":"2019-01-23","purchased_purges":2,"victory":false,"max_hp_per_floor":[72,72,72,72,72,72,72,72,72,72,72,72,79,79,79,79,79,79,79,79,79,79,79],"card_choices":[{"not_picked":["Iron Wave","Anger"],"picked":"Shockwave","floor":1},{"not_picked":["Rage","Iron Wave"],"picked":"Armaments","floor":2},{"not_picked":["Reaper","Power Through"],"picked":"Pommel Strike","floor":3},{"not_picked":["Second Wind","Shrug It Off"],"picked":"Sentinel","floor":7},{"not_picked":["Hemokinesis","Dark Embrace"],"picked":"Seeing Red","floor":8},{"not_picked":["Anger","Shrug It Off"],"picked":"Flex","floor":11},{"not_picked":["Rampage","Thunderclap","Sword Boomerang"],"picked":"SKIP","floor":13},{"not_picked":["Pommel Strike","Twin Strike"],"picked":"Reckless Charge","floor":14},{"not_picked":["Bludgeon","Barricade"],"picked":"Exhume","floor":16},{"not_picked":["Power Through","Clash","Whirlwind"],"picked":"SKIP","floor":18},{"not_picked":["Clash","Havoc"],"picked":"Heavy Blade","floor":20},{"not_picked":["Warcry","Disarm"],"picked":"Inflame","floor":22}],"player_experience":761477,"relics_obtained":[{"floor":8,"key":"War Paint"},{"floor":10,"key":"PreservedInsect"},{"floor":13,"key":"Strawberry"}],"event_choices":[{"damage_healed":0,"gold_gain":175,"player_choice":"AGREE","damage_taken":0,"max_hp_gain":0,"max_hp_loss":0,"event_name":"Liars Game","floor":4,"gold_loss":0,"cards_obtained":["Doubt"]}],"is_beta":false,"boss_relics":[{"not_picked":["Coffee Dripper","Calling Bell"],"picked":"Snecko Eye"}],"items_purged_floors":[5,21],"is_endless":false,"potions_floor_spawned":[2,7,11,13,14,18,20],"killed_by":"Book of Stabbing","ascension_level":12}