{"gold_per_floor":[113,113,60,76,76,76,76,76,76,107,120,120,139,102,102,102],"floor_reached":16,"playtime":383,"items_purged":[],"score":157,"play_id":"e5d29e8a-1531-4ded-a6a6-fd1ad27a07ba","local_time":"20190209154842","is_ascension_mode":true,"campfire_choices":[{"data":"Bash","floor":6,"key":"SMITH"},{"data":"Inflame","floor":8,"key":"SMITH"},{"data":"Searing Blow","floor":12,"key":"SMITH"},{"data":"Searing Blow+1","floor":15,"key":"SMITH"}],"neow_cost":"NONE","seed_source_timestamp":329915603420385,"circlet_count":0,"master_deck":["AscendersBane","Strike_R","Strike_R","Strike_R","Strike_R","Defend_R","Defend_R","Defend_R","Defend_R","Bash+1","Inflame+1","Flex","Cleave","Shrug It Off","Searing Blow+2","Flex","Dropkick"],"relics":["Burning Blood","Regal Pillow","Golden Idol","Ice Cream","Pear"],"potions_floor_usage":[13],"damage_taken":[{"damage":0,"enemies":"2 Louse","floor":1,"turns":4},{"damage":6,"enemies":"Cultist","floor":4,"turns":4},{"damage":30,"enemies":"Lagavulin","floor":10,"turns":5},{"damage":7,"enemies":"Jaw Worm","floor":11,"turns":3},{"damage":3,"enemies":"3 Louse","floor":13,"turns":2},{"damage":71,"enemies":"Slime Boss","floor":16,"turns":9}],"seed_played":"-6002265947861538394","potions_obtained":[{"floor":1,"key":"Explosive Potion"},{"floor":10,"key":"SteroidPotion"}],"is_trial":false,"path_per_floor":["M","?","$","M","?","R","?","R","T","E","M","R","M","$","R","B"],"character_chosen":"IRONCLAD","items_purchased":["Flex","Dropkick"],"campfire_rested":0,"item_purchase_floors":[3,14],"current_hp_per_floor":[78,78,78,78,78,78,78,78,78,64,63,63,66,66,66,0],"gold":102,"neow_bonus":"RANDOM_COMMON_RELIC","is_prod":false,"is_daily":false,"chose_seed":false,"campfire_upgraded":4,"win_rate":0,"timestamp":1549745322,"path_taken":["M","?","$","?","?","R","?","R","T","E","M","R","M","$","R","BOSS"],"build_version":"2019-01-23","purchased_purges":0,"victory":false,"max_hp_per_floor":[80,80,80,80,80,80,80,80,80,90,90,90,90,90,90,90],"card_choices":[{"not_picked":["True Grit","Spot Weakness"],"picked":"Inflame","floor":1},{"not_picked":["Sword Boomerang","Wild Strike"],"picked":"Cleave","floor":4},{"not_picked":["Flex","Thunderclap"],"picked":"Shrug It Off","floor":10},{"not_picked":["Dark Embrace","Sword Boomerang"],"picked":"Searing Blow","floor":11},{"not_picked":["Sever Soul","Second Wind"],"picked":"Flex","floor":13}],"player_experience":792377,"relics_obtained":[{"floor":9,"key":"Ice Cream"},{"floor":10,"key":"Pear"}],"event_choices":[{"cards_removed":["Strike_R"],"damage_healed":0,"gold_gain":0,"player_choice":"Purged","damage_taken":0,"max_hp_gain":0,"max_hp_loss":0,"event_name":"Purifier","floor":2,"gold_loss":0},{"damage_healed":0,"gold_gain":0,"player_choice":"Take Wound","damage_taken":0,"relics_obtained":["Golden Idol"],"max_hp_gain":0,"max_hp_loss":0,"event_name":"Golden Idol","floor":5,"gold_loss":0,"cards_obtained":["Injury"]},{"cards_removed":["Injury"],"damage_healed":0,"gold_gain":0,"player_choice":"Forget","damage_taken":0,"max_hp_gain":0,"max_hp_loss":0,"event_name":"Living Wall","floor":7,"gold_loss":0}],"is_beta":false,"boss_relics":[],"items_purged_floors":[],"is_endless":false,"potions_floor_spawned":[1,10],"killed_by":"Slime Boss","ascension_level":12}