{"gold_per_floor":[113,113,113,124,48,73,73,92,92,112,112,122,122,156,156,257,257,270,286,211,225,153,153,153,170,225,243,257,257,292,305,305,401,401,412,412],"floor_reached":36,"playtime":1552,"items_purged":["Strike_R"],"score":659,"play_id":"99319177-221a-462b-947c-0e662743a6d6","local_time":"20190209001432","is_ascension_mode":true,"campfire_choices":[{"data":"Jack Of All Trades","floor":7,"key":"SMITH"},{"data":"Reaper","floor":11,"key":"SMITH"},{"data":"Armaments","floor":13,"key":"SMITH"},{"data":"Feed","floor":15,"key":"SMITH"},{"floor":23,"key":"REST"},{"floor":29,"key":"REST"},{"floor":32,"key":"REST"}],"neow_cost":"CURSE","seed_source_timestamp":272695590061532,"circlet_count":0,"master_deck":["AscendersBane","Strike_R","Strike_R","Strike_R","Strike_R","Defend_R","Defend_R","Defend_R","Defend_R","Bash","Jack Of All Trades+1","The Bomb","Clash","Feed+1","Dropkick","Reaper+1","Clash","Seeing Red","Armaments+1","Metallicize","Barricade","Spot Weakness","Flex","Clash","Shrug It Off","Ghostly Armor+1","Pummel","Clash","Dark Embrace","Ghostly Armor","Exhume","Havoc+1"],"relics":["Burning Blood","Mummified Hand","Self Forming Clay","Charon\u0027s Ashes","Letter Opener","Smiling Mask","Fusion Hammer","Tiny Chest","Gremlin Horn","Sozu"],"potions_floor_usage":[6,21,28,30,33],"damage_taken":[{"damage":3,"enemies":"2 Louse","floor":1,"turns":3},{"damage":9,"enemies":"Small Slimes","floor":4,"turns":2},{"damage":10,"enemies":"Lagavulin","floor":6,"turns":7},{"damage":3,"enemies":"Cultist","floor":8,"turns":4},{"damage":0,"enemies":"Large Slime","floor":10,"turns":3},{"damage":14,"enemies":"Lots of Slimes","floor":12,"turns":2},{"damage":15,"enemies":"3 Sentries","floor":14,"turns":5},{"damage":44,"enemies":"The Guardian","floor":16,"turns":13},{"damage":15,"enemies":"Shell Parasite","floor":18,"turns":6},{"damage":11,"enemies":"Chosen","floor":19,"turns":4},{"damage":25,"enemies":"Snecko","floor":21,"turns":4},{"damage":33,"enemies":"Shelled Parasite and Fungi","floor":25,"turns":5},{"damage":15,"enemies":"Snake Plant","floor":27,"turns":3},{"damage":37,"enemies":"Chosen and Byrds","floor":28,"turns":7},{"damage":22,"enemies":"Slavers","floor":30,"turns":5},{"damage":6,"enemies":"Shelled Parasite and Fungi","floor":31,"turns":3},{"damage":76,"enemies":"Automaton","floor":33,"turns":13},{"damage":4,"enemies":"3 Shapes","floor":35,"turns":3},{"damage":90,"enemies":"2 Orb Walkers","floor":36,"turns":4}],"seed_played":"2713874588782234947","potions_obtained":[{"floor":4,"key":"PowerPotion"},{"floor":12,"key":"Ancient Potion"},{"floor":16,"key":"Poison Potion"},{"floor":21,"key":"PowerPotion"},{"floor":31,"key":"Regen Potion"},{"floor":33,"key":"Dexterity Potion"}],"is_trial":false,"path_per_floor":["M","?","?","M","?","E","R","M","T","M","R","M","R","E","R","B",null,"M","M","?","M","$","R","?","M","T","M","M","R","E","M","R","B",null,"M","?"],"character_chosen":"IRONCLAD","items_purchased":["Shrug It Off"],"campfire_rested":3,"item_purchase_floors":[22],"current_hp_per_floor":[75,72,72,72,72,68,68,74,74,80,80,75,75,66,66,28,72,68,63,63,51,51,76,76,56,56,47,26,53,49,49,77,30,78,80,0],"gold":412,"neow_bonus":"RANDOM_COLORLESS_2","is_prod":false,"is_daily":false,"chose_seed":false,"campfire_upgraded":4,"win_rate":0,"timestamp":1549689272,"path_taken":["M","?","?","?","?","E","R","M","T","M","R","?","R","E","R","BOSS","M","M","?","M","$","R","?","?","T","M","M","R","E","?","R","BOSS","M","?"],"build_version":"2019-01-23","purchased_purges":1,"victory":false,"max_hp_per_floor":[80,80,80,83,83,83,83,83,83,83,83,86,86,86,86,86,86,86,86,86,86,86,86,86,90,90,90,90,90,94,94,94,94,94,94,94],"card_choices":[{"not_picked":["Iron Wave","Headbutt"],"picked":"Clash","floor":1},{"not_picked":["Anger","Twin Strike"],"picked":"Dropkick","floor":4},{"not_picked":["Clothesline","Metallicize"],"picked":"Reaper","floor":6},{"not_picked":["Iron Wave","Thunderclap"],"picked":"Clash","floor":8},{"not_picked":["Clothesline","Cleave"],"picked":"Seeing Red","floor":10},{"not_picked":["Clothesline","Warcry"],"picked":"Armaments","floor":12},{"not_picked":["Flame Barrier","Uppercut"],"picked":"Metallicize","floor":14},{"not_picked":["Impervious","Berserk"],"picked":"Barricade","floor":16},{"not_picked":["Havoc","Rupture"],"picked":"Spot Weakness","floor":18},{"not_picked":["Battle Trance","Havoc"],"picked":"Flex","floor":19},{"not_picked":["Headbutt","Armaments"],"picked":"Clash","floor":21},{"not_picked":["Twin Strike+1","True Grit"],"picked":"Ghostly Armor+1","floor":25},{"not_picked":["Combust","Uppercut"],"picked":"Pummel","floor":27},{"not_picked":["Body Slam","True Grit"],"picked":"Clash","floor":28},{"not_picked":["Twin Strike","Perfected Strike"],"picked":"Dark Embrace","floor":30},{"not_picked":["Cleave","Wild Strike"],"picked":"Ghostly Armor","floor":31},{"not_picked":["Fiend Fire","Bludgeon"],"picked":"Exhume","floor":33},{"not_picked":["Iron Wave","Perfected Strike"],"picked":"Havoc+1","floor":35}],"player_experience":787280,"relics_obtained":[{"floor":6,"key":"Charon\u0027s Ashes"},{"floor":9,"key":"Letter Opener"},{"floor":14,"key":"Smiling Mask"},{"floor":26,"key":"Tiny Chest"},{"floor":30,"key":"Gremlin Horn"}],"event_choices":[{"damage_healed":0,"gold_gain":0,"player_choice":"Success","damage_taken":3,"relics_obtained":["Mummified Hand"],"max_hp_gain":0,"max_hp_loss":0,"event_name":"Scrap Ooze","floor":2,"gold_loss":0},{"damage_healed":0,"gold_gain":0,"player_choice":"1 cards matched","damage_taken":0,"max_hp_gain":0,"max_hp_loss":0,"event_name":"Match and Keep!","floor":3,"gold_loss":0,"cards_obtained":["Feed"]},{"damage_healed":0,"gold_gain":0,"player_choice":"Paid Gold","damage_taken":0,"relics_obtained":["Self Forming Clay"],"max_hp_gain":0,"max_hp_loss":0,"event_name":"WeMeetAgain","floor":5,"gold_loss":76},{"cards_removed":["Doubt"],"damage_healed":0,"gold_gain":0,"player_choice":"Gave Gold","damage_taken":0,"max_hp_gain":0,"max_hp_loss":0,"event_name":"Beggar","floor":20,"gold_loss":75},{"damage_healed":0,"gold_gain":0,"player_choice":"0 cards matched","damage_taken":0,"max_hp_gain":0,"max_hp_loss":0,"event_name":"Match and Keep!","floor":24,"gold_loss":0,"cards_obtained":[]},{"damage_healed":0,"gold_gain":0,"player_choice":"Fight","damage_taken":0,"max_hp_gain":0,"max_hp_loss":0,"event_name":"Mysterious Sphere","floor":36,"gold_loss":0}],"is_beta":false,"boss_relics":[{"not_picked":["White Beast Statue","Calling Bell"],"picked":"Fusion Hammer"},{"not_picked":["Eternal Feather","Philosopher\u0027s Stone"],"picked":"Sozu"}],"items_purged_floors":[22],"is_endless":false,"potions_floor_spawned":[4,12,16,21,27,31,33],"killed_by":"2 Orb Walkers","ascension_level":12}