{"gold_per_floor":[16,33,33,48,123,123,141,141,168,168,199,17,29,60,60,162,162,180,105,105,117,216,251,266,299,324,324,358,308,308,10,10,10],"floor_reached":33,"playtime":1267,"items_purged":["Decay"],"score":498,"play_id":"f50f86e4-b7fa-4e46-87c4-6c5f26197d0a","local_time":"20190201221957","is_ascension_mode":true,"campfire_choices":[{"data":"Armaments","floor":6,"key":"SMITH"},{"data":"Double Tap","floor":8,"key":"SMITH"},{"data":"Inflame","floor":10,"key":"SMITH"},{"floor":15,"key":"REST"},{"floor":27,"key":"REST"},{"floor":32,"key":"REST"}],"neow_cost":"NO_GOLD","seed_source_timestamp":1302579104255903,"circlet_count":0,"master_deck":["AscendersBane","Strike_R","Strike_R","Strike_R","Strike_R","Defend_R","Defend_R","Defend_R","Defend_R","Bash","Dropkick","Armaments+1","Inflame+1","Double Tap+1","Intimidate","Shrug It Off","Thunderclap","True Grit","Demon Form","Shockwave","Pummel","Warcry","Rage","Spot Weakness","Flex","Jack Of All Trades","Dropkick"],"relics":["Burning Blood","Champion Belt","Boot","Vajra","Anchor","Thread and Needle","Sozu","Bag of Preparation","Smiling Mask","Blood Vial","Dream Catcher","Red Skull"],"potions_floor_usage":[14,16],"damage_taken":[{"damage":3,"enemies":"Cultist","floor":1,"turns":4},{"damage":7,"enemies":"Jaw Worm","floor":2,"turns":3},{"damage":0,"enemies":"2 Louse","floor":4,"turns":3},{"damage":9,"enemies":"Looter","floor":7,"turns":3},{"damage":27,"enemies":"Lagavulin","floor":11,"turns":5},{"damage":3,"enemies":"3 Louse","floor":13,"turns":4},{"damage":22,"enemies":"3 Sentries","floor":14,"turns":6},{"damage":21,"enemies":"Hexaghost","floor":16,"turns":10},{"damage":22,"enemies":"Chosen","floor":18,"turns":6},{"damage":9,"enemies":"2 Thieves","floor":21,"turns":4},{"damage":6,"enemies":"Slavers","floor":23,"turns":6},{"damage":16,"enemies":"Cultist and Chosen","floor":24,"turns":5},{"damage":34,"enemies":"Book of Stabbing","floor":25,"turns":6},{"damage":17,"enemies":"Gremlin Leader","floor":28,"turns":5},{"damage":67,"enemies":"Automaton","floor":33,"turns":6}],"seed_played":"7234014515502487463","potions_obtained":[{"floor":1,"key":"LiquidBronze"},{"floor":13,"key":"PowerPotion"}],"is_trial":false,"path_per_floor":["M","M","$","M","?","R","M","R","T","R","E","$","M","E","R","B",null,"M","?","?","M","?","E","M","E","T","R","E","$","?","$","R","B"],"character_chosen":"IRONCLAD","items_purchased":["Shrug It Off","Anchor","Red Skull","Flex","Jack Of All Trades"],"campfire_rested":3,"item_purchase_floors":[12,12,31,31,31],"current_hp_per_floor":[75,74,74,80,69,69,66,66,66,66,45,45,48,32,56,41,70,54,54,54,51,51,51,41,13,13,37,28,28,28,28,52,0],"gold":10,"neow_bonus":"ONE_RARE_RELIC","is_prod":false,"is_daily":false,"chose_seed":false,"campfire_upgraded":3,"win_rate":0,"timestamp":1549077597,"path_taken":["M","M","?","M","?","R","M","R","T","R","E","$","M","E","R","BOSS","M","?","?","M","?","E","?","E","T","R","E","$","?","$","R","BOSS"],"build_version":"2019-01-23","purchased_purges":1,"victory":false,"max_hp_per_floor":[80,80,80,80,80,80,80,80,80,80,80,80,80,80,80,80,80,80,80,80,80,80,80,80,80,80,80,80,80,80,80,80,80],"card_choices":[{"not_picked":["Combust","Thunderclap"],"picked":"Dropkick","floor":1},{"not_picked":["Evolve","Body Slam"],"picked":"Armaments","floor":2},{"not_picked":["Disarm","Bloodletting"],"picked":"Inflame","floor":4},{"not_picked":["Metallicize","Sword Boomerang"],"picked":"Double Tap","floor":7},{"not_picked":["Rupture","Second Wind"],"picked":"Intimidate","floor":11},{"not_picked":["Dual Wield","True Grit"],"picked":"Thunderclap","floor":13},{"not_picked":["Wild Strike","Bludgeon"],"picked":"True Grit","floor":14},{"not_picked":["Offering","Brutality"],"picked":"Demon Form","floor":16},{"not_picked":["Second Wind","Armaments"],"picked":"Shockwave","floor":18},{"not_picked":["Armaments","Perfected Strike","Entrench"],"picked":"SKIP","floor":21},{"not_picked":["Havoc","Blood for Blood"],"picked":"Pummel","floor":23},{"not_picked":["Evolve","Clothesline"],"picked":"Warcry","floor":24},{"not_picked":["Bloodletting","Havoc","Thunderclap"],"picked":"SKIP","floor":25},{"not_picked":["Dark Embrace","Pommel Strike"],"picked":"Rage","floor":28},{"not_picked":["Metallicize+1","Heavy Blade"],"picked":"Dropkick","floor":32}],"player_experience":772354,"relics_obtained":[{"floor":9,"key":"Boot"},{"floor":11,"key":"Vajra"},{"floor":14,"key":"Thread and Needle"},{"floor":23,"key":"Bag of Preparation"},{"floor":25,"key":"Smiling Mask"},{"floor":26,"key":"Blood Vial"},{"floor":28,"key":"Dream Catcher"}],"event_choices":[{"damage_healed":0,"gold_gain":75,"player_choice":"Gather Gold","damage_taken":11,"max_hp_gain":0,"max_hp_loss":0,"event_name":"World of Goop","floor":5,"gold_loss":0},{"cards_removed":["Strike_R"],"damage_healed":0,"gold_gain":0,"player_choice":"Gave Gold","damage_taken":0,"max_hp_gain":0,"max_hp_loss":0,"event_name":"Beggar","floor":19,"gold_loss":75},{"damage_healed":0,"gold_gain":0,"player_choice":"Smashed Altar","damage_taken":0,"max_hp_gain":0,"max_hp_loss":0,"event_name":"Forgotten Altar","floor":20,"gold_loss":0,"cards_obtained":["Decay"]},{"damage_healed":0,"gold_gain":99,"player_choice":"Stole From Cult","damage_taken":0,"max_hp_gain":0,"max_hp_loss":0,"event_name":"Nest","floor":22,"gold_loss":0},{"damage_healed":0,"gold_gain":0,"player_choice":"Read","damage_taken":0,"max_hp_gain":0,"max_hp_loss":0,"event_name":"The Library","floor":30,"gold_loss":0,"cards_obtained":["Spot Weakness"]}],"is_beta":false,"boss_relics":[{"not_picked":["Philosopher\u0027s Stone","Velvet Choker"],"picked":"Sozu"}],"items_purged_floors":[29],"is_endless":false,"potions_floor_spawned":[1,13,21,24,25],"killed_by":"Automaton","ascension_level":12}