{"gold_per_floor":[110,110,110,285,296,329,349,378,404,434,446,446],"floor_reached":12,"playtime":322,"items_purged":[],"score":197,"play_id":"80e8fb43-5a0d-415b-bc7c-a899f41a6003","local_time":"20190208232723","is_ascension_mode":true,"campfire_choices":[],"neow_cost":"NONE","seed_source_timestamp":271096697165632,"circlet_count":0,"master_deck":["AscendersBane","Strike_R","Strike_R","Strike_R+1","Strike_R","Strike_R","Defend_R","Defend_R","Defend_R+1","Defend_R","Bash","Flex","Doubt","Iron Wave","Shockwave","Clash","Offering","Disarm","Whirlwind"],"relics":["Burning Blood","NeowsBlessing","Happy Flower","PreservedInsect","Strawberry","Boot","Letter Opener"],"potions_floor_usage":[10,12],"damage_taken":[{"damage":0,"enemies":"Small Slimes","floor":1,"turns":1},{"damage":0,"enemies":"Jaw Worm","floor":5,"turns":1},{"damage":0,"enemies":"Lagavulin","floor":6,"turns":1},{"damage":4,"enemies":"2 Louse","floor":7,"turns":2},{"damage":36,"enemies":"3 Sentries","floor":8,"turns":11},{"damage":13,"enemies":"Lagavulin","floor":10,"turns":6},{"damage":12,"enemies":"Looter","floor":11,"turns":3},{"damage":15,"enemies":"Gremlin Nob","floor":12,"turns":2}],"seed_played":"5163442826442042059","potions_obtained":[{"floor":8,"key":"SkillPotion"},{"floor":10,"key":"Dexterity Potion"},{"floor":11,"key":"Explosive Potion"}],"is_trial":false,"path_per_floor":["M","?","?","?","M","E","M","E","T","E","M","E"],"character_chosen":"IRONCLAD","items_purchased":[],"campfire_rested":0,"item_purchase_floors":[],"current_hp_per_floor":[78,53,37,37,43,49,51,28,28,21,15,0],"gold":446,"neow_bonus":"THREE_ENEMY_KILL","is_prod":false,"is_daily":false,"chose_seed":false,"campfire_upgraded":0,"win_rate":0,"timestamp":1549686443,"path_taken":["M","?","?","?","M","E","M","E","T","E","M","E"],"build_version":"2019-01-23","purchased_purges":0,"victory":false,"max_hp_per_floor":[80,80,80,80,80,80,80,87,87,87,87,87],"card_choices":[{"not_picked":["Headbutt","Heavy Blade"],"picked":"Flex","floor":1},{"not_picked":["Sever Soul","Wild Strike"],"picked":"Iron Wave","floor":5},{"not_picked":["Sentinel","Fire Breathing"],"picked":"Shockwave","floor":6},{"not_picked":["Warcry","Rupture"],"picked":"Clash","floor":7},{"not_picked":["Armaments","Seeing Red"],"picked":"Offering","floor":8},{"not_picked":["Cleave","Sword Boomerang"],"picked":"Disarm","floor":10},{"not_picked":["Body Slam","Shockwave"],"picked":"Whirlwind","floor":11}],"player_experience":785725,"relics_obtained":[{"floor":6,"key":"PreservedInsect"},{"floor":8,"key":"Strawberry"},{"floor":9,"key":"Boot"},{"floor":10,"key":"Letter Opener"}],"event_choices":[{"damage_healed":0,"gold_gain":0,"player_choice":"Success","damage_taken":25,"relics_obtained":["Happy Flower"],"max_hp_gain":0,"max_hp_loss":0,"event_name":"Scrap Ooze","floor":2,"gold_loss":0},{"damage_healed":0,"gold_gain":0,"player_choice":"Entered Light","damage_taken":16,"max_hp_gain":0,"max_hp_loss":0,"event_name":"Shining Light","floor":3,"gold_loss":0,"cards_upgraded":["Defend_R","Strike_R"]},{"damage_healed":0,"gold_gain":175,"player_choice":"AGREE","damage_taken":0,"max_hp_gain":0,"max_hp_loss":0,"event_name":"Liars Game","floor":4,"gold_loss":0,"cards_obtained":["Doubt"]}],"is_beta":false,"boss_relics":[],"items_purged_floors":[],"is_endless":false,"potions_floor_spawned":[8,10,11],"killed_by":"Gremlin Nob","ascension_level":12}