{"gold_per_floor":[116,130,106,106,122,122,150,150,150,150,166,166,180,214,214,214],"floor_reached":16,"playtime":539,"items_purged":[],"score":176,"play_id":"0ae9c04f-fa51-4ecd-836e-287d0b67d89f","local_time":"20190209155757","is_ascension_mode":true,"campfire_choices":[{"floor":6,"key":"DIG"},{"floor":8,"key":"DIG"},{"floor":12,"key":"DIG"},{"floor":15,"key":"REST"}],"neow_cost":"PERCENT_DAMAGE","seed_source_timestamp":330314575722273,"circlet_count":0,"master_deck":["AscendersBane","Strike_R","Strike_R","Strike_R","Strike_R","Strike_R","Defend_R","Defend_R","Defend_R","Defend_R","Bash","Thunderclap","Battle Trance","Armaments","Cleave","Flex","Juggernaut","Shrug It Off","Spot Weakness","Shrug It Off"],"relics":["Burning Blood","Shovel","Blue Candle","Boot","Sundial","Oddly Smooth Stone","Matryoshka","Bronze Scales","Dodecahedron"],"potions_floor_usage":[7,11,13,14],"damage_taken":[{"damage":3,"enemies":"2 Louse","floor":1,"turns":4},{"damage":0,"enemies":"Small Slimes","floor":2,"turns":3},{"damage":1,"enemies":"Cultist","floor":5,"turns":3},{"damage":25,"enemies":"3 Sentries","floor":7,"turns":7},{"damage":7,"enemies":"Exordium Wildlife","floor":11,"turns":3},{"damage":9,"enemies":"Large Slime","floor":13,"turns":7},{"damage":41,"enemies":"Gremlin Nob","floor":14,"turns":5},{"damage":37,"enemies":"Slime Boss","floor":16,"turns":9}],"seed_played":"8136530696678545794","potions_obtained":[{"floor":2,"key":"Regen Potion"},{"floor":5,"key":"PowerPotion"},{"floor":7,"key":"Explosive Potion"},{"floor":13,"key":"Energy Potion"}],"is_trial":false,"path_per_floor":["M","M","?","?","M","R","E","R","T","?","M","R","M","E","R","B"],"character_chosen":"IRONCLAD","items_purchased":[],"campfire_rested":1,"item_purchase_floors":[],"current_hp_per_floor":[54,60,60,48,53,53,34,34,34,34,33,33,45,10,34,0],"gold":214,"neow_bonus":"ONE_RARE_RELIC","is_prod":false,"is_daily":false,"chose_seed":false,"campfire_upgraded":0,"win_rate":0,"timestamp":1549745877,"path_taken":["M","M","?","?","M","R","E","R","T","?","?","R","M","E","R","BOSS"],"build_version":"2019-01-23","purchased_purges":0,"victory":false,"max_hp_per_floor":[80,80,80,80,80,80,80,80,80,80,80,80,80,80,80,80],"card_choices":[{"not_picked":["Pommel Strike","Iron Wave"],"picked":"Thunderclap","floor":1},{"not_picked":["Wild Strike","Warcry"],"picked":"Battle Trance","floor":2},{"not_picked":["Sword Boomerang","Warcry"],"picked":"Armaments","floor":5},{"not_picked":["Hemokinesis","Sword Boomerang"],"picked":"Cleave","floor":7},{"not_picked":["Combust","Warcry"],"picked":"Shrug It Off","floor":11},{"not_picked":["Havoc","Juggernaut"],"picked":"Spot Weakness","floor":13},{"not_picked":["Cleave","Thunderclap"],"picked":"Shrug It Off","floor":14}],"player_experience":792760,"relics_obtained":[{"floor":6,"key":"Boot"},{"floor":7,"key":"Sundial"},{"floor":8,"key":"Oddly Smooth Stone"},{"floor":9,"key":"Matryoshka"},{"floor":12,"key":"Bronze Scales"},{"floor":14,"key":"Dodecahedron"}],"event_choices":[{"damage_healed":0,"gold_gain":0,"player_choice":"Left Gold","damage_taken":0,"max_hp_gain":0,"max_hp_loss":0,"event_name":"World of Goop","floor":3,"gold_loss":24},{"damage_healed":0,"gold_gain":0,"player_choice":"Success","damage_taken":12,"relics_obtained":["Blue Candle"],"max_hp_gain":0,"max_hp_loss":0,"event_name":"Scrap Ooze","floor":4,"gold_loss":0},{"damage_healed":0,"gold_gain":0,"player_choice":"2 cards matched","damage_taken":0,"max_hp_gain":0,"max_hp_loss":0,"event_name":"Match and Keep!","floor":10,"gold_loss":0,"cards_obtained":["Flex","Juggernaut"]}],"is_beta":false,"boss_relics":[],"items_purged_floors":[],"is_endless":false,"potions_floor_spawned":[2,5,7,13],"killed_by":"Slime Boss","ascension_level":12}