{"gold_per_floor":[111,126,142,142,142,169,169,169,169,169,188,201,201,201,201,306,306,317,317,336,336,336],"floor_reached":22,"playtime":781,"items_purged":[],"score":293,"play_id":"3b4be84d-3033-4b7b-a5e2-adb18e3857fd","local_time":"20190208234830","is_ascension_mode":true,"campfire_choices":[{"floor":8,"key":"REST"},{"data":"Whirlwind","floor":10,"key":"SMITH"},{"floor":15,"key":"REST"}],"neow_cost":"NONE","seed_source_timestamp":271904359985957,"circlet_count":0,"master_deck":["AscendersBane","Bash+1","Clothesline","Rupture","Regret","Whirlwind+1","Pain","Battle Trance","Feed","Body Slam","Warcry","Inflame","Warcry","Flame Barrier","Reaper","True Grit","Body Slam","Feed","Cleave"],"relics":["Snecko Eye","Pantograph","Happy Flower","WarpedTongs","Mummified Hand","Spirit Poop","Pandora\u0027s Box"],"potions_floor_usage":[16],"damage_taken":[{"damage":2,"enemies":"2 Louse","floor":1,"turns":2},{"damage":0,"enemies":"Jaw Worm","floor":2,"turns":2},{"damage":0,"enemies":"Cultist","floor":3,"turns":3},{"damage":46,"enemies":"3 Sentries","floor":6,"turns":9},{"damage":11,"enemies":"3 Louse","floor":11,"turns":3},{"damage":17,"enemies":"Large Slime","floor":12,"turns":3},{"damage":35,"enemies":"Hexaghost","floor":16,"turns":6},{"damage":7,"enemies":"Spheric Guardian","floor":18,"turns":3},{"damage":25,"enemies":"Chosen","floor":20,"turns":5},{"damage":71,"enemies":"Masked Bandits","floor":22,"turns":3}],"seed_played":"4998630110479149252","potions_obtained":[{"floor":2,"key":"PowerPotion"},{"floor":12,"key":"Weak Potion"}],"is_trial":false,"path_per_floor":["M","M","M","?","?","E","?","R","T","R","M","M","?","?","R","B",null,"M","?","M","?","?"],"character_chosen":"IRONCLAD","items_purchased":[],"campfire_rested":2,"item_purchase_floors":[],"current_hp_per_floor":[70,70,70,70,54,8,8,32,32,32,21,4,24,24,47,37,67,63,63,47,47,0],"gold":336,"neow_bonus":"BOSS_RELIC","is_prod":false,"is_daily":false,"chose_seed":false,"campfire_upgraded":1,"win_rate":0,"timestamp":1549687710,"path_taken":["M","M","M","?","?","E","?","R","T","R","M","?","?","?","R","BOSS","M","?","M","?","?"],"build_version":"2019-01-23","purchased_purges":0,"victory":false,"max_hp_per_floor":[80,80,80,80,80,80,80,80,80,80,80,80,80,77,77,77,77,80,80,83,83,87],"card_choices":[{"not_picked":["Dual Wield","Sever Soul"],"picked":"Clothesline","floor":1},{"not_picked":["Reckless Charge","Rage","Thunderclap"],"picked":"SKIP","floor":2},{"not_picked":["Wild Strike","True Grit"],"picked":"Rupture","floor":3},{"not_picked":["Body Slam","Reckless Charge"],"picked":"Whirlwind","floor":6},{"not_picked":["Wild Strike","Thunderclap","Warcry"],"picked":"SKIP","floor":11},{"not_picked":["True Grit","Second Wind"],"picked":"Battle Trance","floor":12},{"not_picked":["Demon Form","Bludgeon"],"picked":"Feed","floor":16},{"not_picked":["Sever Soul","Wild Strike+1"],"picked":"Perfected Strike","floor":18},{"not_picked":["Reckless Charge+1","Perfected Strike+1"],"picked":"Cleave","floor":20}],"player_experience":786499,"relics_obtained":[{"floor":6,"key":"Happy Flower"},{"floor":9,"key":"Mummified Hand"}],"event_choices":[{"damage_healed":0,"gold_gain":0,"player_choice":"Box","damage_taken":0,"relics_obtained":["Pantograph"],"max_hp_gain":0,"max_hp_loss":0,"event_name":"Big Fish","floor":4,"gold_loss":0,"cards_obtained":["Regret"]},{"damage_healed":0,"gold_gain":0,"player_choice":"Entered Light","damage_taken":16,"max_hp_gain":0,"max_hp_loss":0,"event_name":"Shining Light","floor":5,"gold_loss":0,"cards_upgraded":["Bash","Strike_R"]},{"damage_healed":0,"gold_gain":0,"player_choice":"Rummage","damage_taken":0,"relics_obtained":["WarpedTongs"],"max_hp_gain":0,"max_hp_loss":0,"event_name":"Accursed Blacksmith","floor":7,"gold_loss":0,"cards_obtained":["Pain"]},{"damage_healed":20,"gold_gain":0,"player_choice":"Healed and dodged fight","damage_taken":0,"max_hp_gain":0,"max_hp_loss":0,"event_name":"Mushrooms","floor":13,"gold_loss":0,"cards_obtained":["Parasite"]},{"cards_removed":["Parasite"],"damage_healed":0,"gold_gain":0,"player_choice":"Offered Curse","damage_taken":0,"relics_obtained":["Spirit Poop"],"max_hp_gain":0,"max_hp_loss":0,"event_name":"Bonfire Elementals","floor":14,"gold_loss":0},{"damage_healed":0,"gold_gain":0,"cards_transformed":["Perfected Strike","Corruption"],"player_choice":"Became Test Subject","damage_taken":0,"max_hp_gain":0,"max_hp_loss":0,"event_name":"Drug Dealer","floor":19,"gold_loss":0,"cards_obtained":["Body Slam","Feed"]},{"cards_removed":["Second Wind"],"damage_healed":0,"gold_gain":0,"player_choice":"Elegance","damage_taken":0,"max_hp_gain":0,"max_hp_loss":0,"event_name":"Back to Basics","floor":21,"gold_loss":0},{"damage_healed":0,"gold_gain":0,"player_choice":"Fought Bandits","damage_taken":0,"max_hp_gain":0,"max_hp_loss":0,"event_name":"Masked Bandits","floor":22,"gold_loss":0}],"is_beta":false,"boss_relics":[{"not_picked":["Empty Cage","Black Star"],"picked":"Pandora\u0027s Box"}],"items_purged_floors":[],"is_endless":false,"potions_floor_spawned":[2,12],"killed_by":"Masked Bandits","ascension_level":12}