{"gold_per_floor":[117,128,52,67,242,242,272,287,287,56,56,56,6,32,32,133,133,150,150,150,176,190,215,215,229,229,229],"floor_reached":27,"playtime":752,"items_purged":["Doubt"],"score":382,"play_id":"9b81972f-03b3-45c5-b83c-7cfb5c5df08a","local_time":"20190210210507","is_ascension_mode":true,"campfire_choices":[{"data":"Spot Weakness","floor":6,"key":"SMITH"},{"data":"Bash","floor":12,"key":"SMITH"},{"data":"Demon Form","floor":15,"key":"SMITH"},{"floor":24,"key":"REST"}],"neow_cost":"NONE","seed_source_timestamp":434928592348839,"circlet_count":0,"master_deck":["AscendersBane","Strike_R+1","Strike_R+1","Strike_R+1","Strike_R+1","Defend_R+1","Defend_R+1","Defend_R+1","Defend_R+1","Bash+1","Spot Weakness+1","Cleave","Inflame","Dropkick","Heavy Blade","Spot Weakness","Dropkick","Demon Form+1","Ghostly Armor","Flex","Fire Breathing+1"],"relics":["Burning Blood","NeowsBlessing","Sundial","Mercury Hourglass","Singing Bowl","Busted Crown","Red Mask","Prayer Wheel","Darkstone Periapt"],"potions_floor_usage":[14,16,21],"damage_taken":[{"damage":0,"enemies":"Cultist","floor":1,"turns":1},{"damage":0,"enemies":"2 Louse","floor":2,"turns":1},{"damage":0,"enemies":"Small Slimes","floor":4,"turns":1},{"damage":35,"enemies":"Lagavulin","floor":7,"turns":6},{"damage":17,"enemies":"Looter","floor":8,"turns":3},{"damage":20,"enemies":"3 Sentries","floor":14,"turns":4},{"damage":16,"enemies":"Slime Boss","floor":16,"turns":6},{"damage":6,"enemies":"Shell Parasite","floor":18,"turns":3},{"damage":34,"enemies":"Masked Bandits","floor":21,"turns":4},{"damage":0,"enemies":"Chosen","floor":22,"turns":4},{"damage":41,"enemies":"Book of Stabbing","floor":23,"turns":5},{"damage":24,"enemies":"Snake Plant","floor":25,"turns":3},{"damage":38,"enemies":"Slavers","floor":27,"turns":3}],"seed_played":"5574611873551897917","potions_obtained":[{"floor":2,"key":"Poison Potion"},{"floor":14,"key":"GamblersBrew"},{"floor":16,"key":"SteroidPotion"},{"floor":21,"key":"FairyPotion"},{"floor":25,"key":"Dexterity Potion"}],"is_trial":false,"path_per_floor":["M","M","$","M","?","R","E","M","T","$","?","R","?","E","R","B",null,"M","?","?","?","M","E","R","M","T","E"],"character_chosen":"IRONCLAD","items_purchased":["Inflame","Spot Weakness","Dropkick"],"campfire_rested":1,"item_purchase_floors":[3,10,10],"current_hp_per_floor":[78,80,80,80,80,80,51,40,40,40,45,45,45,31,31,23,71,71,71,71,45,51,18,45,29,29,9],"gold":229,"neow_bonus":"THREE_ENEMY_KILL","is_prod":false,"is_daily":false,"chose_seed":false,"campfire_upgraded":3,"win_rate":0,"timestamp":1549850707,"path_taken":["M","?","$","M","?","R","E","M","T","$","?","R","?","E","R","BOSS","M","?","?","?","M","E","R","M","T","E"],"build_version":"2019-01-23","purchased_purges":1,"victory":false,"max_hp_per_floor":[80,80,80,80,80,80,80,80,80,80,85,85,85,85,85,87,87,87,87,87,89,89,91,91,93,93,93],"card_choices":[{"not_picked":["Clothesline","Rampage"],"picked":"Spot Weakness","floor":1},{"not_picked":["Second Wind","Clash"],"picked":"Cleave","floor":2},{"not_picked":["Iron Wave","Cleave"],"picked":"Dropkick","floor":4},{"not_picked":["Brutality","Searing Blow","Power Through"],"picked":"SKIP","floor":7},{"not_picked":["Pommel Strike","Hemokinesis"],"picked":"Heavy Blade","floor":8},{"not_picked":["Rupture","Flame Barrier"],"picked":"Demon Form","floor":14},{"not_picked":["Berserk","Brutality","Exhume"],"picked":"Singing Bowl","floor":16},{"not_picked":[],"picked":"Ghostly Armor","floor":18},{"not_picked":["Cleave"],"picked":"Singing Bowl","floor":21},{"not_picked":[],"picked":"Flex","floor":22},{"not_picked":["Clash"],"picked":"Singing Bowl","floor":23},{"not_picked":["Perfected Strike"],"picked":"Singing Bowl","floor":25},{"not_picked":[],"picked":"Fire Breathing+1","floor":25}],"player_experience":796269,"relics_obtained":[{"floor":7,"key":"Sundial"},{"floor":9,"key":"Mercury Hourglass"},{"floor":14,"key":"Singing Bowl"},{"floor":21,"key":"Red Mask"},{"floor":23,"key":"Prayer Wheel"},{"floor":26,"key":"Darkstone Periapt"}],"event_choices":[{"damage_healed":0,"gold_gain":175,"player_choice":"AGREE","damage_taken":0,"max_hp_gain":0,"max_hp_loss":0,"event_name":"Liars Game","floor":5,"gold_loss":0,"cards_obtained":["Doubt"]},{"damage_healed":0,"gold_gain":0,"player_choice":"Donut","damage_taken":0,"max_hp_gain":5,"max_hp_loss":0,"event_name":"Big Fish","floor":11,"gold_loss":0},{"cards_removed":["Strike_R"],"damage_healed":0,"gold_gain":0,"player_choice":"Card Removal","damage_taken":0,"max_hp_gain":0,"max_hp_loss":0,"event_name":"The Cleric","floor":13,"gold_loss":50},{"damage_healed":0,"gold_gain":0,"player_choice":"Ignored","damage_taken":0,"max_hp_gain":0,"max_hp_loss":0,"event_name":"Vampires","floor":19,"gold_loss":0},{"damage_healed":0,"gold_gain":0,"player_choice":"Simplicity","damage_taken":0,"max_hp_gain":0,"max_hp_loss":0,"event_name":"Back to Basics","floor":20,"gold_loss":0,"cards_upgraded":["Strike_R","Strike_R","Strike_R","Strike_R","Defend_R","Defend_R","Defend_R","Defend_R"]},{"damage_healed":0,"gold_gain":0,"player_choice":"Fought Bandits","damage_taken":0,"max_hp_gain":0,"max_hp_loss":0,"event_name":"Masked Bandits","floor":21,"gold_loss":0}],"is_beta":false,"boss_relics":[{"not_picked":["Coffee Dripper","Empty Cage"],"picked":"Busted Crown"}],"items_purged_floors":[10],"is_endless":false,"potions_floor_spawned":[2,14,16,21,25],"killed_by":"Slavers","ascension_level":12}