{"gold_per_floor":[112,112,112,127,77,77,107,107,133,34,34,34,60,79,79,184,184,204,214,230,247,172,172,203,203,254,254,81,81,96,129,129,232,232,250,263,263,263],"floor_reached":38,"playtime":2648,"items_purged":["Regret","Strike_R","Decay"],"score":697,"play_id":"cc912502-ff8f-4c17-9ce1-7ebc8e650015","local_time":"20190202234731","is_ascension_mode":true,"campfire_choices":[{"data":"Armaments","floor":6,"key":"SMITH"},{"floor":8,"key":"REST"},{"data":"Spot Weakness","floor":15,"key":"SMITH"},{"data":"Demon Form","floor":23,"key":"SMITH"},{"floor":27,"key":"REST"},{"floor":29,"key":"REST"},{"data":"Pummel","floor":32,"key":"SMITH"}],"neow_cost":"PERCENT_DAMAGE","seed_source_timestamp":5345925926063,"circlet_count":0,"master_deck":["AscendersBane","Strike_R+1","Strike_R+1","Strike_R+1","Defend_R","Defend_R","Defend_R","Defend_R","Bash+1","Cleave","Armaments+1","Inflame","Shrug It Off","Spot Weakness+1","Clothesline","Demon Form+1","Flex","Twin Strike","Pummel+1","Feed","Uppercut","Trip","Warcry","Limit Break","Infernal Blade+1"],"relics":["Burning Blood","Smiling Mask","Ginger","Strawberry","FossilizedHelix","Thread and Needle","Cursed Key","Whetstone","CultistMask","Bag of Preparation","Regal Pillow","Runic Cube"],"potions_floor_usage":[16,18,24,31,33,36],"damage_taken":[{"damage":4,"enemies":"Jaw Worm","floor":1,"turns":4},{"damage":2,"enemies":"2 Louse","floor":4,"turns":2},{"damage":51,"enemies":"Lagavulin","floor":7,"turns":6},{"damage":22,"enemies":"Gremlin Nob","floor":13,"turns":5},{"damage":0,"enemies":"Small Slimes","floor":14,"turns":3},{"damage":8,"enemies":"The Guardian","floor":16,"turns":12},{"damage":0,"enemies":"Spheric Guardian","floor":18,"turns":3},{"damage":12,"enemies":"Shell Parasite","floor":19,"turns":5},{"damage":17,"enemies":"3 Cultists","floor":20,"turns":5},{"damage":40,"enemies":"Snake Plant","floor":21,"turns":5},{"damage":18,"enemies":"Slavers","floor":24,"turns":6},{"damage":10,"enemies":"Cultist and Chosen","floor":30,"turns":5},{"damage":36,"enemies":"Gremlin Leader","floor":31,"turns":4},{"damage":55,"enemies":"Automaton","floor":33,"turns":8},{"damage":25,"enemies":"3 Shapes","floor":35,"turns":3},{"damage":33,"enemies":"3 Darklings","floor":36,"turns":4},{"damage":44,"enemies":"Maw","floor":38,"turns":6}],"seed_played":"2088129825951720556","potions_obtained":[{"floor":13,"key":"Energy Potion"},{"floor":14,"key":"Fire Potion"},{"floor":16,"key":"SkillPotion"},{"floor":24,"key":"PowerPotion"},{"floor":30,"key":"SteroidPotion"},{"floor":31,"key":"Swift Potion"}],"is_trial":false,"path_per_floor":["M","?","?","M","$","R","E","R","T","$","T","?","E","M","R","B",null,"M","M","M","M","?","R","E","?","T","R","$","R","M","E","R","B",null,"M","M","?","M"],"character_chosen":"IRONCLAD","items_purchased":["Shrug It Off","Uppercut","Trip"],"campfire_rested":3,"item_purchase_floors":[10,28,28],"current_hp_per_floor":[69,50,50,54,54,54,9,37,44,44,44,44,28,34,34,32,85,91,85,74,40,40,40,28,28,28,58,58,88,87,57,57,8,82,66,39,39,0],"gold":263,"neow_bonus":"TWENTY_PERCENT_HP_BONUS","is_prod":false,"is_daily":false,"chose_seed":false,"campfire_upgraded":4,"win_rate":0,"timestamp":1549169251,"path_taken":["M","?","?","M","$","R","E","R","T","?","?","?","E","M","R","BOSS","M","M","M","M","?","R","E","?","T","R","$","R","M","E","R","BOSS","M","?","?","M"],"build_version":"2019-01-23","purchased_purges":3,"victory":false,"max_hp_per_floor":[96,96,96,96,96,96,96,96,103,103,103,103,103,103,103,103,103,103,103,103,103,103,103,103,103,103,103,103,103,106,106,106,106,106,109,109,109,109],"card_choices":[{"not_picked":["Havoc","Blood for Blood"],"picked":"Cleave","floor":1},{"not_picked":["Body Slam","Sword Boomerang"],"picked":"Armaments","floor":4},{"not_picked":["Ghostly Armor","Rupture"],"picked":"Inflame","floor":7},{"not_picked":["Combust","Searing Blow"],"picked":"Spot Weakness","floor":13},{"not_picked":["Perfected Strike","Flex"],"picked":"Clothesline","floor":14},{"not_picked":["Double Tap","Brutality"],"picked":"Demon Form","floor":16},{"not_picked":["Iron Wave","Clothesline"],"picked":"Flex","floor":18},{"not_picked":["Pommel Strike","Clothesline","Perfected Strike"],"picked":"SKIP","floor":19},{"not_picked":["Armaments","Cleave"],"picked":"Twin Strike","floor":20},{"not_picked":["Rupture","Sever Soul"],"picked":"Pummel","floor":21},{"not_picked":["Blood for Blood","Feel No Pain"],"picked":"Feed","floor":24},{"not_picked":["Rage","Pommel Strike+1"],"picked":"Warcry","floor":30},{"not_picked":["Immolate","Pommel Strike+1","Wild Strike"],"picked":"SKIP","floor":31},{"not_picked":["Dark Embrace","Berserk"],"picked":"Limit Break","floor":33},{"not_picked":["Armaments","Sword Boomerang"],"picked":"Infernal Blade+1","floor":35},{"not_picked":["Bloodletting","Seeing Red","Headbutt"],"picked":"SKIP","floor":36}],"player_experience":776437,"relics_obtained":[{"floor":7,"key":"Ginger"},{"floor":9,"key":"Strawberry"},{"floor":11,"key":"FossilizedHelix"},{"floor":13,"key":"Thread and Needle"},{"floor":24,"key":"Whetstone"},{"floor":26,"key":"Bag of Preparation"},{"floor":31,"key":"Regal Pillow"}],"event_choices":[{"damage_healed":0,"gold_gain":0,"player_choice":"Entered Light","damage_taken":19,"max_hp_gain":0,"max_hp_loss":0,"event_name":"Shining Light","floor":2,"gold_loss":0,"cards_upgraded":["Strike_R","Strike_R"]},{"damage_healed":0,"gold_gain":0,"player_choice":"Box","damage_taken":0,"relics_obtained":["Smiling Mask"],"max_hp_gain":0,"max_hp_loss":0,"event_name":"Big Fish","floor":3,"gold_loss":0,"cards_obtained":["Regret"]},{"damage_healed":0,"gold_gain":0,"player_choice":"Ignored","damage_taken":0,"max_hp_gain":0,"max_hp_loss":0,"event_name":"Liars Game","floor":12,"gold_loss":0},{"cards_removed":["Strike_R"],"damage_healed":0,"gold_gain":0,"player_choice":"Gave Gold","damage_taken":0,"max_hp_gain":0,"max_hp_loss":0,"event_name":"Beggar","floor":22,"gold_loss":75},{"damage_healed":0,"gold_gain":0,"player_choice":"Trade","damage_taken":0,"relics_obtained":["CultistMask"],"max_hp_gain":0,"max_hp_loss":0,"event_name":"FaceTrader","floor":25,"gold_loss":0},{"damage_healed":0,"gold_gain":0,"player_choice":"Ignored","damage_taken":0,"max_hp_gain":0,"max_hp_loss":0,"event_name":"Mysterious Sphere","floor":37,"gold_loss":0}],"is_beta":false,"boss_relics":[{"not_picked":["Black Blood","Astrolabe"],"picked":"Cursed Key"},{"not_picked":["Velvet Choker","Snecko Eye"],"picked":"Runic Cube"}],"items_purged_floors":[5,10,28],"is_endless":false,"potions_floor_spawned":[13,14,16,24,30,31],"killed_by":"Maw","ascension_level":12}