{"gold_per_floor":[112,112,112,37,37,37,53,97,97,97,137,162,125,125],"floor_reached":14,"playtime":310,"items_purged":["Regret"],"score":154,"play_id":"88b1b8a0-04ef-490d-9d8b-c58a338abdcc","local_time":"20190209160318","is_ascension_mode":true,"campfire_choices":[{"data":"Bash","floor":6,"key":"SMITH"},{"data":"Rampage","floor":10,"key":"SMITH"}],"neow_cost":"TEN_PERCENT_HP_LOSS","seed_source_timestamp":330863397707963,"circlet_count":0,"master_deck":["AscendersBane","Strike_R","Strike_R","Strike_R","Strike_R","Strike_R","Defend_R","Defend_R","Defend_R","Defend_R","Bash+1","Metallicize","Injury","Thunderclap","Rampage+1","True Grit"],"relics":["Burning Blood","Ice Cream","Letter Opener","Gremlin Horn","Golden Idol","Mercury Hourglass","Kunai","Lantern"],"potions_floor_usage":[11],"damage_taken":[{"damage":1,"enemies":"Cultist","floor":1,"turns":4},{"damage":0,"enemies":"Jaw Worm","floor":7,"turns":5},{"damage":37,"enemies":"Gremlin Nob","floor":8,"turns":5},{"damage":34,"enemies":"Lagavulin","floor":11,"turns":5},{"damage":0,"enemies":"Small Slimes","floor":12,"turns":2},{"damage":19,"enemies":"3 Sentries","floor":14,"turns":3}],"seed_played":"-2890835838299310363","potions_obtained":[{"floor":7,"key":"LiquidBronze"},{"floor":8,"key":"AttackPotion"},{"floor":12,"key":"LiquidBronze"}],"is_trial":false,"path_per_floor":["M","?","T","$","?","R","M","E","T","R","E","M","?","E"],"character_chosen":"IRONCLAD","items_purchased":[],"campfire_rested":0,"item_purchase_floors":[],"current_hp_per_floor":[72,72,72,72,72,72,72,41,41,41,13,19,19,0],"gold":125,"neow_bonus":"ONE_RARE_RELIC","is_prod":false,"is_daily":false,"chose_seed":false,"campfire_upgraded":2,"win_rate":0,"timestamp":1549746198,"path_taken":["M","?","?","$","?","R","M","E","T","R","E","M","?","E"],"build_version":"2019-01-23","purchased_purges":1,"victory":false,"max_hp_per_floor":[72,72,72,72,72,72,72,72,72,72,72,72,72,72],"card_choices":[{"not_picked":["Armaments","Cleave"],"picked":"Metallicize","floor":1},{"not_picked":["Feel No Pain","Sword Boomerang"],"picked":"Thunderclap","floor":7},{"not_picked":["Thunderclap","Wild Strike"],"picked":"Rampage","floor":8},{"not_picked":["Twin Strike","Clash"],"picked":"True Grit","floor":11},{"not_picked":["Thunderclap","Twin Strike","Wild Strike"],"picked":"SKIP","floor":12}],"player_experience":793299,"relics_obtained":[{"floor":3,"key":"Gremlin Horn"},{"floor":8,"key":"Mercury Hourglass"},{"floor":9,"key":"Kunai"},{"floor":11,"key":"Lantern"}],"event_choices":[{"damage_healed":0,"gold_gain":0,"player_choice":"Box","damage_taken":0,"relics_obtained":["Letter Opener"],"max_hp_gain":0,"max_hp_loss":0,"event_name":"Big Fish","floor":2,"gold_loss":0,"cards_obtained":["Regret"]},{"damage_healed":0,"gold_gain":0,"player_choice":"Take Wound","damage_taken":0,"relics_obtained":["Golden Idol"],"max_hp_gain":0,"max_hp_loss":0,"event_name":"Golden Idol","floor":5,"gold_loss":0,"cards_obtained":["Injury"]},{"damage_healed":0,"gold_gain":0,"player_choice":"Left Gold","damage_taken":0,"max_hp_gain":0,"max_hp_loss":0,"event_name":"World of Goop","floor":13,"gold_loss":37}],"is_beta":false,"boss_relics":[],"items_purged_floors":[4],"is_endless":false,"potions_floor_spawned":[7,8,12],"killed_by":"3 Sentries","ascension_level":12}