{"gold_per_floor":[115,133,133,208,113,144,144,159,189,189,189,189,189,203,203,302,302,321,53,64,82,82,110,110,137,188,203,203,213,213],"floor_reached":30,"playtime":1582,"items_purged":["Parasite"],"score":445,"play_id":"a7f534bd-60b9-4302-b20b-0d2a5505f543","local_time":"20190201230813","is_ascension_mode":true,"campfire_choices":[{"floor":10,"key":"REST"},{"data":"Enlightenment","floor":13,"key":"SMITH"},{"data":"Carnage","floor":15,"key":"SMITH"},{"floor":24,"key":"REST"}],"neow_cost":"NONE","seed_source_timestamp":1305158604020309,"circlet_count":0,"master_deck":["AscendersBane","Bash","Carnage+1","Enlightenment+1","Entrench","Body Slam","Shockwave","Immolate","Flame Barrier","Shrug It Off","Disarm","Second Wind","Inflame","Rupture","Combust","Clothesline","Spot Weakness","Feed","Whirlwind","Flame Barrier+1","Offering"],"relics":["Snecko Eye","Paper Frog","Tiny Chest","Omamori","Pandora\u0027s Box","Toolbox","Lantern","Ginger","Happy Flower"],"potions_floor_usage":[12,21,29,30],"damage_taken":[{"damage":10,"enemies":"2 Louse","floor":1,"turns":3},{"damage":0,"enemies":"Jaw Worm","floor":2,"turns":2},{"damage":20,"enemies":"3 Sentries","floor":6,"turns":7},{"damage":13,"enemies":"Small Slimes","floor":8,"turns":3},{"damage":0,"enemies":"Lagavulin","floor":12,"turns":2},{"damage":9,"enemies":"2 Fungi Beasts","floor":14,"turns":2},{"damage":23,"enemies":"Hexaghost","floor":16,"turns":8},{"damage":13,"enemies":"2 Thieves","floor":18,"turns":4},{"damage":4,"enemies":"Shell Parasite","floor":20,"turns":4},{"damage":11,"enemies":"Sentry and Sphere","floor":21,"turns":6},{"damage":15,"enemies":"Slavers","floor":23,"turns":4},{"damage":19,"enemies":"Book of Stabbing","floor":25,"turns":5},{"damage":0,"enemies":"3 Cultists","floor":27,"turns":2},{"damage":6,"enemies":"Snake Plant","floor":29,"turns":2},{"damage":10,"enemies":"Shelled Parasite and Fungi","floor":30,"turns":1}],"seed_played":"5312702474904647641","potions_obtained":[{"floor":8,"key":"SmokeBomb"},{"floor":16,"key":"SpeedPotion"},{"floor":25,"key":"SteroidPotion"},{"floor":27,"key":"LiquidBronze"},{"floor":29,"key":"PowerPotion"}],"is_trial":false,"path_per_floor":["M","M","?","?","$","E","?","M","T","R","?","E","R","M","R","B",null,"M","$","M","M","?","E","R","E","T","M","?","M","M"],"character_chosen":"IRONCLAD","items_purchased":["Enlightenment","Toolbox"],"campfire_rested":2,"item_purchase_floors":[5,19],"current_hp_per_floor":[62,62,55,44,44,24,44,31,31,55,52,52,52,43,43,20,65,52,52,48,37,23,8,32,16,16,16,16,10,0],"gold":213,"neow_bonus":"BOSS_RELIC","is_prod":false,"is_daily":false,"chose_seed":false,"campfire_upgraded":2,"win_rate":0,"timestamp":1549080493,"path_taken":["M","M","?","?","$","E","?","M","T","R","?","E","R","M","R","BOSS","M","$","M","M","?","E","R","E","T","M","?","?","M"],"build_version":"2019-01-23","purchased_purges":1,"victory":false,"max_hp_per_floor":[80,80,80,80,80,80,80,80,80,80,80,80,80,80,80,80,80,80,77,77,77,82,82,82,85,85,85,85,85,85],"card_choices":[{"not_picked":["Perfected Strike","Evolve"],"picked":"Carnage","floor":1},{"not_picked":["Thunderclap","Anger","Havoc"],"picked":"SKIP","floor":2},{"not_picked":["Warcry","Clash"],"picked":"Entrench","floor":6},{"not_picked":["Flex","True Grit"],"picked":"Body Slam","floor":8},{"not_picked":["Headbutt","Armaments"],"picked":"Shockwave","floor":14},{"not_picked":["Dark Embrace","Reaper"],"picked":"Immolate","floor":16},{"not_picked":["Shrug It Off","Pummel"],"picked":"Clothesline","floor":18},{"not_picked":["Flex+1","Perfected Strike"],"picked":"Spot Weakness","floor":20},{"not_picked":["True Grit","Perfected Strike","Havoc"],"picked":"SKIP","floor":21},{"not_picked":["True Grit","Thunderclap+1"],"picked":"Feed","floor":23},{"not_picked":["Power Through","Shockwave+1"],"picked":"Whirlwind","floor":25},{"not_picked":["Twin Strike","Havoc"],"picked":"Flame Barrier+1","floor":27},{"not_picked":["Wild Strike","Pommel Strike+1","Metallicize"],"picked":"SKIP","floor":29}],"player_experience":774855,"relics_obtained":[{"floor":6,"key":"Paper Frog"},{"floor":9,"key":"Tiny Chest"},{"floor":23,"key":"Lantern"},{"floor":25,"key":"Ginger"},{"floor":26,"key":"Happy Flower"}],"event_choices":[{"cards_removed":["Strike_R"],"damage_healed":0,"gold_gain":0,"player_choice":"Card Removal","damage_taken":7,"max_hp_gain":0,"max_hp_loss":0,"event_name":"Golden Wing","floor":3,"gold_loss":0},{"damage_healed":0,"gold_gain":75,"player_choice":"Gather Gold","damage_taken":11,"max_hp_gain":0,"max_hp_loss":0,"event_name":"World of Goop","floor":4,"gold_loss":0},{"damage_healed":20,"gold_gain":0,"player_choice":"Healed and dodged fight","damage_taken":0,"max_hp_gain":0,"max_hp_loss":0,"event_name":"Mushrooms","floor":7,"gold_loss":0,"cards_obtained":["Parasite"]},{"damage_healed":0,"gold_gain":0,"player_choice":"Success","damage_taken":3,"relics_obtained":["Omamori"],"max_hp_gain":0,"max_hp_loss":0,"event_name":"Scrap Ooze","floor":11,"gold_loss":0},{"damage_healed":0,"gold_gain":0,"player_choice":"Shed Blood","damage_taken":19,"max_hp_gain":5,"max_hp_loss":0,"event_name":"Forgotten Altar","floor":22,"gold_loss":0},{"damage_healed":0,"gold_gain":0,"cards_transformed":["Second Wind"],"player_choice":"Transformed","damage_taken":0,"max_hp_gain":0,"max_hp_loss":0,"event_name":"Transmorgrifier","floor":28,"gold_loss":0,"cards_obtained":["Offering"]}],"is_beta":false,"boss_relics":[{"not_picked":["Coffee Dripper","Black Star"],"picked":"Pandora\u0027s Box"}],"items_purged_floors":[19],"is_endless":false,"potions_floor_spawned":[8,12,16,25,27,29],"killed_by":"Shelled Parasite and Fungi","ascension_level":12}