{"gold_per_floor":[112,62,62,137,137,463,463,485,485,513,529,540,560,586,586,691,741,756,415,432,432,455,489,16,16,16,16],"floor_reached":27,"playtime":829,"items_purged":["Strike_R","Uppercut"],"score":475,"play_id":"7e903312-f92e-492c-a8b9-b140cb4afb38","local_time":"20190207220044","is_ascension_mode":true,"campfire_choices":[{"data":"Bash","floor":7,"key":"SMITH"},{"data":"Inflame","floor":15,"key":"SMITH"},{"data":"Spot Weakness","floor":25,"key":"SMITH"}],"neow_cost":"NONE","seed_source_timestamp":178986887589460,"circlet_count":0,"master_deck":["AscendersBane","Defend_R","Defend_R","Defend_R+1","Defend_R+1","Bash+1","Clash+1","Immolate","Rage","Dropkick","Pummel","Inflame+1","Uppercut","Clash","Heavy Blade+1","Spot Weakness+1","Clash","Magnetism","Flex"],"relics":["Burning Blood","NeowsBlessing","Old Coin","Odd Mushroom","Blood Vial","PreservedInsect","Smiling Mask","Tiny House","Happy Flower","Strawberry","Bag of Preparation","Du-Vu Doll","Medical Kit","Dream Catcher"],"potions_floor_usage":[13,14,20],"damage_taken":[{"damage":0,"enemies":"2 Louse","floor":1,"turns":1},{"damage":0,"enemies":"Gremlin Nob","floor":6,"turns":1},{"damage":0,"enemies":"The Mushroom Lair","floor":8,"turns":2},{"damage":12,"enemies":"3 Sentries","floor":10,"turns":4},{"damage":0,"enemies":"Small Slimes","floor":11,"turns":2},{"damage":1,"enemies":"Jaw Worm","floor":12,"turns":2},{"damage":10,"enemies":"Exordium Thugs","floor":13,"turns":3},{"damage":0,"enemies":"Gremlin Nob","floor":14,"turns":2},{"damage":40,"enemies":"The Guardian","floor":16,"turns":9},{"damage":34,"enemies":"2 Thieves","floor":18,"turns":4},{"damage":13,"enemies":"Chosen","floor":20,"turns":4},{"damage":33,"enemies":"Slavers","floor":23,"turns":3},{"damage":42,"enemies":"Gremlin Leader","floor":27,"turns":3}],"seed_played":"6213704421224219378","potions_obtained":[{"floor":8,"key":"Dexterity Potion"},{"floor":10,"key":"Fire Potion"},{"floor":13,"key":"FearPotion"},{"floor":14,"key":"Regen Potion"},{"floor":18,"key":"LiquidBronze"}],"is_trial":false,"path_per_floor":["M","?","?","?","?","E","R","?","T","E","M","M","M","E","R","B",null,"M","$","M","?","T","E","$","R","T","E"],"character_chosen":"IRONCLAD","items_purchased":["Happy Flower","Strawberry","Medical Kit","Magnetism","Flex"],"campfire_rested":0,"item_purchase_floors":[19,19,24,24,24],"current_hp_per_floor":[78,78,62,51,51,57,57,63,63,59,67,74,72,80,80,46,77,51,58,65,65,65,40,40,40,40,0],"gold":16,"neow_bonus":"THREE_ENEMY_KILL","is_prod":false,"is_daily":false,"chose_seed":false,"campfire_upgraded":3,"win_rate":0,"timestamp":1549594844,"path_taken":["M","?","?","?","?","E","R","?","T","E","M","?","M","E","R","BOSS","M","$","M","?","?","E","$","R","T","E"],"build_version":"2019-01-23","purchased_purges":2,"victory":false,"max_hp_per_floor":[80,80,80,80,80,80,80,80,80,80,80,80,80,80,80,80,85,85,92,92,92,92,92,92,92,92,92],"card_choices":[{"not_picked":["Intimidate","Rage"],"picked":"Clash","floor":1},{"not_picked":["Second Wind","Perfected Strike"],"picked":"Rage","floor":6},{"not_picked":["Corruption","Body Slam"],"picked":"Dropkick","floor":10},{"not_picked":["Combust","Cleave"],"picked":"Pummel","floor":11},{"not_picked":["Clothesline","Heavy Blade"],"picked":"Inflame","floor":12},{"not_picked":["Heavy Blade","Immolate"],"picked":"Uppercut","floor":13},{"not_picked":["Cleave","Pommel Strike"],"picked":"Clash","floor":14},{"not_picked":["True Grit","Iron Wave"],"picked":"Heavy Blade+1","floor":18},{"not_picked":["Warcry","Shrug It Off"],"picked":"Spot Weakness","floor":20},{"not_picked":["Rupture","Iron Wave","Sever Soul"],"picked":"SKIP","floor":23}],"player_experience":783531,"relics_obtained":[{"floor":6,"key":"Old Coin"},{"floor":8,"key":"Odd Mushroom"},{"floor":9,"key":"Blood Vial"},{"floor":10,"key":"PreservedInsect"},{"floor":14,"key":"Smiling Mask"},{"floor":22,"key":"Bag of Preparation"},{"floor":23,"key":"Du-Vu Doll"},{"floor":26,"key":"Dream Catcher"}],"event_choices":[{"cards_removed":["Strike_R"],"damage_healed":0,"gold_gain":0,"player_choice":"Card Removal","damage_taken":0,"max_hp_gain":0,"max_hp_loss":0,"event_name":"The Cleric","floor":2,"gold_loss":50},{"damage_healed":0,"gold_gain":0,"player_choice":"Entered Light","damage_taken":16,"max_hp_gain":0,"max_hp_loss":0,"event_name":"Shining Light","floor":3,"gold_loss":0,"cards_upgraded":["Defend_R","Defend_R"]},{"damage_healed":0,"gold_gain":75,"player_choice":"Gather Gold","damage_taken":11,"max_hp_gain":0,"max_hp_loss":0,"event_name":"World of Goop","floor":4,"gold_loss":0},{"damage_healed":0,"gold_gain":0,"cards_transformed":["Strike_R"],"player_choice":"Change","damage_taken":0,"max_hp_gain":0,"max_hp_loss":0,"event_name":"Living Wall","floor":5,"gold_loss":0,"cards_obtained":["Immolate"]},{"damage_healed":0,"gold_gain":0,"player_choice":"Fought Mushrooms","damage_taken":0,"max_hp_gain":0,"max_hp_loss":0,"event_name":"Mushrooms","floor":8,"gold_loss":0},{"damage_healed":0,"gold_gain":0,"cards_transformed":["Strike_R","Strike_R"],"player_choice":"Became Test Subject","damage_taken":0,"max_hp_gain":0,"max_hp_loss":0,"event_name":"Drug Dealer","floor":21,"gold_loss":0,"cards_obtained":["Clash","Uppercut"]}],"is_beta":false,"boss_relics":[{"not_picked":["Velvet Choker","Black Blood"],"picked":"Tiny House"}],"items_purged_floors":[19,24],"is_endless":false,"potions_floor_spawned":[8,10,13,14,18],"killed_by":"Gremlin Leader","ascension_level":12}