{"gold_per_floor":[16,16,16,39,62,62,40,40,40,40,84,84,125,149,149,277,277,300,300,300,300,300,325,325,353,379,396,396,396,31,44,44,149,149,167,182,198,118,0,0],"floor_reached":40,"playtime":1186,"items_purged":["Strike_R","Strike_R"],"score":765,"play_id":"28f8d99b-2e3d-456b-aedc-d97a79aff66b","local_time":"20190207222054","is_ascension_mode":true,"campfire_choices":[{"data":"Whirlwind","floor":6,"key":"SMITH"},{"data":"Bash","floor":8,"key":"SMITH"},{"data":"Shrug It Off","floor":10,"key":"SMITH"},{"floor":15,"key":"REST"},{"data":"Rampage","floor":24,"key":"SMITH"},{"data":"Demon Form","floor":28,"key":"SMITH"},{"data":"Demon Form","floor":32,"key":"SMITH"}],"neow_cost":"NO_GOLD","seed_source_timestamp":179839831558336,"circlet_count":0,"master_deck":["AscendersBane","Strike_R","Strike_R+1","Defend_R","Defend_R","Defend_R","Defend_R","Bash+1","Disarm+1","Injury","Whirlwind+1","Shrug It Off+1","Feel No Pain","Demon Form+1","Cleave","Demon Form+1","Warcry","Rampage+1","Pain","Battle Trance","Flex","Inflame","Infernal Blade","Demon Form","Flex","Seeing Red"],"relics":["Burning Blood","Incense Burner","Bloody Idol","Oddly Smooth Stone","Mercury Hourglass","Art of War","The Courier","Du-Vu Doll","Sozu","WarpedTongs","Bottled Lightning","Dream Catcher","Red Skull","Mango","Black Star","Red Mask"],"potions_floor_usage":[16,40],"damage_taken":[{"damage":0,"enemies":"Small Slimes","floor":1,"turns":3},{"damage":4,"enemies":"Jaw Worm","floor":5,"turns":4},{"damage":26,"enemies":"Lagavulin","floor":11,"turns":6},{"damage":15,"enemies":"3 Sentries","floor":13,"turns":6},{"damage":6,"enemies":"Cultist","floor":14,"turns":3},{"damage":23,"enemies":"Slime Boss","floor":16,"turns":9},{"damage":20,"enemies":"Spheric Guardian","floor":18,"turns":4},{"damage":1,"enemies":"Slavers","floor":23,"turns":2},{"damage":1,"enemies":"Gremlin Leader","floor":25,"turns":4},{"damage":2,"enemies":"2 Thieves","floor":27,"turns":2},{"damage":11,"enemies":"Centurion and Healer","floor":31,"turns":6},{"damage":77,"enemies":"Collector","floor":33,"turns":7},{"damage":29,"enemies":"3 Darklings","floor":35,"turns":3},{"damage":17,"enemies":"3 Shapes","floor":36,"turns":8},{"damage":32,"enemies":"Maw","floor":37,"turns":6},{"damage":54,"enemies":"Giant Head","floor":40,"turns":6}],"seed_played":"-6102032981857043978","potions_obtained":[{"floor":5,"key":"Block Potion"},{"floor":14,"key":"SteroidPotion"}],"is_trial":false,"path_per_floor":["M","?","?","T","M","R","$","R","T","R","E","T","E","M","R","B",null,"M","?","?","?","?","E","R","E","T","M","R","?","$","M","R","B",null,"M","M","M","$","?","E"],"character_chosen":"IRONCLAD","items_purchased":["Shrug It Off","Mango","Inflame"],"campfire_rested":1,"item_purchase_floors":[7,30,30],"current_hp_per_floor":[78,78,62,62,64,64,64,64,64,64,44,44,35,35,59,42,71,57,57,57,57,57,67,67,77,80,80,80,80,94,94,94,28,78,60,54,33,33,33,0],"gold":0,"neow_bonus":"ONE_RARE_RELIC","is_prod":false,"is_daily":false,"chose_seed":false,"campfire_upgraded":6,"win_rate":0,"timestamp":1549596054,"path_taken":["M","?","?","?","?","R","?","R","T","R","E","?","E","M","R","BOSS","M","?","?","?","?","E","R","E","T","?","R","?","$","M","R","BOSS","M","M","?","$","?","E"],"build_version":"2019-01-23","purchased_purges":2,"victory":false,"max_hp_per_floor":[80,80,80,80,80,80,80,80,80,80,80,80,80,80,80,80,80,80,80,80,80,80,80,80,80,80,80,80,80,94,94,94,94,94,94,94,94,94,94,94],"card_choices":[{"not_picked":["Anger","Dual Wield"],"picked":"Disarm","floor":1},{"not_picked":["Havoc","Sword Boomerang"],"picked":"Whirlwind","floor":5},{"not_picked":["Perfected Strike","Hemokinesis"],"picked":"Feel No Pain","floor":11},{"not_picked":["Wild Strike","Armaments"],"picked":"Demon Form","floor":13},{"not_picked":["Headbutt","Armaments"],"picked":"Cleave","floor":14},{"not_picked":["Offering","Fiend Fire"],"picked":"Demon Form","floor":16},{"not_picked":["Thunderclap","Clash"],"picked":"Warcry","floor":18},{"not_picked":["Flame Barrier","Sword Boomerang"],"picked":"Battle Trance","floor":23},{"not_picked":["Rampage","Dual Wield+1"],"picked":"Flex","floor":25},{"not_picked":["Perfected Strike","Shrug It Off","Headbutt"],"picked":"SKIP","floor":27},{"not_picked":["Power Through+1","Wild Strike"],"picked":"Infernal Blade","floor":31},{"not_picked":["Brutality","Berserk"],"picked":"Demon Form","floor":33},{"not_picked":["Metallicize","Clash"],"picked":"Flex","floor":35},{"not_picked":["Shrug It Off","Combust+1","Thunderclap"],"picked":"SKIP","floor":36},{"not_picked":["True Grit","Rupture"],"picked":"Seeing Red","floor":37}],"player_experience":784360,"relics_obtained":[{"floor":4,"key":"Oddly Smooth Stone"},{"floor":9,"key":"Mercury Hourglass"},{"floor":11,"key":"Art of War"},{"floor":12,"key":"The Courier"},{"floor":13,"key":"Du-Vu Doll"},{"floor":23,"key":"Bottled Lightning"},{"floor":25,"key":"Dream Catcher"},{"floor":26,"key":"Red Skull"}],"event_choices":[{"damage_healed":0,"gold_gain":0,"player_choice":"Take Wound","damage_taken":0,"relics_obtained":["Golden Idol"],"max_hp_gain":0,"max_hp_loss":0,"event_name":"Golden Idol","floor":2,"gold_loss":0,"cards_obtained":["Injury"]},{"damage_healed":0,"gold_gain":0,"player_choice":"Entered Light","damage_taken":16,"max_hp_gain":0,"max_hp_loss":0,"event_name":"Shining Light","floor":3,"gold_loss":0,"cards_upgraded":["Disarm","Strike_R"]},{"damage_healed":0,"gold_gain":0,"player_choice":"Gave Idol","damage_taken":0,"relics_obtained":["Bloody Idol"],"max_hp_gain":0,"max_hp_loss":0,"event_name":"Forgotten Altar","floor":19,"relics_lost":["Golden Idol"],"gold_loss":0},{"cards_removed":["Strike_R"],"damage_healed":0,"gold_gain":0,"player_choice":"Elegance","damage_taken":0,"max_hp_gain":0,"max_hp_loss":0,"event_name":"Back to Basics","floor":20,"gold_loss":0},{"damage_healed":0,"gold_gain":0,"player_choice":"Read","damage_taken":0,"max_hp_gain":0,"max_hp_loss":0,"event_name":"The Library","floor":21,"gold_loss":0,"cards_obtained":["Rampage"]},{"damage_healed":0,"gold_gain":0,"player_choice":"Rummage","damage_taken":0,"relics_obtained":["WarpedTongs"],"max_hp_gain":0,"max_hp_loss":0,"event_name":"Accursed Blacksmith","floor":22,"gold_loss":0,"cards_obtained":["Pain"]},{"damage_healed":0,"gold_gain":0,"player_choice":"Bought 0 Potions","damage_taken":0,"max_hp_gain":0,"max_hp_loss":0,"event_name":"The Woman in Blue","floor":29,"gold_loss":0},{"damage_healed":0,"gold_gain":0,"player_choice":"Paid","damage_taken":0,"relics_obtained":["Red Mask"],"max_hp_gain":0,"max_hp_loss":0,"event_name":"Tomb of Lord Red Mask","floor":39,"gold_loss":118}],"is_beta":false,"boss_relics":[{"not_picked":["White Beast Statue","Ectoplasm"],"picked":"Sozu"},{"not_picked":["Mark of Pain","Velvet Choker"],"picked":"Black Star"}],"items_purged_floors":[30,38],"is_endless":false,"potions_floor_spawned":[5,14,23,27,36,37],"killed_by":"Giant Head","ascension_level":12}