{"gold_per_floor":[119,294,304,304,228,228,246,287,312,356,376,394,410,410,410,534,534,534,489,489,489,489,489,489,489,489,489,489,106,106,106,106,106,106,106,106,106,106,106,106,106,106,106,0,0,0,0,0,0,0],"floor_reached":51,"playtime":1797,"items_purged":[],"score":1148,"play_id":"c5ad13b2-194e-463f-bc03-6b83b4dfc710","local_time":"20190217012611","is_ascension_mode":true,"campfire_choices":[{"data":"Uppercut","floor":6,"key":"SMITH"},{"data":"Double Tap","floor":15,"key":"SMITH"},{"floor":24,"key":"REST"},{"data":"Heavy Blade","floor":28,"key":"SMITH"},{"data":"Disarm","floor":30,"key":"SMITH"},{"data":"Offering","floor":32,"key":"SMITH"},{"data":"True Grit","floor":40,"key":"SMITH"},{"data":"Power Through","floor":42,"key":"SMITH"},{"floor":49,"key":"REST"}],"neow_cost":"TEN_PERCENT_HP_LOSS","seed_source_timestamp":364137154545087,"circlet_count":0,"master_deck":["AscendersBane","Strike_R","Strike_R","Strike_R","Defend_R","Defend_R","Defend_R","Defend_R","Bash","Double Tap+1","Pommel Strike","Uppercut+1","Disarm+1","Second Wind","Anger+1","Battle Trance","Power Through+1","Offering+1","Inflame+1","Heavy Blade+1","Anger+1","Seeing Red","Intimidate","Battle Trance","Impatience","Barricade+1","True Grit+1","Power Through","Violence","Warcry+1"],"relics":["Burning Blood","Orichalcum","Shuriken","Centennial Puzzle","Frozen Egg 2","Spirit Poop","Ectoplasm","Enchiridion","Matryoshka","Potion Belt","Boot","Sundial","Whetstone","Strawberry","Ornamental Fan","Darkstone Periapt","Black Star","Gremlin Horn","Letter Opener","Red Mask","Blood Vial","Molten Egg 2","Juzu Bracelet"],"potions_floor_usage":[8,18,33,41,50,50,50,50],"damage_taken":[{"damage":6,"enemies":"2 Louse","floor":1,"turns":4},{"damage":10,"enemies":"Small Slimes","floor":3,"turns":3},{"damage":0,"enemies":"Cultist","floor":7,"turns":3},{"damage":28,"enemies":"Lagavulin","floor":8,"turns":7},{"damage":18,"enemies":"3 Sentries","floor":10,"turns":8},{"damage":17,"enemies":"2 Fungi Beasts","floor":11,"turns":4},{"damage":2,"enemies":"Exordium Thugs","floor":12,"turns":4},{"damage":0,"enemies":"Looter","floor":13,"turns":3},{"damage":2,"enemies":"Hexaghost","floor":16,"turns":7},{"damage":12,"enemies":"3 Byrds","floor":18,"turns":3},{"damage":11,"enemies":"2 Thieves","floor":19,"turns":3},{"damage":16,"enemies":"Slavers","floor":23,"turns":5},{"damage":16,"enemies":"Book of Stabbing","floor":25,"turns":4},{"damage":6,"enemies":"Snake Plant","floor":27,"turns":2},{"damage":12,"enemies":"Automaton","floor":33,"turns":5},{"damage":8,"enemies":"Orb Walker","floor":35,"turns":3},{"damage":17,"enemies":"3 Darklings","floor":38,"turns":4},{"damage":30,"enemies":"Jaw Worm Horde","floor":41,"turns":5},{"damage":8,"enemies":"Spire Growth","floor":46,"turns":3},{"damage":14,"enemies":"Giant Head","floor":47,"turns":7},{"damage":48,"enemies":"Donu and Deca","floor":50,"turns":10}],"seed_played":"-8205928107669644888","potions_obtained":[{"floor":3,"key":"Weak Potion"},{"floor":11,"key":"LiquidBronze"},{"floor":12,"key":"EssenceOfSteel"},{"floor":23,"key":"BloodPotion"},{"floor":27,"key":"Poison Potion"},{"floor":35,"key":"SpeedPotion"},{"floor":41,"key":"Block Potion"},{"floor":46,"key":"Swift Potion"},{"floor":47,"key":"Strength Potion"}],"is_trial":false,"path_per_floor":["M","?","M","?","?","R","M","E","T","E","M","M","M","?","R","B",null,"M","M","?","?","?","E","R","E","T","M","R","$","R","T","R","B",null,"M","?","?","M","T","R","M","R","T","?","?","M","E","T","R","B",null],"character_chosen":"IRONCLAD","items_purchased":["Impatience","Whetstone","Strawberry"],"campfire_rested":2,"item_purchase_floors":[29,29,29],"current_hp_per_floor":[72,72,68,50,50,50,56,34,34,22,11,15,21,21,21,25,60,54,49,49,33,33,23,44,34,34,34,34,41,41,41,41,35,68,66,66,66,55,55,55,31,31,31,31,31,29,21,21,44,11],"gold":0,"neow_bonus":"THREE_RARE_CARDS","is_prod":false,"is_daily":false,"chose_seed":false,"campfire_upgraded":7,"win_rate":0,"timestamp":1550384771,"path_taken":["M","?","M","?","?","R","M","E","T","E","M","?","M","?","R","BOSS","M","M","?","?","?","E","R","E","T","M","R","?","R","?","R","BOSS","M","?","?","M","?","R","?","R","T","?","?","M","E","?","R","BOSS"],"build_version":"2019-01-23","purchased_purges":0,"victory":true,"max_hp_per_floor":[72,72,72,72,72,72,72,72,72,72,72,72,72,72,72,72,72,72,72,72,72,72,72,72,72,72,72,72,79,79,79,79,79,79,79,79,79,79,79,79,79,79,79,79,79,79,79,79,79,79],"card_choices":[{"not_picked":["Dark Embrace","Impervious"],"picked":"Double Tap","floor":0},{"not_picked":["Headbutt","Entrench"],"picked":"Pommel Strike","floor":1},{"not_picked":["Warcry","Havoc"],"picked":"Uppercut","floor":3},{"not_picked":["Cleave","Pommel Strike"],"picked":"Disarm","floor":7},{"not_picked":["Entrench","Dark Embrace"],"picked":"Second Wind","floor":8},{"not_picked":["Metallicize","Flex"],"picked":"Anger","floor":10},{"not_picked":["Entrench","Ghostly Armor"],"picked":"Battle Trance","floor":11},{"not_picked":["Clothesline","Body Slam","Second Wind"],"picked":"SKIP","floor":12},{"not_picked":["Clothesline","Flame Barrier"],"picked":"Power Through","floor":13},{"not_picked":["Berserk+1","Dark Embrace+1"],"picked":"Offering","floor":16},{"not_picked":["Heavy Blade","Havoc"],"picked":"Inflame+1","floor":18},{"not_picked":["Sword Boomerang","Double Tap"],"picked":"Heavy Blade","floor":19},{"not_picked":["Twin Strike","Entrench"],"picked":"Thunderclap","floor":23},{"not_picked":["Brutality+1","Havoc+1","True Grit"],"picked":"SKIP","floor":25},{"not_picked":["Sword Boomerang","Flex"],"picked":"Battle Trance","floor":27},{"not_picked":["Demon Form+1","Offering"],"picked":"Barricade+1","floor":33},{"not_picked":["Pommel Strike","Twin Strike"],"picked":"True Grit","floor":35},{"not_picked":["Whirlwind","Hemokinesis","Clash"],"picked":"SKIP","floor":38},{"not_picked":["Uppercut","Sentinel"],"picked":"Power Through","floor":41},{"not_picked":["Purity","Transmutation"],"picked":"Violence","floor":45},{"not_picked":["True Grit","Heavy Blade","Perfected Strike+1"],"picked":"SKIP","floor":46},{"not_picked":["Bloodletting","Cleave"],"picked":"Warcry+1","floor":47}],"player_experience":802512,"relics_obtained":[{"floor":8,"key":"Shuriken"},{"floor":9,"key":"Centennial Puzzle"},{"floor":10,"key":"Frozen Egg 2"},{"floor":21,"key":"Enchiridion"},{"floor":23,"key":"Matryoshka"},{"floor":25,"key":"Potion Belt"},{"floor":26,"key":"Boot"},{"floor":26,"key":"Sundial"},{"floor":31,"key":"Ornamental Fan"},{"floor":31,"key":"Darkstone Periapt"},{"floor":39,"key":"Gremlin Horn"},{"floor":43,"key":"Letter Opener"},{"floor":47,"key":"Blood Vial"},{"floor":47,"key":"Molten Egg 2"},{"floor":48,"key":"Juzu Bracelet"}],"event_choices":[{"damage_healed":0,"gold_gain":175,"player_choice":"AGREE","damage_taken":0,"max_hp_gain":0,"max_hp_loss":0,"event_name":"Liars Game","floor":2,"gold_loss":0,"cards_obtained":["Doubt"]},{"damage_healed":0,"gold_gain":0,"player_choice":"Take Damage","damage_taken":18,"relics_obtained":["Golden Idol"],"max_hp_gain":0,"max_hp_loss":0,"event_name":"Golden Idol","floor":4,"gold_loss":0},{"damage_healed":0,"gold_gain":0,"player_choice":"Paid Gold","damage_taken":0,"relics_obtained":["Orichalcum"],"max_hp_gain":0,"max_hp_loss":0,"event_name":"WeMeetAgain","floor":5,"gold_loss":76},{"cards_removed":["Doubt"],"damage_healed":0,"gold_gain":0,"player_choice":"Offered Curse","damage_taken":0,"relics_obtained":["Spirit Poop"],"max_hp_gain":0,"max_hp_loss":0,"event_name":"Bonfire Elementals","floor":14,"gold_loss":0},{"damage_healed":0,"gold_gain":0,"player_choice":"Read","damage_taken":0,"max_hp_gain":0,"max_hp_loss":0,"event_name":"The Library","floor":20,"gold_loss":0,"cards_obtained":["Anger"]},{"damage_healed":0,"gold_gain":0,"player_choice":"Obtained Book","damage_taken":16,"max_hp_gain":0,"max_hp_loss":0,"event_name":"Cursed Tome","floor":21,"gold_loss":0},{"damage_healed":0,"gold_gain":0,"cards_transformed":["Strike_R","Strike_R"],"player_choice":"Became Test Subject","damage_taken":0,"max_hp_gain":0,"max_hp_loss":0,"event_name":"Drug Dealer","floor":22,"gold_loss":0,"cards_obtained":["Seeing Red","Intimidate"]},{"damage_healed":0,"gold_gain":333,"player_choice":"Gave Idol","damage_taken":0,"max_hp_gain":0,"max_hp_loss":0,"event_name":"The Moai Head","floor":36,"relics_lost":["Golden Idol"],"gold_loss":0},{"cards_removed":["Thunderclap"],"damage_healed":0,"gold_gain":0,"player_choice":"Removed Attack","damage_taken":0,"max_hp_gain":0,"max_hp_loss":0,"event_name":"Falling","floor":37,"gold_loss":0},{"damage_healed":0,"gold_gain":0,"player_choice":"Paid","damage_taken":0,"relics_obtained":["Red Mask"],"max_hp_gain":0,"max_hp_loss":0,"event_name":"Tomb of Lord Red Mask","floor":44,"gold_loss":106},{"damage_healed":0,"gold_gain":0,"player_choice":"Memory 1","damage_taken":0,"max_hp_gain":0,"max_hp_loss":0,"event_name":"SensoryStone","floor":45,"gold_loss":0}],"is_beta":false,"boss_relics":[{"not_picked":["Philosopher\u0027s Stone","Empty Cage"],"picked":"Ectoplasm"},{"not_picked":["Sozu","Cursed Key"],"picked":"Black Star"}],"items_purged_floors":[],"is_endless":false,"potions_floor_spawned":[3,11,12,13,16,23,27,35,41,46,47],"ascension_level":12}