{"gold_per_floor":[111,286,286,299,312,312,341,358,358,358,358,358,308,308,308,412,412,397,397,416,432,432,461,229,229,274,309,309,321,321,356,356,356],"floor_reached":33,"playtime":993,"items_purged":["Strike_R"],"score":571,"play_id":"95f567da-eefa-429f-9c74-51867457af1b","local_time":"20190213221849","is_ascension_mode":true,"campfire_choices":[{"data":"Rampage","floor":6,"key":"SMITH"},{"data":"Body Slam","floor":10,"key":"SMITH"},{"data":"Whirlwind","floor":12,"key":"SMITH"},{"data":"Bash","floor":15,"key":"SMITH"},{"data":"Armaments","floor":25,"key":"SMITH"},{"floor":30,"key":"REST"},{"data":"Spot Weakness","floor":32,"key":"SMITH"}],"neow_cost":"TEN_PERCENT_HP_LOSS","seed_source_timestamp":94510171078413,"circlet_count":0,"master_deck":["AscendersBane","Strike_R","Defend_R","Defend_R","Defend_R","Defend_R","Bash+1","Body Slam+1","Rampage+1","Barricade","Whirlwind+1","Feed","Armaments+1","Spot Weakness+1","Body Slam","Spot Weakness","Reaper","Power Through","Combust+1"],"relics":["Burning Blood","Mango","Spirit Poop","Mercury Hourglass","Matryoshka","PreservedInsect","Ornamental Fan","Velvet Choker","Omamori","Peace Pipe","Potion Belt","Tiny Chest","Strawberry","Red Skull","Darkstone Periapt","Frozen Egg 2"],"potions_floor_usage":[16,16,23,33],"damage_taken":[{"damage":2,"enemies":"2 Louse","floor":1,"turns":4},{"damage":13,"enemies":"Jaw Worm","floor":4,"turns":5},{"damage":6,"enemies":"Cultist","floor":5,"turns":4},{"damage":36,"enemies":"Gremlin Nob","floor":7,"turns":5},{"damage":7,"enemies":"Looter","floor":8,"turns":4},{"damage":25,"enemies":"The Guardian","floor":16,"turns":13},{"damage":14,"enemies":"2 Thieves","floor":18,"turns":4},{"damage":0,"enemies":"3 Byrds","floor":20,"turns":3},{"damage":36,"enemies":"Centurion and Healer","floor":21,"turns":7},{"damage":0,"enemies":"Slavers","floor":23,"turns":1},{"damage":44,"enemies":"Book of Stabbing","floor":27,"turns":4},{"damage":22,"enemies":"Shelled Parasite and Fungi","floor":29,"turns":6},{"damage":39,"enemies":"Slavers","floor":31,"turns":3},{"damage":62,"enemies":"Automaton","floor":33,"turns":6}],"seed_played":"-2450682503337665184","potions_obtained":[{"floor":1,"key":"Swift Potion"},{"floor":7,"key":"FearPotion"},{"floor":8,"key":"SkillPotion"},{"floor":18,"key":"Explosive Potion"},{"floor":29,"key":"Swift Potion"},{"floor":31,"key":"Energy Potion"}],"is_trial":false,"path_per_floor":["M","?","?","M","M","R","E","M","T","R","?","R","?","T","R","B",null,"M","?","M","M","?","E","$","R","T","E","?","M","R","E","R","B"],"character_chosen":"IRONCLAD","items_purchased":["Tiny Chest","Spot Weakness"],"campfire_rested":1,"item_purchase_floors":[24,24],"current_hp_per_floor":[86,86,86,79,79,79,49,48,48,48,41,41,41,41,41,22,70,65,65,74,47,47,53,53,53,60,25,25,33,65,62,62,0],"gold":356,"neow_bonus":"ONE_RARE_RELIC","is_prod":false,"is_daily":false,"chose_seed":false,"campfire_upgraded":6,"win_rate":0,"timestamp":1550114329,"path_taken":["M","?","?","M","?","R","E","M","T","R","?","R","?","?","R","BOSS","M","?","M","?","?","E","?","R","T","E","?","M","R","E","R","BOSS"],"build_version":"2019-01-23","purchased_purges":1,"victory":false,"max_hp_per_floor":[86,86,86,86,86,86,86,86,86,86,86,86,86,86,86,86,86,89,89,92,95,95,95,95,95,102,105,105,109,109,112,112,112],"card_choices":[{"not_picked":["Rupture","Havoc"],"picked":"Body Slam","floor":1},{"not_picked":["Sword Boomerang","True Grit"],"picked":"Rampage","floor":4},{"not_picked":["Warcry","True Grit"],"picked":"Bloodletting","floor":5},{"not_picked":["Wild Strike","Shrug It Off"],"picked":"Barricade","floor":7},{"not_picked":["Searing Blow","Havoc"],"picked":"Whirlwind","floor":8},{"not_picked":["Juggernaut","Bludgeon"],"picked":"Feed","floor":16},{"not_picked":["Heavy Blade","Anger"],"picked":"Armaments","floor":18},{"not_picked":["Whirlwind","Cleave"],"picked":"Spot Weakness","floor":20},{"not_picked":["Anger","Perfected Strike"],"picked":"Body Slam","floor":21},{"not_picked":["Twin Strike","Clash","Immolate"],"picked":"SKIP","floor":23},{"not_picked":["Whirlwind","Perfected Strike","Havoc"],"picked":"SKIP","floor":27},{"not_picked":["Anger","True Grit"],"picked":"Power Through","floor":29},{"not_picked":["Spot Weakness","Warcry"],"picked":"Combust","floor":31}],"player_experience":801519,"relics_obtained":[{"floor":7,"key":"Mercury Hourglass"},{"floor":9,"key":"Matryoshka"},{"floor":14,"key":"PreservedInsect"},{"floor":14,"key":"Ornamental Fan"},{"floor":23,"key":"Potion Belt"},{"floor":26,"key":"Strawberry"},{"floor":26,"key":"Red Skull"},{"floor":27,"key":"Darkstone Periapt"},{"floor":31,"key":"Frozen Egg 2"}],"event_choices":[{"damage_healed":0,"gold_gain":175,"player_choice":"AGREE","damage_taken":0,"max_hp_gain":0,"max_hp_loss":0,"event_name":"Liars Game","floor":2,"gold_loss":0,"cards_obtained":["Doubt"]},{"cards_removed":["Doubt"],"damage_healed":0,"gold_gain":0,"player_choice":"Offered Curse","damage_taken":0,"relics_obtained":["Spirit Poop"],"max_hp_gain":0,"max_hp_loss":0,"event_name":"Bonfire Elementals","floor":3,"gold_loss":0},{"cards_removed":["Strike_R"],"damage_healed":0,"gold_gain":0,"player_choice":"Card Removal","damage_taken":7,"max_hp_gain":0,"max_hp_loss":0,"event_name":"Golden Wing","floor":11,"gold_loss":0},{"cards_removed":["Strike_R"],"damage_healed":0,"gold_gain":0,"player_choice":"Card Removal","damage_taken":0,"max_hp_gain":0,"max_hp_loss":0,"event_name":"The Cleric","floor":13,"gold_loss":50},{"cards_removed":["Bloodletting"],"damage_healed":0,"gold_gain":0,"player_choice":"Gave Card","damage_taken":0,"relics_obtained":["Omamori"],"max_hp_gain":0,"max_hp_loss":0,"event_name":"WeMeetAgain","floor":19,"gold_loss":0},{"damage_healed":0,"gold_gain":0,"player_choice":"Opened","damage_taken":0,"relics_obtained":["Peace Pipe"],"max_hp_gain":0,"max_hp_loss":0,"event_name":"The Mausoleum","floor":22,"gold_loss":0,"cards_obtained":["Writhe"]},{"damage_healed":0,"gold_gain":0,"cards_transformed":["Strike_R"],"player_choice":"Transformed","damage_taken":0,"max_hp_gain":0,"max_hp_loss":0,"event_name":"Transmorgrifier","floor":28,"gold_loss":0,"cards_obtained":["Reaper"]}],"is_beta":false,"boss_relics":[{"not_picked":["Black Blood","White Beast Statue"],"picked":"Velvet Choker"}],"items_purged_floors":[24],"is_endless":false,"potions_floor_spawned":[1,7,8,18,29,31],"killed_by":"Automaton","ascension_level":12}