{"gold_per_floor":[114,289,300,300,300,300,331,354,366,408,171,190,220,220,220,220],"floor_reached":16,"playtime":449,"items_purged":["Strike_R"],"score":236,"play_id":"4c4e7577-f864-49ee-88fd-debae3355d1a","local_time":"20190219223523","is_ascension_mode":true,"campfire_choices":[{"data":"Bash","floor":6,"key":"SMITH"},{"data":"The Bomb","floor":15,"key":"SMITH"}],"neow_cost":"NONE","seed_source_timestamp":218723769757681,"circlet_count":0,"master_deck":["AscendersBane","Strike_R","Defend_R","Defend_R","Defend_R","Bash+1","Shockwave+1","Reckless Charge+1","Wild Strike+1","Thunderclap","Flex","Intimidate","Infernal Blade","The Bomb+1","Clash","Flex"],"relics":["Astrolabe","Ancient Tea Set","MawBank","Sundial","Regal Pillow","Omamori"],"potions_floor_usage":[10,12,13,16],"damage_taken":[{"damage":8,"enemies":"Small Slimes","floor":1,"turns":2},{"damage":0,"enemies":"Cultist","floor":3,"turns":2},{"damage":6,"enemies":"Gremlin Nob","floor":7,"turns":3},{"damage":2,"enemies":"2 Louse","floor":8,"turns":3},{"damage":11,"enemies":"3 Sentries","floor":10,"turns":7},{"damage":5,"enemies":"2 Fungi Beasts","floor":12,"turns":4},{"damage":0,"enemies":"Gremlin Nob","floor":13,"turns":2},{"damage":41,"enemies":"Hexaghost","floor":16,"turns":8}],"seed_played":"-4817074282564270705","potions_obtained":[{"floor":7,"key":"SkillPotion"},{"floor":8,"key":"Swift Potion"},{"floor":12,"key":"AttackPotion"},{"floor":13,"key":"Swift Potion"}],"is_trial":false,"path_per_floor":["M","?","M","?","?","R","E","M","T","E","$","M","E","?","R","B"],"character_chosen":"IRONCLAD","items_purchased":["The Bomb"],"campfire_rested":0,"item_purchase_floors":[11],"current_hp_per_floor":[64,64,64,64,64,64,58,56,56,45,45,40,40,40,40,0],"gold":220,"neow_bonus":"BOSS_RELIC","is_prod":false,"is_daily":false,"chose_seed":false,"campfire_upgraded":2,"win_rate":0,"timestamp":1550633723,"path_taken":["M","?","M","?","?","R","E","M","T","E","$","?","E","?","R","BOSS"],"build_version":"2019-01-23","purchased_purges":1,"victory":false,"max_hp_per_floor":[80,80,80,80,80,80,80,80,80,80,80,80,80,80,80,80],"card_choices":[{"not_picked":["Havoc","Anger"],"picked":"Thunderclap","floor":1},{"not_picked":["Armaments","Power Through"],"picked":"Flex","floor":3},{"not_picked":["Wild Strike","Evolve"],"picked":"Intimidate","floor":7},{"not_picked":["Fire Breathing","Pommel Strike"],"picked":"Infernal Blade","floor":8},{"not_picked":["Anger","Searing Blow","Perfected Strike"],"picked":"SKIP","floor":10},{"not_picked":["Warcry","Bludgeon","Anger"],"picked":"SKIP","floor":12},{"not_picked":["Havoc","Iron Wave"],"picked":"Clash","floor":13}],"player_experience":808135,"relics_obtained":[{"floor":7,"key":"MawBank"},{"floor":9,"key":"Sundial"},{"floor":10,"key":"Regal Pillow"},{"floor":13,"key":"Omamori"}],"event_choices":[{"damage_healed":0,"gold_gain":175,"player_choice":"AGREE","damage_taken":0,"max_hp_gain":0,"max_hp_loss":0,"event_name":"Liars Game","floor":2,"gold_loss":0,"cards_obtained":["Doubt"]},{"damage_healed":0,"gold_gain":0,"player_choice":"Box","damage_taken":0,"relics_obtained":["Ancient Tea Set"],"max_hp_gain":0,"max_hp_loss":0,"event_name":"Big Fish","floor":4,"gold_loss":0,"cards_obtained":["Regret"]},{"cards_removed":["Regret","Doubt"],"damage_healed":0,"gold_gain":0,"player_choice":"Removed Curses","damage_taken":0,"max_hp_gain":0,"max_hp_loss":0,"event_name":"Fountain of Cleansing","floor":5,"gold_loss":0},{"damage_healed":0,"gold_gain":0,"cards_transformed":["Strike_R"],"player_choice":"Change","damage_taken":0,"max_hp_gain":0,"max_hp_loss":0,"event_name":"Living Wall","floor":14,"gold_loss":0,"cards_obtained":["Flex"]}],"is_beta":false,"boss_relics":[],"items_purged_floors":[11],"is_endless":false,"potions_floor_spawned":[7,8,12,13],"killed_by":"Hexaghost","ascension_level":13}