{"gold_per_floor":[17,17,31,206,206,206,225,225,225,6,0,0,33,46,46,142,142,155,155,168,168],"floor_reached":21,"playtime":519,"items_purged":["Doubt"],"score":333,"play_id":"0aa17688-e36b-4aab-979b-d4640100aaaa","local_time":"20190220230109","is_ascension_mode":true,"campfire_choices":[{"data":"Demon Form","floor":6,"key":"SMITH"},{"data":"Heavy Blade","floor":8,"key":"SMITH"},{"data":"Double Tap","floor":12,"key":"SMITH"},{"floor":15,"key":"REST"}],"neow_cost":"NO_GOLD","seed_source_timestamp":6715345078100,"circlet_count":0,"master_deck":["AscendersBane","Strike_R","Strike_R","Strike_R","Strike_R","Strike_R","Defend_R","Defend_R","Defend_R","Defend_R","Bash","Demon Form+1","Rampage","Inflame","Heavy Blade+1","Double Tap+1","True Grit","Barricade","Shrug It Off","Whirlwind"],"relics":["Burning Blood","Golden Idol","Mercury Hourglass","Nloth\u0027s Gift"],"potions_floor_usage":[14,14,20,21,21],"damage_taken":[{"damage":1,"enemies":"Cultist","floor":1,"turns":4},{"damage":14,"enemies":"Jaw Worm","floor":3,"turns":4},{"damage":16,"enemies":"2 Louse","floor":7,"turns":4},{"damage":23,"enemies":"Gremlin Nob","floor":13,"turns":4},{"damage":4,"enemies":"Blue Slaver","floor":14,"turns":4},{"damage":46,"enemies":"Hexaghost","floor":16,"turns":8},{"damage":12,"enemies":"Chosen","floor":18,"turns":3},{"damage":15,"enemies":"Shell Parasite","floor":20,"turns":4},{"damage":49,"enemies":"Snake Plant","floor":21,"turns":4}],"seed_played":"3919433678073751849","potions_obtained":[{"floor":1,"key":"SpeedPotion"},{"floor":13,"key":"GamblersBrew"},{"floor":16,"key":"SkillPotion"},{"floor":18,"key":"AttackPotion"},{"floor":20,"key":"PowerPotion"}],"is_trial":false,"path_per_floor":["M","$","M","?","?","R","M","R","T","$","?","R","E","M","R","B",null,"M","?","M","M"],"character_chosen":"IRONCLAD","items_purchased":["Double Tap"],"campfire_rested":1,"item_purchase_floors":[10],"current_hp_per_floor":[77,77,69,69,49,49,39,39,39,39,39,39,22,24,48,8,62,56,56,47,0],"gold":168,"neow_bonus":"THREE_RARE_CARDS","is_prod":false,"is_daily":false,"chose_seed":false,"campfire_upgraded":3,"win_rate":0,"timestamp":1550721669,"path_taken":["M","?","M","?","?","R","M","R","T","?","?","R","E","M","R","BOSS","M","?","?","M"],"build_version":"2019-01-23","purchased_purges":1,"victory":false,"max_hp_per_floor":[80,80,80,80,80,80,80,80,80,80,80,80,80,80,80,80,80,80,80,80,80],"card_choices":[{"not_picked":["Offering","Exhume"],"picked":"Demon Form","floor":0},{"not_picked":["Fire Breathing","Warcry"],"picked":"Rampage","floor":1},{"not_picked":["Havoc","Armaments"],"picked":"Inflame","floor":3},{"not_picked":["Battle Trance","Berserk"],"picked":"Heavy Blade","floor":7},{"not_picked":["Body Slam","Corruption"],"picked":"True Grit","floor":13},{"not_picked":["Sever Soul","Anger","Perfected Strike"],"picked":"SKIP","floor":14},{"not_picked":["Reaper","Immolate"],"picked":"Barricade","floor":16},{"not_picked":["Twin Strike","Clothesline"],"picked":"Shrug It Off","floor":18},{"not_picked":["Wild Strike","Rage"],"picked":"Whirlwind","floor":20}],"player_experience":808584,"relics_obtained":[{"floor":13,"key":"Mercury Hourglass"}],"event_choices":[{"damage_healed":0,"gold_gain":175,"player_choice":"AGREE","damage_taken":0,"max_hp_gain":0,"max_hp_loss":0,"event_name":"Liars Game","floor":4,"gold_loss":0,"cards_obtained":["Doubt"]},{"damage_healed":0,"gold_gain":0,"player_choice":"Take Damage","damage_taken":20,"relics_obtained":["Golden Idol"],"max_hp_gain":0,"max_hp_loss":0,"event_name":"Golden Idol","floor":5,"gold_loss":0},{"damage_healed":0,"gold_gain":0,"player_choice":"Left Gold","damage_taken":0,"max_hp_gain":0,"max_hp_loss":0,"event_name":"World of Goop","floor":11,"gold_loss":6},{"damage_healed":0,"gold_gain":0,"player_choice":"Traded Relic","damage_taken":0,"relics_obtained":["Nloth\u0027s Gift"],"max_hp_gain":0,"max_hp_loss":0,"event_name":"N\u0027loth","floor":19,"relics_lost":["Runic Pyramid"],"gold_loss":0}],"is_beta":false,"boss_relics":[{"not_picked":["White Beast Statue","Velvet Choker"],"picked":"Runic Pyramid"}],"items_purged_floors":[10],"is_endless":false,"potions_floor_spawned":[1,13,16,18,20],"killed_by":"Snake Plant","ascension_level":13}