{"gold_per_floor":[361,361,436,164,184,224,224,285,285,285],"floor_reached":10,"playtime":480,"items_purged":["Writhe"],"score":122,"play_id":"ced324aa-7a4e-422c-b896-a23690480af9","local_time":"20190316160451","is_ascension_mode":true,"campfire_choices":[{"floor":7,"key":"REST"}],"neow_cost":"CURSE","seed_source_timestamp":332597036272500,"circlet_count":0,"master_deck":["AscendersBane","Strike_R","Strike_R","Strike_R","Strike_R","Strike_R","Defend_R","Defend_R","Defend_R","Defend_R","Bash","Shrug It Off","Injury","Magnetism","Flex","Feel No Pain","Shrug It Off"],"relics":["Burning Blood","Golden Idol","Unceasing Top","Strawberry","The Courier"],"potions_floor_usage":[6],"damage_taken":[{"damage":9,"enemies":"Jaw Worm","floor":1,"turns":5},{"damage":7,"enemies":"Small Slimes","floor":5,"turns":3},{"damage":45,"enemies":"Gremlin Nob","floor":6,"turns":6},{"damage":41,"enemies":"3 Sentries","floor":8,"turns":11},{"damage":14,"enemies":"Gremlin Nob","floor":10,"turns":3}],"seed_played":"-6938282468765548442","potions_obtained":[{"floor":5,"key":"PowerPotion"}],"is_trial":false,"path_per_floor":["M","?","?","$","M","E","R","E","T","E"],"character_chosen":"IRONCLAD","items_purchased":["Magnetism"],"campfire_rested":1,"item_purchase_floors":[4],"current_hp_per_floor":[69,69,58,58,57,18,42,14,14,0],"gold":285,"neow_bonus":"TWO_FIFTY_GOLD","is_prod":false,"is_daily":false,"chose_seed":false,"campfire_upgraded":0,"win_rate":0,"timestamp":1552766691,"path_taken":["M","?","?","$","M","E","R","E","T","E"],"build_version":"2019-01-23","purchased_purges":1,"victory":false,"max_hp_per_floor":[80,80,80,80,80,80,80,87,87,87],"card_choices":[{"not_picked":["True Grit","Perfected Strike"],"picked":"Shrug It Off","floor":1},{"not_picked":["Clothesline","Anger"],"picked":"Flex","floor":5},{"not_picked":["Warcry","Power Through"],"picked":"Feel No Pain","floor":6},{"not_picked":["Heavy Blade","Clothesline"],"picked":"Shrug It Off","floor":8}],"player_experience":821706,"relics_obtained":[{"floor":6,"key":"Unceasing Top"},{"floor":8,"key":"Strawberry"},{"floor":9,"key":"The Courier"}],"event_choices":[{"damage_healed":0,"gold_gain":0,"player_choice":"Take Wound","damage_taken":0,"relics_obtained":["Golden Idol"],"max_hp_gain":0,"max_hp_loss":0,"event_name":"Golden Idol","floor":2,"gold_loss":0,"cards_obtained":["Injury"]},{"damage_healed":0,"gold_gain":75,"player_choice":"Gather Gold","damage_taken":11,"max_hp_gain":0,"max_hp_loss":0,"event_name":"World of Goop","floor":3,"gold_loss":0}],"is_beta":false,"boss_relics":[],"items_purged_floors":[4],"is_endless":false,"potions_floor_spawned":[5],"killed_by":"Gremlin Nob","ascension_level":13}