{"gold_per_floor":[118,135,148,159,159,159,188,188,188,204,204,129,129,159,159,258,258,274,274,287,31,31],"floor_reached":22,"playtime":644,"items_purged":["Injury","Pain"],"score":329,"play_id":"4e52f645-9d3a-4b34-81ca-68806f4d4ce0","local_time":"20190312235107","is_ascension_mode":true,"campfire_choices":[{"data":"Searing Blow","floor":6,"key":"SMITH"},{"data":"Searing Blow+1","floor":13,"key":"SMITH"},{"data":"Searing Blow+2","floor":15,"key":"SMITH"}],"neow_cost":"NONE","seed_source_timestamp":14805544980600,"circlet_count":0,"master_deck":["AscendersBane","Strike_R","Strike_R+1","Strike_R","Strike_R+1","Strike_R+1","Defend_R","Defend_R","Defend_R","Defend_R","Bash","Evolve","Shrug It Off","Searing Blow+4","Inflame","Disarm","Battle Trance","Double Tap","Inflame+1","Flex"],"relics":["Burning Blood","NeowsBlessing","Question Card","Golden Idol","Pear","Runic Pyramid","WarpedTongs","Whetstone"],"potions_floor_usage":[3,20,20],"damage_taken":[{"damage":0,"enemies":"Cultist","floor":1,"turns":1},{"damage":0,"enemies":"Small Slimes","floor":2,"turns":1},{"damage":0,"enemies":"2 Louse","floor":3,"turns":1},{"damage":8,"enemies":"2 Fungi Beasts","floor":4,"turns":4},{"damage":32,"enemies":"Gremlin Nob","floor":7,"turns":4},{"damage":15,"enemies":"Blue Slaver","floor":10,"turns":5},{"damage":36,"enemies":"Slime Boss","floor":16,"turns":12},{"damage":28,"enemies":"Shell Parasite","floor":18,"turns":5},{"damage":28,"enemies":"3 Byrds","floor":20,"turns":7},{"damage":35,"enemies":"Centurion and Healer","floor":22,"turns":6}],"seed_played":"-6828063694228642042","potions_obtained":[{"floor":3,"key":"Fruit Juice"},{"floor":16,"key":"PowerPotion"},{"floor":18,"key":"GamblersBrew"}],"is_trial":false,"path_per_floor":["M","M","M","M","?","R","E","?","T","M","?","$","R","?","R","B",null,"M","?","M","$","M"],"character_chosen":"IRONCLAD","items_purchased":["Whetstone"],"campfire_rested":0,"item_purchase_floors":[21],"current_hp_per_floor":[78,80,85,83,66,66,40,40,50,41,46,46,46,46,46,16,79,57,57,35,35,0],"gold":31,"neow_bonus":"THREE_ENEMY_KILL","is_prod":false,"is_daily":false,"chose_seed":false,"campfire_upgraded":3,"win_rate":0,"timestamp":1552449067,"path_taken":["M","?","M","M","?","R","E","?","T","M","?","$","R","?","R","BOSS","M","?","?","$","M"],"build_version":"2019-01-23","purchased_purges":2,"victory":false,"max_hp_per_floor":[80,80,85,85,85,85,85,85,95,95,100,100,100,100,100,100,100,100,100,100,100,100],"card_choices":[{"not_picked":["Heavy Blade","Havoc"],"picked":"Evolve","floor":1},{"not_picked":["Sentinel","Fire Breathing"],"picked":"Shrug It Off","floor":2},{"not_picked":["Perfected Strike","Heavy Blade"],"picked":"Searing Blow","floor":3},{"not_picked":["Ghostly Armor","Thunderclap"],"picked":"Inflame","floor":4},{"not_picked":["Whirlwind","Shrug It Off"],"picked":"Disarm","floor":7},{"not_picked":["Warcry","True Grit","Sentinel"],"picked":"Battle Trance","floor":10},{"not_picked":["Demon Form","Bludgeon","Berserk"],"picked":"Double Tap","floor":16},{"not_picked":["Rampage+1","Armaments","Shrug It Off"],"picked":"Inflame+1","floor":18},{"not_picked":["Headbutt","Iron Wave","Hemokinesis"],"picked":"Flex","floor":20}],"player_experience":821062,"relics_obtained":[{"floor":7,"key":"Question Card"},{"floor":9,"key":"Pear"}],"event_choices":[{"damage_healed":0,"gold_gain":0,"player_choice":"Entered Light","damage_taken":17,"max_hp_gain":0,"max_hp_loss":0,"event_name":"Shining Light","floor":5,"gold_loss":0,"cards_upgraded":["Strike_R","Strike_R"]},{"damage_healed":0,"gold_gain":0,"player_choice":"Take Wound","damage_taken":0,"relics_obtained":["Golden Idol"],"max_hp_gain":0,"max_hp_loss":0,"event_name":"Golden Idol","floor":8,"gold_loss":0,"cards_obtained":["Injury"]},{"damage_healed":0,"gold_gain":0,"player_choice":"Donut","damage_taken":0,"max_hp_gain":5,"max_hp_loss":0,"event_name":"Big Fish","floor":11,"gold_loss":0},{"damage_healed":0,"gold_gain":30,"player_choice":"Searched \u00272\u0027 times","damage_taken":0,"max_hp_gain":0,"max_hp_loss":0,"event_name":"Dead Adventurer","floor":14,"gold_loss":0},{"damage_healed":0,"gold_gain":0,"player_choice":"Rummage","damage_taken":0,"relics_obtained":["WarpedTongs"],"max_hp_gain":0,"max_hp_loss":0,"event_name":"Accursed Blacksmith","floor":19,"gold_loss":0,"cards_obtained":["Pain"]}],"is_beta":false,"boss_relics":[{"not_picked":["Mark of Pain","Empty Cage"],"picked":"Runic Pyramid"}],"items_purged_floors":[12,21],"is_endless":false,"potions_floor_spawned":[3,16,18],"killed_by":"Centurion and Healer","ascension_level":13}