{"gold_per_floor":[117,117,132,132,151,184,184,204,284,308,70,91,21,52,52,175,175,198,221,136,61,61,61,77,90,116,132,132,132,148,181,181,278,278,292,292,341,72,89,89,120,136,136,148,172,194,206,231,243,255],"floor_reached":50,"playtime":2233,"items_purged":["Normality"],"score":756,"play_id":"9037d84d-5b24-4f46-864f-30ac2c664f25","local_time":"20190321202527","daily_mods":["Cursed Run","Green Cards","Terminal"],"is_ascension_mode":false,"campfire_choices":[{"data":"Demon Form","floor":7,"key":"SMITH"},{"data":"Shockwave","floor":15,"key":"SMITH"},{"floor":23,"key":"REST"},{"floor":32,"key":"REST"},{"floor":40,"key":"REST"},{"floor":49,"key":"REST"}],"neow_cost":"","seed_source_timestamp":299031257741200,"circlet_count":0,"master_deck":["Demon Form+1","Wraith Form v2+1","Echo Form","Strike_R","Strike_R","Strike_R","Strike_R","Strike_R","Defend_R","Defend_R","Defend_R","Defend_R","Bash","Prepared","Perfected Strike","Intimidate","Acrobatics","Flechettes","Wraith Form v2+1","Dropkick","Noxious Fumes","Battle Trance","Shockwave+1","Storm of Steel+1","Infinite Blades","Reflex","Writhe","Impervious","True Grit","Madness","Madness","Sadistic Nature","Shrug It Off+1","Inflame+1","Parasite"],"relics":["Snecko Eye","Unceasing Top","Busted Crown","Incense Burner","Sundial","DollysMirror","Centennial Puzzle","Fusion Hammer","Pantograph","Nloth\u0027s Gift","Bag of Preparation","Bronze Scales","Gremlin Horn","Black Star","Turnip","Strawberry","Frozen Egg 2","MawBank","GremlinMask"],"potions_floor_usage":[12,33,33,33,37],"damage_taken":[{"damage":0,"enemies":"Small Slimes","floor":1,"turns":4},{"damage":0,"enemies":"2 Louse","floor":3,"turns":3},{"damage":0,"enemies":"Cultist","floor":5,"turns":3},{"damage":0,"enemies":"Gremlin Nob","floor":6,"turns":4},{"damage":0,"enemies":"Blue Slaver","floor":8,"turns":3},{"damage":0,"enemies":"Large Slime","floor":10,"turns":4},{"damage":0,"enemies":"3 Louse","floor":12,"turns":4},{"damage":0,"enemies":"3 Sentries","floor":14,"turns":5},{"damage":0,"enemies":"Hexaghost","floor":16,"turns":6},{"damage":0,"enemies":"3 Byrds","floor":18,"turns":4},{"damage":0,"enemies":"Chosen","floor":19,"turns":3},{"damage":0,"enemies":"3 Cultists","floor":24,"turns":4},{"damage":0,"enemies":"Snake Plant","floor":25,"turns":4},{"damage":0,"enemies":"Centurion and Healer","floor":27,"turns":4},{"damage":0,"enemies":"Chosen and Byrds","floor":30,"turns":4},{"damage":0,"enemies":"Book of Stabbing","floor":31,"turns":3},{"damage":0,"enemies":"Automaton","floor":33,"turns":6},{"damage":0,"enemies":"Orb Walker","floor":35,"turns":4},{"damage":0,"enemies":"2 Orb Walkers","floor":37,"turns":4},{"damage":0,"enemies":"3 Shapes","floor":39,"turns":4},{"damage":0,"enemies":"Reptomancer","floor":41,"turns":6},{"damage":0,"enemies":"Sphere and 2 Shapes","floor":42,"turns":5},{"damage":0,"enemies":"Transient","floor":45,"turns":5},{"damage":0,"enemies":"Spire Growth","floor":46,"turns":4},{"damage":0,"enemies":"Writhing Mass","floor":48,"turns":5},{"damage":1,"enemies":"Time Eater","floor":50,"turns":4}],"seed_played":"7617586971281910056","potions_obtained":[{"floor":3,"key":"Strength Potion"},{"floor":5,"key":"SpeedPotion"},{"floor":6,"key":"Weak Potion"},{"floor":10,"key":"Block Potion"},{"floor":12,"key":"SpeedPotion"},{"floor":33,"key":"Strength Potion"},{"floor":35,"key":"FearPotion"},{"floor":37,"key":"Fruit Juice"},{"floor":42,"key":"LiquidBronze"}],"is_trial":true,"path_per_floor":["M","?","M","?","M","E","R","M","T","M","$","M","$","E","R","B",null,"M","M","?","?","?","R","M","M","T","M","?","?","M","E","R","B",null,"M","?","?","$","M","R","E","M","T","?","M","M","?","M","R","B"],"character_chosen":"IRONCLAD","items_purchased":["DollysMirror","Dropkick","Battle Trance","Sadistic Nature"],"campfire_rested":4,"item_purchase_floors":[11,11,13,38],"current_hp_per_floor":[1,1,1,1,1,1,1,1,1,1,1,1,1,1,1,1,1,1,1,1,1,1,1,1,1,1,1,1,1,1,1,1,1,1,1,1,5,4,3,2,8,7,6,5,4,3,2,1,1,0],"gold":255,"neow_bonus":"","is_prod":false,"is_daily":false,"chose_seed":false,"campfire_upgraded":2,"win_rate":0,"timestamp":1553214327,"path_taken":["M","?","M","?","?","E","R","M","T","M","?","?","$","E","R","BOSS","M","M","?","?","?","R","?","M","T","M","?","?","M","E","R","BOSS","M","?","?","$","M","R","E","M","T","?","?","M","?","M","R","BOSS"],"build_version":"2019-01-23","purchased_purges":1,"victory":false,"max_hp_per_floor":[1,1,1,1,1,1,1,1,1,1,1,1,1,1,1,1,1,1,1,1,1,1,1,1,1,1,1,1,1,1,1,1,1,1,1,1,5,4,3,2,8,7,6,5,4,3,2,1,1,1],"card_choices":[{"not_picked":[],"picked":"Prepared","floor":1},{"not_picked":[],"picked":"Perfected Strike","floor":3},{"not_picked":[],"picked":"Intimidate","floor":5},{"not_picked":[],"picked":"Acrobatics","floor":6},{"not_picked":["Wild Strike"],"picked":"SKIP","floor":8},{"not_picked":[],"picked":"Flechettes","floor":10},{"not_picked":[],"picked":"Noxious Fumes","floor":12},{"not_picked":[],"picked":"Shockwave","floor":14},{"not_picked":[],"picked":"Storm of Steel","floor":16},{"not_picked":["Blade Dance"],"picked":"SKIP","floor":18},{"not_picked":[],"picked":"Infinite Blades","floor":19},{"not_picked":[],"picked":"Reflex","floor":24},{"not_picked":["Bane"],"picked":"SKIP","floor":25},{"not_picked":["Entrench"],"picked":"SKIP","floor":27},{"not_picked":["Feel No Pain"],"picked":"SKIP","floor":30},{"not_picked":["Slice+1"],"picked":"SKIP","floor":31},{"not_picked":[],"picked":"Impervious","floor":33},{"not_picked":[],"picked":"True Grit","floor":35},{"not_picked":[],"picked":"Shrug It Off+1","floor":39},{"not_picked":["Deadly Poison"],"picked":"SKIP","floor":41},{"not_picked":["Anger"],"picked":"SKIP","floor":42},{"not_picked":["Dash"],"picked":"SKIP","floor":45},{"not_picked":[],"picked":"Inflame+1","floor":46},{"not_picked":["Sword Boomerang+1"],"picked":"SKIP","floor":48}],"player_experience":831438,"relics_obtained":[{"floor":6,"key":"Incense Burner"},{"floor":9,"key":"Sundial"},{"floor":14,"key":"Centennial Puzzle"},{"floor":26,"key":"Bag of Preparation"},{"floor":31,"key":"Gremlin Horn"},{"floor":37,"key":"Turnip"},{"floor":41,"key":"Strawberry"},{"floor":41,"key":"Frozen Egg 2"},{"floor":43,"key":"MawBank"}],"event_choices":[{"damage_healed":0,"gold_gain":0,"player_choice":"Take Damage","damage_taken":0,"relics_obtained":["Golden Idol"],"max_hp_gain":0,"max_hp_loss":0,"event_name":"Golden Idol","floor":2,"gold_loss":0},{"damage_healed":0,"gold_gain":0,"player_choice":"Upgraded","damage_taken":0,"max_hp_gain":0,"max_hp_loss":0,"event_name":"Upgrade Shrine","floor":4,"gold_loss":0,"cards_upgraded":["Wraith Form v2"]},{"damage_healed":0,"gold_gain":0,"player_choice":"Obtained Relic","damage_taken":0,"relics_obtained":["Pantograph"],"max_hp_gain":0,"max_hp_loss":0,"event_name":"Addict","floor":20,"gold_loss":85},{"cards_removed":["Writhe"],"damage_healed":0,"gold_gain":0,"player_choice":"Gave Gold","damage_taken":0,"max_hp_gain":0,"max_hp_loss":0,"event_name":"Beggar","floor":21,"gold_loss":75},{"damage_healed":0,"gold_gain":0,"player_choice":"Traded Relic","damage_taken":0,"relics_obtained":["Nloth\u0027s Gift"],"max_hp_gain":0,"max_hp_loss":0,"event_name":"N\u0027loth","floor":22,"relics_lost":["Golden Idol"],"gold_loss":0},{"damage_healed":0,"gold_gain":0,"player_choice":"Opened","damage_taken":0,"relics_obtained":["Bronze Scales"],"max_hp_gain":0,"max_hp_loss":0,"event_name":"The Mausoleum","floor":28,"gold_loss":0,"cards_obtained":["Writhe"]},{"damage_healed":0,"gold_gain":0,"player_choice":"Ignored","damage_taken":0,"max_hp_gain":0,"max_hp_loss":0,"event_name":"Cursed Tome","floor":29,"gold_loss":0},{"damage_healed":0,"gold_gain":0,"player_choice":"Embrace Madness","damage_taken":0,"max_hp_gain":0,"max_hp_loss":0,"event_name":"Winding Halls","floor":36,"gold_loss":0,"cards_obtained":["Madness","Madness"]},{"damage_healed":0,"gold_gain":0,"player_choice":"Fight","damage_taken":0,"max_hp_gain":0,"max_hp_loss":0,"event_name":"Mysterious Sphere","floor":37,"gold_loss":0},{"damage_healed":0,"gold_gain":0,"player_choice":"Upgraded","damage_taken":0,"max_hp_gain":0,"max_hp_loss":0,"event_name":"Upgrade Shrine","floor":44,"gold_loss":0,"cards_upgraded":["Storm of Steel"]},{"damage_healed":0,"gold_gain":0,"player_choice":"Trade","damage_taken":0,"relics_obtained":["GremlinMask"],"max_hp_gain":0,"max_hp_loss":0,"event_name":"FaceTrader","floor":47,"gold_loss":0}],"is_beta":false,"boss_relics":[{"not_picked":["Runic Dome","Sozu"],"picked":"Fusion Hammer"},{"not_picked":["Mark of Pain","Astrolabe"],"picked":"Black Star"}],"items_purged_floors":[38],"is_endless":true,"potions_floor_spawned":[3,5,6,10,12,25,33,35,37,42,48],"killed_by":"Time Eater","ascension_level":0}