{"gold_per_floor":[117,117,136,211,225,175,187,220,220,220,220],"floor_reached":11,"playtime":362,"items_purged":[],"score":120,"play_id":"66fe4a2c-b5e5-407c-b289-fe09885e20a5","local_time":"20190320184042","is_ascension_mode":true,"campfire_choices":[{"floor":10,"key":"REST"}],"neow_cost":"NONE","seed_source_timestamp":208966649902200,"circlet_count":0,"master_deck":["AscendersBane","Strike_R","Strike_R","Strike_R","Strike_R","Strike_R","Defend_R","Defend_R","Defend_R","Defend_R","Bash","Second Wind","Sentinel","Body Slam","Thunderclap","Cleave"],"relics":["Burning Blood","NeowsBlessing","Bag of Marbles","Mummified Hand","Smiling Mask"],"potions_floor_usage":[11,11],"damage_taken":[{"damage":0,"enemies":"Small Slimes","floor":1,"turns":1},{"damage":0,"enemies":"Jaw Worm","floor":3,"turns":1},{"damage":0,"enemies":"2 Louse","floor":5,"turns":2},{"damage":34,"enemies":"Large Slime","floor":7,"turns":9},{"damage":45,"enemies":"3 Sentries","floor":8,"turns":14},{"damage":49,"enemies":"Lagavulin","floor":11,"turns":6}],"seed_played":"-1192167255686707507","potions_obtained":[{"floor":5,"key":"SpeedPotion"},{"floor":7,"key":"GamblersBrew"},{"floor":8,"key":"Dexterity Potion"}],"is_trial":false,"path_per_floor":["M","?","M","?","M","?","M","E","T","R","E"],"character_chosen":"IRONCLAD","items_purchased":[],"campfire_rested":1,"item_purchase_floors":[],"current_hp_per_floor":[78,78,80,69,75,75,47,8,8,32,0],"gold":220,"neow_bonus":"THREE_ENEMY_KILL","is_prod":false,"is_daily":false,"chose_seed":false,"campfire_upgraded":0,"win_rate":0,"timestamp":1553121642,"path_taken":["M","?","M","?","M","?","M","E","T","R","E"],"build_version":"2019-01-23","purchased_purges":0,"victory":false,"max_hp_per_floor":[80,80,80,80,80,80,80,80,80,80,80],"card_choices":[{"not_picked":["Iron Wave","Ghostly Armor"],"picked":"Second Wind","floor":1},{"not_picked":["Uppercut","Intimidate"],"picked":"Sentinel","floor":3},{"not_picked":["Clash","Havoc"],"picked":"Body Slam","floor":5},{"not_picked":["Anger","Perfected Strike"],"picked":"Thunderclap","floor":7},{"not_picked":["Anger","Pommel Strike"],"picked":"Cleave","floor":8}],"player_experience":827479,"relics_obtained":[{"floor":8,"key":"Mummified Hand"},{"floor":9,"key":"Smiling Mask"}],"event_choices":[{"damage_healed":0,"gold_gain":0,"player_choice":"Box","damage_taken":0,"relics_obtained":["Bag of Marbles"],"max_hp_gain":0,"max_hp_loss":0,"event_name":"Big Fish","floor":2,"gold_loss":0,"cards_obtained":["Regret"]},{"damage_healed":0,"gold_gain":75,"player_choice":"Gather Gold","damage_taken":11,"max_hp_gain":0,"max_hp_loss":0,"event_name":"World of Goop","floor":4,"gold_loss":0},{"cards_removed":["Regret"],"damage_healed":0,"gold_gain":0,"player_choice":"Card Removal","damage_taken":0,"max_hp_gain":0,"max_hp_loss":0,"event_name":"The Cleric","floor":6,"gold_loss":50}],"is_beta":false,"boss_relics":[],"items_purged_floors":[],"is_endless":false,"potions_floor_spawned":[5,7,8],"killed_by":"Lagavulin","ascension_level":13}