{"gold_per_floor":[118,118,32,48,59,59,79,107,159,159,159,69,244,244,244,318,318,329,379,397,244,244],"floor_reached":22,"playtime":719,"items_purged":[],"score":309,"play_id":"2992166e-8751-4ec3-b980-e54b8152639b","local_time":"20190409205959","is_ascension_mode":true,"campfire_choices":[{"data":"Disarm","floor":6,"key":"SMITH"},{"floor":11,"key":"REST"},{"data":"Rampage","floor":15,"key":"SMITH"}],"neow_cost":"NONE","seed_source_timestamp":132607256446000,"circlet_count":0,"master_deck":["AscendersBane","Strike_R","Strike_R","Strike_R","Strike_R","Strike_R","Defend_R","Defend_R","Defend_R+1","Defend_R","Bash","Juggernaut+1","Sentinel","Disarm+1","Iron Wave","Seeing Red","Body Slam","Metallicize","Rampage+1","Armaments+1","Uppercut","Feed","True Grit+1"],"relics":["Burning Blood","Toxic Egg 2","Art of War","Runic Cube","PreservedInsect"],"potions_floor_usage":[8,22],"damage_taken":[{"damage":13,"enemies":"Jaw Worm","floor":1,"turns":5},{"damage":4,"enemies":"2 Louse","floor":4,"turns":4},{"damage":3,"enemies":"Small Slimes","floor":5,"turns":4},{"damage":9,"enemies":"3 Louse","floor":7,"turns":4},{"damage":50,"enemies":"3 Sentries","floor":8,"turns":10},{"damage":42,"enemies":"The Guardian","floor":16,"turns":11},{"damage":19,"enemies":"Spheric Guardian","floor":18,"turns":4},{"damage":32,"enemies":"3 Byrds","floor":20,"turns":6},{"damage":28,"enemies":"Cultist and Chosen","floor":22,"turns":4}],"seed_played":"7240760161875061673","potions_obtained":[{"floor":1,"key":"Ancient Potion"},{"floor":4,"key":"BloodPotion"},{"floor":18,"key":"Dexterity Potion"}],"is_trial":false,"path_per_floor":["M","?","$","M","M","R","M","E","T","?","R","$","?","?","R","B",null,"M","?","M","$","M"],"character_chosen":"IRONCLAD","items_purchased":["Disarm","Iron Wave","Armaments+1","Uppercut","PreservedInsect"],"campfire_rested":1,"item_purchase_floors":[3,3,12,12,21],"current_hp_per_floor":[61,46,46,48,51,51,48,11,11,36,58,58,58,58,58,22,62,49,49,26,26,0],"gold":244,"neow_bonus":"ONE_RANDOM_RARE_CARD","is_prod":false,"is_daily":false,"chose_seed":false,"campfire_upgraded":2,"win_rate":0,"timestamp":1554857999,"path_taken":["M","?","$","M","M","R","M","E","T","?","R","$","?","?","R","BOSS","M","?","M","$","M"],"build_version":"2019-01-23","purchased_purges":0,"victory":false,"max_hp_per_floor":[75,75,75,75,75,75,75,75,75,75,75,75,75,75,75,75,75,75,75,78,78,78],"card_choices":[{"not_picked":["Power Through","Heavy Blade"],"picked":"Sentinel","floor":1},{"not_picked":["Rupture","Sever Soul"],"picked":"Seeing Red","floor":4},{"not_picked":["True Grit","Havoc"],"picked":"Body Slam","floor":5},{"not_picked":["Burning Pact","Anger"],"picked":"Metallicize","floor":7},{"not_picked":["Blood for Blood","Clash"],"picked":"Rampage","floor":8},{"not_picked":["Offering+1","Limit Break+1"],"picked":"Feed","floor":16},{"not_picked":["Burning Pact+1","Perfected Strike","Sever Soul"],"picked":"SKIP","floor":18},{"not_picked":["Body Slam","Wild Strike"],"picked":"True Grit+1","floor":20}],"player_experience":870843,"relics_obtained":[{"floor":8,"key":"Toxic Egg 2"},{"floor":9,"key":"Art of War"}],"event_choices":[{"damage_healed":0,"gold_gain":0,"player_choice":"Entered Light","damage_taken":15,"max_hp_gain":0,"max_hp_loss":0,"event_name":"Shining Light","floor":2,"gold_loss":0,"cards_upgraded":["Juggernaut","Defend_R"]},{"damage_healed":25,"gold_gain":0,"player_choice":"Banana","damage_taken":0,"max_hp_gain":0,"max_hp_loss":0,"event_name":"Big Fish","floor":10,"gold_loss":0},{"damage_healed":0,"gold_gain":175,"player_choice":"AGREE","damage_taken":0,"max_hp_gain":0,"max_hp_loss":0,"event_name":"Liars Game","floor":13,"gold_loss":0,"cards_obtained":["Doubt"]},{"cards_removed":["Doubt"],"damage_healed":0,"gold_gain":0,"player_choice":"Forget","damage_taken":0,"max_hp_gain":0,"max_hp_loss":0,"event_name":"Living Wall","floor":14,"gold_loss":0},{"damage_healed":0,"gold_gain":100,"player_choice":"Bet on Murderer","damage_taken":0,"max_hp_gain":0,"max_hp_loss":0,"event_name":"The Joust","floor":19,"gold_loss":50}],"is_beta":false,"boss_relics":[{"not_picked":["Busted Crown","Coffee Dripper"],"picked":"Runic Cube"}],"items_purged_floors":[],"is_endless":false,"potions_floor_spawned":[1,4,7,18,20],"killed_by":"Cultist and Chosen","ascension_level":14}