{"gold_per_floor":[116,15,33,33,33,33,45,61,131,146,175,175,191,225,237,328,340,364,376,375,31,46,46,46,59,114,114],"floor_reached":27,"playtime":863,"items_purged":[],"score":383,"play_id":"2d822476-223d-4762-8b15-3d1e2212f422","local_time":"20190402194726","is_ascension_mode":true,"campfire_choices":[{"data":"Uppercut","floor":6,"key":"SMITH"},{"floor":12,"key":"REST"},{"data":"Demon Form","floor":15,"key":"SMITH"},{"floor":23,"key":"REST"}],"neow_cost":"NONE","seed_source_timestamp":381388134715800,"circlet_count":0,"master_deck":["AscendersBane","Strike_R","Strike_R","Strike_R","Strike_R","Strike_R","Defend_R","Defend_R","Defend_R","Defend_R","Bash","Cleave","Uppercut+1","Metallicize","Shrug It Off","Demon Form+1","Ghostly Armor","Barricade","Feel No Pain","Offering","Twin Strike+1","Pain","True Grit","Disarm","Feel No Pain"],"relics":["Burning Blood","NeowsBlessing","Orichalcum","Pantograph","Molten Egg 2","MawBank","Black Star","WarpedTongs","Bottled Tornado","Tiny Chest"],"potions_floor_usage":[18,25,27],"damage_taken":[{"damage":0,"enemies":"Cultist","floor":1,"turns":1},{"damage":0,"enemies":"Jaw Worm","floor":3,"turns":1},{"damage":0,"enemies":"Small Slimes","floor":7,"turns":1},{"damage":3,"enemies":"Red Slaver","floor":8,"turns":4},{"damage":25,"enemies":"Gremlin Gang","floor":10,"turns":6},{"damage":28,"enemies":"Lagavulin","floor":11,"turns":8},{"damage":5,"enemies":"2 Fungi Beasts","floor":13,"turns":5},{"damage":18,"enemies":"Gremlin Nob","floor":14,"turns":4},{"damage":49,"enemies":"Hexaghost","floor":16,"turns":12},{"damage":6,"enemies":"Chosen","floor":18,"turns":4},{"damage":13,"enemies":"2 Thieves","floor":20,"turns":4},{"damage":41,"enemies":"Centurion and Healer","floor":22,"turns":6},{"damage":34,"enemies":"Sentry and Sphere","floor":25,"turns":7},{"damage":15,"enemies":"Gremlin Leader","floor":27,"turns":4}],"seed_played":"2523993448721625759","potions_obtained":[{"floor":8,"key":"GamblersBrew"},{"floor":10,"key":"Fire Potion"},{"floor":14,"key":"PowerPotion"},{"floor":18,"key":"Strength Potion"}],"is_trial":false,"path_per_floor":["M","$","M","?","$","R","M","M","T","M","E","R","M","E","R","B",null,"M","?","M","$","M","R","?","M","T","E"],"character_chosen":"IRONCLAD","items_purchased":["Uppercut","Metallicize","Disarm","Feel No Pain","Bottled Tornado"],"campfire_rested":2,"item_purchase_floors":[2,2,21,21,21],"current_hp_per_floor":[74,74,75,63,63,63,69,72,72,53,31,53,54,42,42,24,62,62,62,55,55,20,42,42,14,14,0],"gold":114,"neow_bonus":"THREE_ENEMY_KILL","is_prod":false,"is_daily":false,"chose_seed":false,"campfire_upgraded":2,"win_rate":0,"timestamp":1554248846,"path_taken":["M","$","?","?","?","R","M","?","T","?","E","R","M","E","R","BOSS","M","?","?","$","?","R","?","M","T","E"],"build_version":"2019-01-23","purchased_purges":0,"victory":false,"max_hp_per_floor":[75,75,75,75,75,75,75,75,75,75,75,75,75,75,75,75,75,75,75,75,75,75,75,75,75,75,75],"card_choices":[{"not_picked":["Body Slam","Havoc"],"picked":"Cleave","floor":1},{"not_picked":["Wild Strike","Second Wind","Body Slam"],"picked":"SKIP","floor":3},{"not_picked":["Iron Wave","Seeing Red"],"picked":"Shrug It Off","floor":7},{"not_picked":["Blood for Blood","Entrench"],"picked":"Demon Form","floor":8},{"not_picked":["Flex","True Grit"],"picked":"Ghostly Armor","floor":10},{"not_picked":["Clash","Heavy Blade"],"picked":"Barricade","floor":11},{"not_picked":["Blood for Blood+1","Warcry","Havoc"],"picked":"SKIP","floor":13},{"not_picked":["True Grit","Whirlwind+1"],"picked":"Feel No Pain","floor":14},{"not_picked":["Berserk","Dark Embrace"],"picked":"Offering","floor":16},{"not_picked":["Clash+1","Warcry+1"],"picked":"Twin Strike+1","floor":18},{"not_picked":["Cleave+1","Wild Strike+1"],"picked":"True Grit","floor":20},{"not_picked":["Clash+1","Shrug It Off","Searing Blow+1"],"picked":"SKIP","floor":22},{"not_picked":["Perfected Strike+1","Combust","Fire Breathing"],"picked":"SKIP","floor":25}],"player_experience":851050,"relics_obtained":[{"floor":9,"key":"Pantograph"},{"floor":11,"key":"Molten Egg 2"},{"floor":14,"key":"MawBank"},{"floor":26,"key":"Tiny Chest"}],"event_choices":[{"damage_healed":0,"gold_gain":0,"player_choice":"Success","damage_taken":12,"relics_obtained":["Orichalcum"],"max_hp_gain":0,"max_hp_loss":0,"event_name":"Scrap Ooze","floor":4,"gold_loss":0},{"damage_healed":0,"gold_gain":0,"player_choice":"Rummage","damage_taken":0,"relics_obtained":["WarpedTongs"],"max_hp_gain":0,"max_hp_loss":0,"event_name":"Accursed Blacksmith","floor":19,"gold_loss":0,"cards_obtained":["Pain"]},{"damage_healed":0,"gold_gain":0,"player_choice":"Ignored","damage_taken":0,"max_hp_gain":0,"max_hp_loss":0,"event_name":"Vampires","floor":24,"gold_loss":0}],"is_beta":false,"boss_relics":[{"not_picked":["Empty Cage","Velvet Choker"],"picked":"Black Star"}],"items_purged_floors":[],"is_endless":false,"potions_floor_spawned":[8,10,11,14,18],"killed_by":"Gremlin Leader","ascension_level":14}