{"gold_per_floor":[119,119,119,130,149,184,359,393,393,423,443,443,463,480,480,480],"floor_reached":16,"playtime":570,"items_purged":[],"score":207,"play_id":"f4f8f747-5ab7-4ca2-98cb-7329180e8560","local_time":"20190410233627","is_ascension_mode":true,"campfire_choices":[{"data":"Spot Weakness","floor":12,"key":"SMITH"},{"floor":15,"key":"REST"}],"neow_cost":"NONE","seed_source_timestamp":228544381115600,"circlet_count":0,"master_deck":["AscendersBane","Strike_R","Strike_R","Strike_R","Strike_R","Strike_R","Defend_R","Defend_R","Defend_R+1","Defend_R","Bash","Blind","Whirlwind+1","PanicButton+1","Spot Weakness+1","Inflame","Body Slam","Doubt","Barricade","Flex","Limit Break","Fire Breathing+1"],"relics":["Burning Blood","War Paint","Pear","Frozen Egg 2"],"potions_floor_usage":[6,13,16,16],"damage_taken":[{"damage":12,"enemies":"2 Louse","floor":1,"turns":4},{"damage":4,"enemies":"Jaw Worm","floor":4,"turns":4},{"damage":0,"enemies":"Cultist","floor":5,"turns":3},{"damage":20,"enemies":"Lagavulin","floor":6,"turns":7},{"damage":27,"enemies":"3 Sentries","floor":8,"turns":5},{"damage":12,"enemies":"Lagavulin","floor":10,"turns":7},{"damage":10,"enemies":"Blue Slaver","floor":11,"turns":4},{"damage":6,"enemies":"Looter","floor":13,"turns":2},{"damage":18,"enemies":"Exordium Thugs","floor":14,"turns":4},{"damage":52,"enemies":"The Guardian","floor":16,"turns":9}],"seed_played":"-755336100554393348","potions_obtained":[{"floor":1,"key":"Swift Potion"},{"floor":5,"key":"AttackPotion"},{"floor":8,"key":"SteroidPotion"},{"floor":14,"key":"Swift Potion"}],"is_trial":false,"path_per_floor":["M","?","?","M","M","E","?","E","T","E","M","R","M","M","R","B"],"character_chosen":"IRONCLAD","items_purchased":[],"campfire_rested":1,"item_purchase_floors":[],"current_hp_per_floor":[62,62,62,64,70,56,56,45,45,39,35,35,35,23,48,0],"gold":480,"neow_bonus":"RANDOM_COLORLESS","is_prod":false,"is_daily":false,"chose_seed":false,"campfire_upgraded":1,"win_rate":0,"timestamp":1554953787,"path_taken":["M","?","?","M","?","E","?","E","T","E","M","R","M","M","R","BOSS"],"build_version":"2019-01-23","purchased_purges":0,"victory":false,"max_hp_per_floor":[75,75,75,75,75,75,75,85,85,85,85,85,85,85,85,85],"card_choices":[{"not_picked":["Flex","Body Slam"],"picked":"Whirlwind","floor":1},{"not_picked":["Flex","Heavy Blade"],"picked":"Spot Weakness","floor":4},{"not_picked":["Dual Wield","Body Slam"],"picked":"Inflame","floor":5},{"not_picked":["Brutality","Fire Breathing"],"picked":"Body Slam","floor":6},{"not_picked":["Feel No Pain","Rampage"],"picked":"Barricade","floor":8},{"not_picked":["Clothesline","Thunderclap"],"picked":"Flex","floor":10},{"not_picked":["Anger","Headbutt","Body Slam"],"picked":"SKIP","floor":11},{"not_picked":["Sever Soul","Metallicize+1"],"picked":"Limit Break","floor":13},{"not_picked":["Thunderclap","Cleave"],"picked":"Fire Breathing+1","floor":14}],"player_experience":871562,"relics_obtained":[{"floor":6,"key":"War Paint"},{"floor":8,"key":"Pear"},{"floor":10,"key":"Frozen Egg 2"}],"event_choices":[{"damage_healed":0,"gold_gain":0,"player_choice":"Grow","damage_taken":0,"max_hp_gain":0,"max_hp_loss":0,"event_name":"Living Wall","floor":2,"gold_loss":0,"cards_upgraded":["Whirlwind"]},{"damage_healed":0,"gold_gain":0,"player_choice":"1 cards matched","damage_taken":0,"max_hp_gain":0,"max_hp_loss":0,"event_name":"Match and Keep!","floor":3,"gold_loss":0,"cards_obtained":["PanicButton"]},{"damage_healed":0,"gold_gain":175,"player_choice":"AGREE","damage_taken":0,"max_hp_gain":0,"max_hp_loss":0,"event_name":"Liars Game","floor":7,"gold_loss":0,"cards_obtained":["Doubt"]}],"is_beta":false,"boss_relics":[],"items_purged_floors":[],"is_endless":false,"potions_floor_spawned":[1,5,8,14],"killed_by":"The Guardian","ascension_level":14}