{"gold_per_floor":[116,116,191,22,22,22,54,54,54,54,85,102,114,129,129,203,203,222,222,15,31,48,48,67,80,80,16,16,49,69,69,69,142,142,161,11,25,25,35,35,62,109,164,164],"floor_reached":44,"playtime":1579,"items_purged":[],"score":817,"play_id":"f2ddb39c-9951-4636-9d66-74f12ea93bbd","local_time":"20190412230414","is_ascension_mode":true,"campfire_choices":[{"floor":6,"key":"REST"},{"floor":8,"key":"REST"},{"floor":10,"key":"RECALL"},{"floor":15,"key":"REST"},{"data":"Limit Break","floor":23,"key":"SMITH"},{"floor":28,"key":"REST"},{"floor":32,"key":"REST"},{"data":"Inflame","floor":40,"key":"SMITH"}],"neow_cost":"PERCENT_DAMAGE","seed_source_timestamp":398405146707000,"circlet_count":0,"master_deck":["AscendersBane","Strike_R","Strike_R","Defend_R","Defend_R","Bash","Sentinel","Double Tap","Ghostly Armor","Apotheosis+1","Metallicize","Hemokinesis","Iron Wave","Whirlwind","Inflame+1","Limit Break+1","Immolate+1","Metallicize+1","Intimidate+1","Inflame","Deep Breath","Pummel+1","Body Slam+1","Metallicize","Trip","Limit Break+1","Reaper","Metallicize","Disarm","Pummel"],"relics":["Burning Blood","Singing Bowl","Du-Vu Doll","Magic Flower","Strawberry","Astrolabe","Membership Card","Mummified Hand","Juzu Bracelet","Black Star","Bird Faced Urn","PreservedInsect","Potion Belt","Incense Burner"],"potions_floor_usage":[7,14,16,22,44],"damage_taken":[{"damage":6,"enemies":"Cultist","floor":1,"turns":4},{"damage":27,"enemies":"Gremlin Nob","floor":7,"turns":4},{"damage":36,"enemies":"Lagavulin","floor":11,"turns":8},{"damage":9,"enemies":"2 Louse","floor":12,"turns":2},{"damage":5,"enemies":"Small Slimes","floor":13,"turns":4},{"damage":35,"enemies":"Exordium Thugs","floor":14,"turns":7},{"damage":26,"enemies":"Hexaghost","floor":16,"turns":11},{"damage":11,"enemies":"Spheric Guardian","floor":18,"turns":3},{"damage":11,"enemies":"Shell Parasite","floor":21,"turns":8},{"damage":14,"enemies":"Chosen and Byrds","floor":22,"turns":6},{"damage":22,"enemies":"Snecko","floor":24,"turns":4},{"damage":16,"enemies":"3 Cultists","floor":25,"turns":4},{"damage":16,"enemies":"Gremlin Leader","floor":29,"turns":6},{"damage":29,"enemies":"Snake Plant","floor":30,"turns":3},{"damage":18,"enemies":"Champ","floor":33,"turns":4},{"damage":27,"enemies":"3 Darklings","floor":35,"turns":4},{"damage":25,"enemies":"Orb Walker","floor":37,"turns":4},{"damage":13,"enemies":"3 Darklings","floor":39,"turns":5},{"damage":36,"enemies":"Giant Head","floor":41,"turns":8},{"damage":88,"enemies":"2 Orb Walkers","floor":42,"turns":6},{"damage":79,"enemies":"Reptomancer","floor":44,"turns":5}],"seed_played":"-4813509762242232777","potions_obtained":[{"floor":1,"key":"PowerPotion"},{"floor":7,"key":"BloodPotion"},{"floor":12,"key":"Strength Potion"},{"floor":16,"key":"Swift Potion"},{"floor":21,"key":"BloodPotion"},{"floor":24,"key":"Poison Potion"},{"floor":25,"key":"LiquidBronze"}],"is_trial":false,"path_per_floor":["M","?","?","$","?","R","E","R","T","R","E","M","M","M","R","B",null,"M","?","$","M","M","R","M","M","T","$","R","E","M","?","R","B",null,"M","$","M","?","M","R","E","?","T","E"],"character_chosen":"IRONCLAD","items_purchased":["Apotheosis","Membership Card","Metallicize","Trip","Bird Faced Urn"],"campfire_rested":5,"item_purchase_floors":[4,20,27,27,36],"current_hp_per_floor":[50,38,27,27,27,49,28,50,50,50,30,30,34,20,44,27,68,66,66,66,66,63,63,50,43,43,43,68,63,45,45,72,63,83,65,65,79,79,86,86,87,39,39,0],"gold":164,"neow_bonus":"TRANSFORM_TWO_CARDS","is_prod":false,"is_daily":false,"chose_seed":false,"campfire_upgraded":2,"win_rate":0,"timestamp":1555124654,"path_taken":["M","?","?","$","?","R","E","R","T","R","E","?","M","M","R","BOSS","M","?","?","M","M","R","M","?","T","$","R","E","M","?","R","BOSS","M","$","M","?","M","R","E","?","T","E"],"build_version":"2019-01-23","purchased_purges":0,"victory":false,"max_hp_per_floor":[75,75,75,75,75,75,75,75,75,75,82,82,82,82,82,82,82,82,82,82,84,86,86,86,86,86,86,86,88,90,90,90,90,90,90,90,90,85,87,87,87,89,89,89],"card_choices":[{"not_picked":["Wild Strike","Shrug It Off"],"picked":"Ghostly Armor","floor":1},{"not_picked":["Body Slam","Immolate"],"picked":"Metallicize","floor":7},{"not_picked":["Warcry","Anger"],"picked":"Hemokinesis","floor":11},{"not_picked":["Ghostly Armor","Havoc"],"picked":"Iron Wave","floor":12},{"not_picked":["Anger","Thunderclap"],"picked":"Whirlwind","floor":13},{"not_picked":["Immolate","Pummel"],"picked":"Inflame","floor":14},{"not_picked":["Dark Embrace","Exhume"],"picked":"Limit Break","floor":16},{"not_picked":["Searing Blow+1","Combust"],"picked":"Inflame","floor":18},{"not_picked":["Sever Soul","Headbutt","Sword Boomerang"],"picked":"Singing Bowl","floor":21},{"not_picked":["True Grit","Flex","Intimidate"],"picked":"Singing Bowl","floor":22},{"not_picked":["Havoc","Warcry"],"picked":"Pummel+1","floor":24},{"not_picked":["Shockwave","Fire Breathing"],"picked":"Body Slam+1","floor":25},{"not_picked":["Armaments","Clothesline","Headbutt"],"picked":"Singing Bowl","floor":29},{"not_picked":["Anger+1","Reckless Charge+1","Wild Strike"],"picked":"Singing Bowl","floor":30},{"not_picked":["Feed","Demon Form"],"picked":"Reaper","floor":33},{"not_picked":["Perfected Strike+1","Anger"],"picked":"Metallicize","floor":35},{"not_picked":["Pummel","Corruption"],"picked":"Disarm","floor":37},{"not_picked":["Rage","Whirlwind","Body Slam"],"picked":"Singing Bowl","floor":39},{"not_picked":["Feel No Pain","Fiend Fire"],"picked":"Pummel","floor":41},{"not_picked":["Sword Boomerang","Burning Pact","Havoc"],"picked":"Singing Bowl","floor":42}],"player_experience":879825,"relics_obtained":[{"floor":7,"key":"Du-Vu Doll"},{"floor":9,"key":"Magic Flower"},{"floor":11,"key":"Strawberry"},{"floor":26,"key":"Mummified Hand"},{"floor":29,"key":"Juzu Bracelet"},{"floor":41,"key":"PreservedInsect"},{"floor":41,"key":"Potion Belt"},{"floor":42,"key":"Incense Burner"}],"event_choices":[{"damage_healed":0,"gold_gain":0,"player_choice":"Success","damage_taken":12,"relics_obtained":["Singing Bowl"],"max_hp_gain":0,"max_hp_loss":0,"event_name":"Scrap Ooze","floor":2,"gold_loss":0},{"damage_healed":0,"gold_gain":75,"player_choice":"Gather Gold","damage_taken":11,"max_hp_gain":0,"max_hp_loss":0,"event_name":"World of Goop","floor":3,"gold_loss":0},{"damage_healed":0,"gold_gain":0,"player_choice":"Forge","damage_taken":0,"max_hp_gain":0,"max_hp_loss":0,"event_name":"Accursed Blacksmith","floor":5,"gold_loss":0,"cards_upgraded":["Apotheosis"]},{"damage_healed":0,"gold_gain":0,"player_choice":"1 cards matched","damage_taken":0,"max_hp_gain":0,"max_hp_loss":0,"event_name":"Match and Keep!","floor":19,"gold_loss":0,"cards_obtained":["Deep Breath"]},{"damage_healed":0,"gold_gain":0,"player_choice":"Copied","damage_taken":0,"max_hp_gain":0,"max_hp_loss":0,"event_name":"Duplicator","floor":31,"gold_loss":0,"cards_obtained":["Limit Break"]},{"damage_healed":0,"gold_gain":0,"player_choice":"Max HP","damage_taken":0,"max_hp_gain":0,"max_hp_loss":5,"event_name":"Winding Halls","floor":38,"gold_loss":0},{"damage_healed":0,"gold_gain":0,"player_choice":"Fight","damage_taken":0,"max_hp_gain":0,"max_hp_loss":0,"event_name":"Mysterious Sphere","floor":42,"gold_loss":0}],"is_beta":false,"boss_relics":[{"not_picked":["Orrery","Eternal Feather"],"picked":"Astrolabe"},{"not_picked":["White Beast Statue","Empty Cage"],"picked":"Black Star"}],"items_purged_floors":[],"is_endless":false,"potions_floor_spawned":[1,7,12,16,21,24,25,37],"killed_by":"Reptomancer","ascension_level":14}