{"gold_per_floor":[117,131,131,147,158,158,183,183,183,183,16,16,16,16,16,95,95,109,324,423,698,15,47,62,62,62,62,82,82,109,123,123,200,200,219,1218,1218,486,486,516,99,99],"floor_reached":42,"playtime":1405,"items_purged":["Regret","Regret","Normality","Normality"],"score":904,"play_id":"3c6edd85-4e33-4a76-9486-c07ca867758c","local_time":"20190411230357","is_ascension_mode":true,"campfire_choices":[{"data":"Inflame","floor":6.0,"key":"SMITH"},{"floor":10.0,"key":"REST"},{"floor":13.0,"key":"REST"},{"data":"Parasite","floor":15.0,"key":"PURGE"},{"data":"Strike_R","floor":25.0,"key":"PURGE"},{"data":"Defend_R","floor":29.0,"key":"PURGE"},{"data":"Strike_R","floor":32.0,"key":"PURGE"}],"neow_cost":"CURSE","seed_source_timestamp":311920675122600,"circlet_count":0,"master_deck":["AscendersBane","Strike_R","Defend_R+1","Defend_R","Defend_R","Bash","Sword Boomerang","Inflame+1","Bloodletting","Anger","Reaper","Disarm+1","Shrug It Off","Feel No Pain","Apotheosis","Flash of Steel","Disarm+1","Rampage","Rage","Offering","Heavy Blade","Battle Trance","Panacea"],"special_seed":0,"relics":["Burning Blood","FossilizedHelix","Shuriken","Singing Bowl","The Courier","Question Card","Peace Pipe","Empty Cage","Old Coin","Membership Card","PreservedInsect","Letter Opener","War Paint","Kunai","Vajra","Strawberry","Bird Faced Urn","Black Star","Pear","Potion Belt","Juzu Bracelet","HandDrill","Omamori","Bronze Scales","Frozen Egg 2","Red Skull","Lantern","Ancient Tea Set","Regal Pillow","Nunchaku","Sundial","Charon\u0027s Ashes"],"potions_floor_usage":[],"damage_taken":[{"damage":0.0,"enemies":"Cultist","floor":1.0,"turns":4.0},{"damage":0.0,"enemies":"Small Slimes","floor":2.0,"turns":4.0},{"damage":8.0,"enemies":"2 Louse","floor":4.0,"turns":3.0},{"damage":29.0,"enemies":"Exordium Wildlife","floor":5.0,"turns":5.0},{"damage":25.0,"enemies":"Lagavulin","floor":7.0,"turns":6.0},{"damage":36.0,"enemies":"Hexaghost","floor":16.0,"turns":10.0},{"damage":7.0,"enemies":"Chosen","floor":18.0,"turns":5.0},{"damage":22.0,"enemies":"Gremlin Leader","floor":23.0,"turns":7.0},{"damage":11.0,"enemies":"Shell Parasite","floor":24.0,"turns":7.0},{"damage":16.0,"enemies":"Snecko","floor":28.0,"turns":6.0},{"damage":7.0,"enemies":"Book of Stabbing","floor":30.0,"turns":5.0},{"damage":4.0,"enemies":"Snake Plant","floor":31.0,"turns":5.0},{"damage":60.0,"enemies":"Champ","floor":33.0,"turns":11.0},{"damage":16.0,"enemies":"Orb Walker","floor":35.0,"turns":5.0},{"damage":85.0,"enemies":"Reptomancer","floor":40.0,"turns":7.0},{"damage":44,"enemies":"Nemesis","floor":42,"turns":2}],"seed_played":"3415808907726640062","potions_obtained":[{"floor":2.0,"key":"Poison Potion"},{"floor":16.0,"key":"PowerPotion"},{"floor":24.0,"key":"SkillPotion"},{"floor":35.0,"key":"GamblersBrew"}],"is_trial":false,"path_per_floor":["M","M","?","M","M","R","E","?","T","R","$","?","R","T","R","B",null,"M","?","?","?","$","E","M","R","T","?","M","R","E","M","R","B",null,"M","?","?","$","?","E","$","E"],"character_chosen":"IRONCLAD","items_purchased":["Disarm","Shrug It Off","Membership Card","Apotheosis","PreservedInsect","Letter Opener","War Paint","Kunai","Flash of Steel","Pear","Potion Belt","Battle Trance","Juzu Bracelet","HandDrill","Omamori","Bronze Scales","Frozen Egg 2","Red Skull","Lantern","Nunchaku","Sundial","Charon\u0027s Ashes"],"campfire_rested":2,"item_purchase_floors":[11,11,22,22,22,22,22,22,22,38,38,38,38,38,38,38,38,38,38,41,41,41],"current_hp_per_floor":[74,75,75,73,50,50,31,6,6,28,28,28,50,50,50,30,62,65,65,65,65,65,67,64,64,71,93,83,83,93,93,93,56,84,89,89,89,99,99,42,42,0],"gold":99,"neow_bonus":"ONE_RARE_RELIC","is_prod":false,"is_daily":false,"chose_seed":false,"campfire_upgraded":1,"win_rate":0,"timestamp":1555038237,"path_taken":["M","?","?","M","M","R","E","?","T","R","$","?","R","?","R","BOSS","M","?","?","?","$","E","?","R","T","?","?","R","E","M","R","BOSS","M","?","?","$","?","E","$","E"],"build_version":"2019-01-23","purchased_purges":4,"victory":false,"max_hp_per_floor":[75,75,75,75,75,75,75,75,75,75,75,75,75,75,72,72,72,72,72,72,72,72,74,76,76,83,93,93,93,93,93,93,93,93,93,93,93,103,103,105,105,105],"card_choices":[{"not_picked":["True Grit","Blood for Blood"],"picked":"Sword Boomerang","floor":1.0},{"not_picked":["Wild Strike","Seeing Red"],"picked":"Inflame","floor":2.0},{"not_picked":["Headbutt","Combust"],"picked":"Bloodletting","floor":4.0},{"not_picked":["Pommel Strike","Wild Strike"],"picked":"Anger","floor":5.0},{"not_picked":["Sword Boomerang","Cleave"],"picked":"Reaper","floor":7.0},{"not_picked":["Immolate","Offering","Fiend Fire"],"picked":"Barricade","floor":16.0},{"not_picked":["Clash","Bloodletting+1","Cleave"],"picked":"Feel No Pain","floor":18.0},{"not_picked":["Burning Pact","Immolate","Pummel","Reckless Charge"],"picked":"Singing Bowl","floor":23.0},{"not_picked":["Rupture","Sentinel","Shrug It Off+1","Thunderclap"],"picked":"Singing Bowl","floor":24.0},{"not_picked":["Flex","Heavy Blade+1","Warcry"],"picked":"Disarm+1","floor":28.0},{"not_picked":["Armaments","Corruption","Cleave"],"picked":"Rampage","floor":30.0},{"not_picked":["Dropkick","Shrug It Off","Flex"],"picked":"Rage","floor":31.0},{"not_picked":["Feed","Berserk","Impervious"],"picked":"Offering","floor":33.0},{"not_picked":["Pommel Strike","Blood for Blood","Seeing Red"],"picked":"Heavy Blade","floor":35.0},{"not_picked":["Good Instincts","Enlightenment","Thinking Ahead"],"picked":"Panacea","floor":39.0},{"not_picked":["Reckless Charge","Body Slam+1","Wild Strike","Perfected Strike"],"picked":"Singing Bowl","floor":40.0}],"player_experience":876845,"relics_obtained":[{"floor":7.0,"key":"Singing Bowl"},{"floor":9.0,"key":"Question Card"},{"floor":14.0,"key":"Peace Pipe"},{"floor":23.0,"key":"Vajra"},{"floor":26.0,"key":"Strawberry"},{"floor":30.0,"key":"Bird Faced Urn"},{"floor":40.0,"key":"Ancient Tea Set"},{"floor":40.0,"key":"Regal Pillow"}],"event_choices":[{"damage_healed":0.0,"max_hp_gain":0.0,"max_hp_loss":0.0,"gold_gain":0.0,"event_name":"Big Fish","player_choice":"Box","floor":3.0,"gold_loss":0.0,"damage_taken":0.0,"relics_obtained":["Shuriken"],"cards_obtained":["Regret"]},{"damage_healed":0.0,"max_hp_gain":0.0,"max_hp_loss":0.0,"gold_gain":0.0,"event_name":"Scrap Ooze","player_choice":"Success","floor":8.0,"gold_loss":0.0,"damage_taken":25.0,"relics_obtained":["The Courier"]},{"damage_healed":0.0,"max_hp_gain":0.0,"max_hp_loss":0.0,"gold_gain":0.0,"event_name":"The Cleric","player_choice":"Leave","floor":12.0,"gold_loss":0.0,"damage_taken":0.0},{"damage_healed":0.0,"max_hp_gain":0.0,"max_hp_loss":0.0,"gold_gain":0.0,"event_name":"Addict","player_choice":"Obtained Relic","floor":19.0,"gold_loss":85.0,"damage_taken":0.0,"relics_obtained":["Old Coin"]},{"damage_healed":0.0,"max_hp_gain":0.0,"max_hp_loss":0.0,"gold_gain":99.0,"event_name":"Nest","player_choice":"Stole From Cult","floor":20.0,"gold_loss":0.0,"damage_taken":0.0},{"damage_healed":0.0,"max_hp_gain":0.0,"max_hp_loss":0.0,"gold_gain":275.0,"event_name":"Golden Shrine","player_choice":"Desecrate","floor":21.0,"gold_loss":0.0,"damage_taken":0.0,"cards_obtained":["Regret"]},{"cards_removed":["Barricade"],"damage_healed":12.0,"max_hp_gain":10.0,"max_hp_loss":0.0,"gold_gain":0.0,"event_name":"Bonfire Elementals","player_choice":"Offered Rare","floor":27.0,"gold_loss":0.0,"damage_taken":0.0},{"damage_healed":0.0,"max_hp_gain":0.0,"max_hp_loss":0.0,"gold_gain":999.0,"event_name":"MindBloom","player_choice":"Gold","floor":36.0,"gold_loss":0.0,"damage_taken":0.0,"cards_obtained":["Normality","Normality"]},{"damage_healed":0.0,"max_hp_gain":0.0,"max_hp_loss":0.0,"gold_gain":0.0,"event_name":"Tomb of Lord Red Mask","player_choice":"Ignored","floor":37.0,"gold_loss":0.0,"damage_taken":0.0},{"damage_healed":0.0,"max_hp_gain":0.0,"max_hp_loss":0.0,"gold_gain":0.0,"event_name":"SensoryStone","player_choice":"Memory 1","floor":39.0,"gold_loss":0.0,"damage_taken":0.0}],"is_beta":false,"boss_relics":[{"not_picked":["Cursed Key","Runic Pyramid"],"picked":"Empty Cage"},{"not_picked":["Mark of Pain","Philosopher\u0027s Stone"],"picked":"Black Star"}],"items_purged_floors":[11,22,38,41],"is_endless":false,"potions_floor_spawned":[2,16,24,31,35],"killed_by":"Nemesis","ascension_level":14}