{"gold_per_floor":[115,41,55,55,69,69,97,97,150,180,180,180,180,32,32,109,109,124,142,142,142,153,153,178,178,233,233,233,233,332,350,350,350],"floor_reached":33,"playtime":890,"items_purged":["Parasite"],"score":457,"play_id":"dbff9ca8-b943-4657-8d7a-c3517ef3703c","local_time":"20190414183041","is_ascension_mode":true,"campfire_choices":[{"data":"Bludgeon","floor":6,"key":"SMITH"},{"data":"Bash","floor":8,"key":"SMITH"},{"data":"Shrug It Off","floor":13,"key":"SMITH"},{"floor":15,"key":"REST"},{"floor":23,"key":"REST"},{"data":"Double Tap","floor":25,"key":"SMITH"},{"floor":32,"key":"REST"}],"neow_cost":"NONE","seed_source_timestamp":555480683115400,"circlet_count":0,"master_deck":["AscendersBane","Strike_R+1","Strike_R+1","Strike_R+1","Strike_R+1","Strike_R+1","Defend_R+1","Defend_R+1","Defend_R+1","Defend_R+1","Bash+1","Bludgeon+1","Dropkick","Ghostly Armor","Evolve","Clash","Shrug It Off+1","Dropkick","Spot Weakness","Double Tap+1","Thunderclap","Shockwave","Armaments+1","Thunderclap"],"relics":["Burning Blood","Bronze Scales","Red Skull","Ice Cream","Lizard Tail","Enchiridion","Pocketwatch","Juzu Bracelet"],"potions_floor_usage":[22,29,33],"damage_taken":[{"damage":0,"enemies":"Cultist","floor":1,"turns":2},{"damage":2,"enemies":"2 Louse","floor":3,"turns":4},{"damage":3,"enemies":"Small Slimes","floor":5,"turns":2},{"damage":27,"enemies":"Gremlin Nob","floor":7,"turns":4},{"damage":40,"enemies":"Lagavulin","floor":10,"turns":7},{"damage":36,"enemies":"The Guardian","floor":16,"turns":7},{"damage":40,"enemies":"2 Thieves","floor":18,"turns":5},{"damage":0,"enemies":"Spheric Guardian","floor":19,"turns":3},{"damage":20,"enemies":"Snake Plant","floor":22,"turns":4},{"damage":44,"enemies":"Book of Stabbing","floor":24,"turns":7},{"damage":4,"enemies":"Colosseum Slavers","floor":29,"turns":3},{"damage":1,"enemies":"3 Cultists","floor":31,"turns":3},{"damage":61,"enemies":"Collector","floor":33,"turns":8}],"seed_played":"-2630840707403241780","potions_obtained":[{"floor":7,"key":"Swift Potion"},{"floor":16,"key":"Fire Potion"},{"floor":24,"key":"AttackPotion"},{"floor":31,"key":"Poison Potion"}],"is_trial":false,"path_per_floor":["M","$","M","?","M","R","E","R","T","E","?","T","R","$","R","B",null,"M","M","?","?","M","R","E","R","T","?","?","?","?","M","R","B"],"character_chosen":"IRONCLAD","items_purchased":["Ghostly Armor","Spot Weakness"],"campfire_rested":3,"item_purchase_floors":[2,14],"current_hp_per_floor":[74,74,75,80,80,80,59,59,59,25,45,45,45,45,68,38,67,33,39,39,23,9,32,36,36,36,36,22,24,24,29,53,0],"gold":350,"neow_bonus":"ONE_RANDOM_RARE_CARD","is_prod":false,"is_daily":false,"chose_seed":false,"campfire_upgraded":4,"win_rate":0,"timestamp":1555281041,"path_taken":["M","$","?","?","M","R","E","R","T","E","?","?","R","?","R","BOSS","M","M","?","?","M","R","E","R","T","?","?","?","?","M","R","BOSS"],"build_version":"2019-01-23","purchased_purges":1,"victory":false,"max_hp_per_floor":[75,75,75,80,80,80,80,80,80,80,80,80,80,77,77,77,77,77,77,77,77,77,77,77,77,77,77,82,82,82,82,82,82],"card_choices":[{"not_picked":["Twin Strike","Heavy Blade"],"picked":"Dropkick","floor":1},{"not_picked":["Flex","Pommel Strike"],"picked":"Evolve","floor":3},{"not_picked":["Body Slam","Flame Barrier"],"picked":"Clash","floor":5},{"not_picked":["Burning Pact","Evolve"],"picked":"Shrug It Off","floor":7},{"not_picked":["Rampage","Sword Boomerang"],"picked":"Dropkick","floor":10},{"not_picked":["Dark Embrace","Immolate"],"picked":"Double Tap","floor":16},{"not_picked":["Shrug It Off","Perfected Strike"],"picked":"Thunderclap","floor":18},{"not_picked":["Warcry","Sever Soul"],"picked":"Shockwave","floor":19},{"not_picked":["Entrench","True Grit"],"picked":"Armaments+1","floor":22},{"not_picked":["Clash","Armaments+1"],"picked":"Thunderclap","floor":24},{"not_picked":["Evolve","Clothesline","Sword Boomerang"],"picked":"SKIP","floor":31}],"player_experience":894667,"relics_obtained":[{"floor":7,"key":"Bronze Scales"},{"floor":9,"key":"Red Skull"},{"floor":10,"key":"Ice Cream"},{"floor":21,"key":"Enchiridion"},{"floor":24,"key":"Pocketwatch"},{"floor":26,"key":"Juzu Bracelet"}],"event_choices":[{"damage_healed":0,"gold_gain":0,"player_choice":"Donut","damage_taken":0,"max_hp_gain":5,"max_hp_loss":0,"event_name":"Big Fish","floor":4,"gold_loss":0},{"damage_healed":20,"gold_gain":0,"player_choice":"Healed and dodged fight","damage_taken":0,"max_hp_gain":0,"max_hp_loss":0,"event_name":"Mushrooms","floor":11,"gold_loss":0,"cards_obtained":["Parasite"]},{"damage_healed":0,"gold_gain":0,"player_choice":"Simplicity","damage_taken":0,"max_hp_gain":0,"max_hp_loss":0,"event_name":"Back to Basics","floor":20,"gold_loss":0,"cards_upgraded":["Strike_R","Strike_R","Strike_R","Strike_R","Strike_R","Defend_R","Defend_R","Defend_R","Defend_R"]},{"damage_healed":0,"gold_gain":0,"player_choice":"Obtained Book","damage_taken":16,"max_hp_gain":0,"max_hp_loss":0,"event_name":"Cursed Tome","floor":21,"gold_loss":0},{"damage_healed":0,"gold_gain":0,"player_choice":"Ignored","damage_taken":0,"max_hp_gain":0,"max_hp_loss":0,"event_name":"Ghosts","floor":27,"gold_loss":0},{"damage_healed":0,"gold_gain":0,"player_choice":"Shed Blood","damage_taken":19,"max_hp_gain":5,"max_hp_loss":0,"event_name":"Forgotten Altar","floor":28,"gold_loss":0},{"damage_healed":0,"gold_gain":0,"player_choice":"Fight","damage_taken":0,"max_hp_gain":0,"max_hp_loss":0,"event_name":"Colosseum","floor":29,"gold_loss":0},{"damage_healed":0,"gold_gain":0,"player_choice":"Fled From Nobs","damage_taken":0,"max_hp_gain":0,"max_hp_loss":0,"event_name":"Colosseum","floor":29,"gold_loss":0},{"damage_healed":0,"gold_gain":99,"player_choice":"Stole From Cult","damage_taken":0,"max_hp_gain":0,"max_hp_loss":0,"event_name":"Nest","floor":30,"gold_loss":0}],"is_beta":false,"boss_relics":[{"not_picked":["Busted Crown","Cursed Key"],"picked":"Lizard Tail"}],"items_purged_floors":[14],"is_endless":false,"potions_floor_spawned":[7,16,24,31],"killed_by":"Collector","ascension_level":14}