{"gold_per_floor":[10,10,25,100,100,140,140,140,140,140,163,163,163,39,39,135,135,158,177,29,42,66,66,102,102,102,135,159,159,172,188,188,188],"floor_reached":33,"playtime":1336,"items_purged":[],"score":485,"play_id":"4426bdfe-af86-4351-bd7e-a8b82d01535d","local_time":"20190414161521","is_ascension_mode":true,"campfire_choices":[{"floor":8.0,"key":"REST"},{"data":"Shockwave","floor":10.0,"key":"SMITH"},{"data":"Anger","floor":12.0,"key":"SMITH"},{"floor":15.0,"key":"REST"},{"data":"Inflame","floor":23,"key":"SMITH"},{"floor":25,"key":"REST"},{"floor":29,"key":"REST"},{"floor":32,"key":"REST"}],"neow_cost":"NO_GOLD","seed_source_timestamp":546901510212200,"circlet_count":0,"master_deck":["AscendersBane","Strike_R","Strike_R","Defend_R","Defend_R+1","Defend_R+1","Defend_R","Bash","Intimidate","Shockwave+1","Anger+1","Armaments+1","Inflame+1","Iron Wave","Barricade","Immolate+1","Power Through+1","Infernal Blade+1","Evolve","Burning Pact+1","Limit Break+1","Metallicize","Heavy Blade","Entrench+1","Offering+1","Spot Weakness+1","Infernal Blade+1"],"special_seed":0,"relics":["Burning Blood","Nunchaku","Golden Idol","Bag of Preparation","Toxic Egg 2","Astrolabe","Ancient Tea Set","Bronze Scales"],"potions_floor_usage":[24,24,30,31],"damage_taken":[{"damage":7.0,"enemies":"2 Louse","floor":1.0,"turns":3.0},{"damage":1.0,"enemies":"Small Slimes","floor":3.0,"turns":4.0},{"damage":56.0,"enemies":"Lagavulin","floor":6.0,"turns":8.0},{"damage":0.0,"enemies":"Cultist","floor":11.0,"turns":3.0},{"damage":42.0,"enemies":"The Guardian","floor":16.0,"turns":13.0},{"damage":5.0,"enemies":"Spheric Guardian","floor":18.0,"turns":5.0},{"damage":6.0,"enemies":"2 Thieves","floor":19.0,"turns":4.0},{"damage":19.0,"enemies":"Centurion and Healer","floor":21.0,"turns":8.0},{"damage":5.0,"enemies":"Snecko","floor":22.0,"turns":6.0},{"damage":41,"enemies":"Slavers","floor":24,"turns":6},{"damage":11,"enemies":"Gremlin Leader","floor":27,"turns":8},{"damage":14,"enemies":"Cultist and Chosen","floor":28,"turns":7},{"damage":8,"enemies":"3 Cultists","floor":30,"turns":2},{"damage":12,"enemies":"Snake Plant","floor":31,"turns":4},{"damage":69,"enemies":"Automaton","floor":33,"turns":8}],"seed_played":"-3615362391986817669","potions_obtained":[{"floor":1.0,"key":"BloodPotion"},{"floor":3.0,"key":"FearPotion"},{"floor":19.0,"key":"SpeedPotion"},{"floor":24,"key":"Block Potion"},{"floor":28,"key":"PowerPotion"}],"is_trial":false,"path_per_floor":["M","?","M","?","?","E","?","R","T","R","M","R","?","$","R","B",null,"M","M","$","M","M","R","E","R","T","E","M","R","M","M","R","B"],"character_chosen":"IRONCLAD","items_purchased":["Inflame","Iron Wave","Limit Break+1","Metallicize"],"campfire_rested":5,"item_purchase_floors":[14,14,20,20],"current_hp_per_floor":[67,67,72,61,61,11,11,33,33,33,39,39,24,24,46,10,59,60,60,60,47,48,48,20,42,42,37,29,51,49,43,65,0],"gold":188,"neow_bonus":"ONE_RARE_RELIC","is_prod":false,"is_daily":false,"chose_seed":false,"campfire_upgraded":3,"win_rate":0,"timestamp":1555272921,"path_taken":["M","?","M","?","?","E","?","R","T","R","?","R","?","?","R","BOSS","M","M","$","M","M","R","E","R","T","E","M","R","M","M","R","BOSS"],"build_version":"2019-01-23","purchased_purges":0,"victory":false,"max_hp_per_floor":[75,75,75,75,75,75,75,75,75,75,75,75,75,75,75,75,75,75,75,75,75,75,75,75,75,75,75,75,75,75,75,75,75],"card_choices":[{"not_picked":["Carnage","Iron Wave"],"picked":"Intimidate","floor":1.0},{"not_picked":["Rage","Flex"],"picked":"Shockwave","floor":3.0},{"not_picked":["Hemokinesis","True Grit"],"picked":"Anger","floor":6.0},{"not_picked":["Wild Strike","Clash"],"picked":"Armaments+1","floor":11.0},{"not_picked":["Immolate","Fiend Fire"],"picked":"Barricade","floor":16.0},{"not_picked":["Flex+1","Iron Wave"],"picked":"Evolve","floor":18.0},{"not_picked":["Anger","Cleave+1"],"picked":"Burning Pact+1","floor":19.0},{"not_picked":["Anger","Rampage"],"picked":"Heavy Blade","floor":21.0},{"not_picked":["Sword Boomerang","Disarm+1"],"picked":"Entrench+1","floor":22},{"not_picked":["Rupture","Searing Blow+1"],"picked":"Offering+1","floor":24},{"not_picked":["Rupture","Searing Blow","Carnage"],"picked":"SKIP","floor":27},{"not_picked":["Perfected Strike","Havoc+1"],"picked":"Spot Weakness+1","floor":28},{"not_picked":["Heavy Blade","Corruption","Headbutt"],"picked":"SKIP","floor":30},{"not_picked":["Sword Boomerang","Anger"],"picked":"Infernal Blade+1","floor":31}],"player_experience":893331,"relics_obtained":[{"floor":6.0,"key":"Bag of Preparation"},{"floor":9.0,"key":"Toxic Egg 2"},{"floor":24,"key":"Ancient Tea Set"},{"floor":27,"key":"Bronze Scales"}],"event_choices":[{"damage_healed":0.0,"max_hp_gain":0.0,"max_hp_loss":0.0,"gold_gain":0.0,"event_name":"The Cleric","player_choice":"Leave","floor":2.0,"gold_loss":0.0,"damage_taken":0.0},{"damage_healed":0.0,"max_hp_gain":0.0,"max_hp_loss":0.0,"gold_gain":75.0,"event_name":"World of Goop","player_choice":"Gather Gold","floor":4.0,"gold_loss":0.0,"damage_taken":11.0},{"damage_healed":0.0,"max_hp_gain":0.0,"max_hp_loss":0.0,"gold_gain":0.0,"event_name":"Golden Idol","player_choice":"Take Wound","floor":5.0,"gold_loss":0.0,"damage_taken":0.0,"relics_obtained":["Golden Idol"],"cards_obtained":["Injury"]},{"cards_removed":["Injury"],"damage_healed":0.0,"max_hp_gain":0.0,"max_hp_loss":0.0,"gold_gain":0.0,"event_name":"Fountain of Cleansing","player_choice":"Removed Curses","floor":7.0,"gold_loss":0.0,"damage_taken":0.0},{"damage_healed":0.0,"max_hp_gain":0.0,"max_hp_loss":0.0,"gold_gain":0.0,"event_name":"Shining Light","player_choice":"Entered Light","floor":13.0,"gold_loss":0.0,"damage_taken":15.0,"cards_upgraded":["Defend_R","Defend_R"]}],"is_beta":false,"boss_relics":[{"not_picked":["Philosopher\u0027s Stone","Empty Cage"],"picked":"Astrolabe"}],"items_purged_floors":[],"is_endless":false,"potions_floor_spawned":[1,3,19,22,24,28],"killed_by":"Automaton","ascension_level":14}