{"gold_per_floor":[114,134,16,16,16,44,44,44,70,70,70,86,111,151,151,151],"floor_reached":16,"playtime":582,"items_purged":[],"score":189,"play_id":"7ec087f1-6709-48e7-aa3a-cad4a484afbd","local_time":"20190503214539","is_ascension_mode":true,"campfire_choices":[{"floor":7,"key":"REST"},{"data":"Jack Of All Trades","floor":10,"key":"SMITH"},{"floor":15,"key":"REST"}],"neow_cost":"NONE","seed_source_timestamp":170779270435500,"circlet_count":0,"master_deck":["AscendersBane","Strike_R+1","Strike_R","Strike_R","Strike_R+1","Defend_R","Defend_R","Defend_R+1","Defend_R+1","Bash","Disarm","Clothesline","Twin Strike","Jack Of All Trades+1","Exhume","Injury","Armaments","Seeing Red","Power Through","Body Slam"],"relics":["Burning Blood","War Paint","The Courier","Golden Idol","Strawberry","Dream Catcher"],"potions_floor_usage":[14,16],"damage_taken":[{"damage":0,"enemies":"Cultist","floor":1,"turns":3},{"damage":4,"enemies":"Jaw Worm","floor":2,"turns":4},{"damage":46,"enemies":"3 Sentries","floor":6,"turns":12},{"damage":0,"enemies":"2 Louse","floor":12,"turns":2},{"damage":15,"enemies":"2 Fungi Beasts","floor":13,"turns":3},{"damage":16,"enemies":"Lagavulin","floor":14,"turns":6},{"damage":64,"enemies":"Hexaghost","floor":16,"turns":17}],"seed_played":"9149966885911672066","potions_obtained":[{"floor":1,"key":"SpeedPotion"},{"floor":2,"key":"Weak Potion"},{"floor":14,"key":"FearPotion"}],"is_trial":false,"path_per_floor":["M","M","$","?","?","E","R","?","T","R","?","M","M","E","R","B"],"character_chosen":"IRONCLAD","items_purchased":["Twin Strike","Jack Of All Trades"],"campfire_rested":2,"item_purchase_floors":[3,3],"current_hp_per_floor":[74,75,75,52,57,17,41,41,48,48,48,54,45,35,61,0],"gold":151,"neow_bonus":"RANDOM_COMMON_RELIC","is_prod":false,"is_daily":false,"chose_seed":false,"campfire_upgraded":1,"win_rate":0,"timestamp":1556934339,"path_taken":["M","M","$","?","?","E","R","?","T","R","?","?","M","E","R","BOSS"],"build_version":"2019-01-23","purchased_purges":0,"victory":false,"max_hp_per_floor":[75,75,75,75,80,80,80,80,87,87,87,87,87,87,87,87],"card_choices":[{"not_picked":["Twin Strike","Sentinel"],"picked":"Disarm","floor":1},{"not_picked":["Power Through","Burning Pact"],"picked":"Clothesline","floor":2},{"not_picked":["Dropkick","True Grit"],"picked":"Exhume","floor":6},{"not_picked":["Clothesline","Perfected Strike"],"picked":"Seeing Red","floor":12},{"not_picked":["Wild Strike","Perfected Strike"],"picked":"Power Through","floor":13},{"not_picked":["Warcry","Power Through","Anger"],"picked":"SKIP","floor":14},{"not_picked":["Warcry","Anger"],"picked":"Body Slam","floor":15}],"player_experience":952821,"relics_obtained":[{"floor":6,"key":"The Courier"},{"floor":9,"key":"Strawberry"},{"floor":14,"key":"Dream Catcher"}],"event_choices":[{"damage_healed":0,"gold_gain":0,"player_choice":"Entered Light","damage_taken":23,"max_hp_gain":0,"max_hp_loss":0,"event_name":"Shining Light","floor":4,"gold_loss":0,"cards_upgraded":["Strike_R","Strike_R"]},{"damage_healed":0,"gold_gain":0,"player_choice":"Donut","damage_taken":0,"max_hp_gain":5,"max_hp_loss":0,"event_name":"Big Fish","floor":5,"gold_loss":0},{"damage_healed":0,"gold_gain":0,"player_choice":"Take Wound","damage_taken":0,"relics_obtained":["Golden Idol"],"max_hp_gain":0,"max_hp_loss":0,"event_name":"Golden Idol","floor":8,"gold_loss":0,"cards_obtained":["Injury"]},{"damage_healed":0,"gold_gain":0,"cards_transformed":["Strike_R"],"player_choice":"Transformed","damage_taken":0,"max_hp_gain":0,"max_hp_loss":0,"event_name":"Transmorgrifier","floor":11,"gold_loss":0,"cards_obtained":["Armaments"]}],"is_beta":false,"boss_relics":[],"items_purged_floors":[],"is_endless":false,"potions_floor_spawned":[1,2,14],"killed_by":"Hexaghost","ascension_level":15}