{"gold_per_floor":[110,124,2,2,21,21,51,77,103,103,115,144,97,111,111,185,185,203,203,203,186,198,198,198,198,198,34,34,68,68,86,86,86],"floor_reached":33,"playtime":1359,"items_purged":["Shame"],"score":478,"play_id":"821dd1fd-d287-4079-b61b-f727706c877d","local_time":"20190427161304","is_ascension_mode":true,"campfire_choices":[{"data":"Feel No Pain","floor":6,"key":"SMITH"},{"floor":10,"key":"REST"},{"data":"Double Tap","floor":15,"key":"SMITH"},{"data":"Armaments","floor":23,"key":"SMITH"},{"floor":25,"key":"REST"},{"floor":30,"key":"REST"},{"data":"Demon Form","floor":32,"key":"SMITH"}],"neow_cost":"CURSE","seed_source_timestamp":938989544039500,"circlet_count":0,"master_deck":["AscendersBane","Strike_R","Strike_R","Strike_R","Strike_R","Strike_R","Defend_R","Defend_R","Defend_R","Defend_R","Bash","Purity","Dark Shackles","Feel No Pain+1","Anger","Havoc","Double Tap+1","Feel No Pain","Combust","Body Slam","Shrug It Off","Body Slam","Demon Form+1","Disarm","Disarm","Armaments+1","Necronomicurse","Barricade","Writhe","True Grit","Dual Wield"],"relics":["Burning Blood","Bag of Preparation","Meat on the Bone","Peace Pipe","Bag of Marbles","Dream Catcher","Sozu","Necronomicon","Regal Pillow","Lantern","Pocketwatch"],"potions_floor_usage":[8,16,16,29],"damage_taken":[{"damage":13,"enemies":"Small Slimes","floor":1,"turns":6},{"damage":11,"enemies":"Jaw Worm","floor":2,"turns":6},{"damage":3,"enemies":"2 Louse","floor":5,"turns":4},{"damage":36,"enemies":"Gremlin Nob","floor":8,"turns":5},{"damage":0,"enemies":"2 Fungi Beasts","floor":11,"turns":4},{"damage":17,"enemies":"3 Sentries","floor":12,"turns":7},{"damage":0,"enemies":"3 Louse","floor":14,"turns":4},{"damage":31,"enemies":"Hexaghost","floor":16,"turns":11},{"damage":19,"enemies":"Spheric Guardian","floor":18,"turns":5},{"damage":21,"enemies":"2 Thieves","floor":21,"turns":5},{"damage":4,"enemies":"Shelled Parasite and Fungi","floor":22,"turns":6},{"damage":41,"enemies":"Slavers","floor":29,"turns":11},{"damage":23,"enemies":"Centurion and Healer","floor":31,"turns":8},{"damage":67,"enemies":"Automaton","floor":33,"turns":6}],"seed_played":"7474124644784468498","potions_obtained":[{"floor":1,"key":"AttackPotion"},{"floor":5,"key":"LiquidBronze"},{"floor":11,"key":"SkillPotion"},{"floor":16,"key":"Poison Potion"}],"is_trial":false,"path_per_floor":["M","M","$","?","M","R","?","E","T","R","M","E","$","M","R","B",null,"M","?","?","M","M","R","?","R","T","$","?","E","R","M","R","B"],"character_chosen":"IRONCLAD","items_purchased":["Havoc","Shrug It Off","Barricade"],"campfire_rested":3,"item_purchase_floors":[3,13,27],"current_hp_per_floor":[61,56,56,45,48,48,48,30,30,52,58,47,47,53,53,40,66,53,53,53,50,52,52,31,53,53,53,53,30,67,50,50,0],"gold":86,"neow_bonus":"RANDOM_COLORLESS_2","is_prod":false,"is_daily":false,"chose_seed":false,"campfire_upgraded":4,"win_rate":0,"timestamp":1556395984,"path_taken":["M","M","$","?","M","R","?","E","T","R","M","E","$","M","R","BOSS","M","?","?","M","M","R","?","R","T","$","?","E","R","M","R","BOSS"],"build_version":"2019-01-23","purchased_purges":1,"victory":false,"max_hp_per_floor":[75,75,75,75,75,75,75,75,75,75,75,75,75,75,75,75,75,75,75,75,75,75,75,75,75,75,75,75,75,75,75,75,75],"card_choices":[{"not_picked":["Headbutt","Wild Strike"],"picked":"Feel No Pain","floor":1},{"not_picked":["Body Slam","Flex"],"picked":"Anger","floor":2},{"not_picked":["Twin Strike","Anger"],"picked":"Double Tap","floor":5},{"not_picked":["Blood for Blood","Flame Barrier"],"picked":"Feel No Pain","floor":8},{"not_picked":["Rampage","Pommel Strike"],"picked":"Combust","floor":11},{"not_picked":["Dual Wield","Headbutt"],"picked":"Body Slam","floor":12},{"not_picked":["Iron Wave","Shrug It Off"],"picked":"Body Slam","floor":14},{"not_picked":["Fiend Fire","Limit Break"],"picked":"Demon Form","floor":16},{"not_picked":["Thunderclap","Feel No Pain"],"picked":"Disarm","floor":18},{"not_picked":["Headbutt","Wild Strike"],"picked":"Disarm","floor":21},{"not_picked":["Pommel Strike","Searing Blow"],"picked":"Armaments","floor":22},{"not_picked":["Perfected Strike","Clash"],"picked":"True Grit","floor":29},{"not_picked":["Flame Barrier","Headbutt"],"picked":"Dual Wield","floor":30},{"not_picked":["Fiend Fire","Clash","True Grit"],"picked":"SKIP","floor":31}],"player_experience":926320,"relics_obtained":[{"floor":8,"key":"Peace Pipe"},{"floor":9,"key":"Bag of Marbles"},{"floor":12,"key":"Dream Catcher"},{"floor":24,"key":"Necronomicon"},{"floor":26,"key":"Regal Pillow"},{"floor":29,"key":"Pocketwatch"}],"event_choices":[{"damage_healed":0,"gold_gain":0,"player_choice":"Success","damage_taken":11,"relics_obtained":["Bag of Preparation"],"max_hp_gain":0,"max_hp_loss":0,"event_name":"Scrap Ooze","floor":4,"gold_loss":0},{"damage_healed":0,"gold_gain":30,"player_choice":"Searched \u00272\u0027 times","damage_taken":0,"relics_obtained":["Meat on the Bone"],"max_hp_gain":0,"max_hp_loss":0,"event_name":"Dead Adventurer","floor":7,"gold_loss":0},{"damage_healed":0,"gold_gain":0,"player_choice":"Ignored","damage_taken":0,"max_hp_gain":0,"max_hp_loss":0,"event_name":"Beggar","floor":19,"gold_loss":0},{"damage_healed":0,"gold_gain":0,"player_choice":"Ignored","damage_taken":0,"max_hp_gain":0,"max_hp_loss":0,"event_name":"Vampires","floor":20,"gold_loss":0},{"damage_healed":0,"gold_gain":0,"player_choice":"Obtained Book","damage_taken":21,"max_hp_gain":0,"max_hp_loss":0,"event_name":"Cursed Tome","floor":24,"gold_loss":0},{"damage_healed":0,"gold_gain":0,"player_choice":"Opened","damage_taken":0,"relics_obtained":["Lantern"],"max_hp_gain":0,"max_hp_loss":0,"event_name":"The Mausoleum","floor":28,"gold_loss":0,"cards_obtained":["Writhe"]}],"is_beta":false,"boss_relics":[{"not_picked":["Snecko Eye","Runic Pyramid"],"picked":"Sozu"}],"items_purged_floors":[3],"is_endless":false,"potions_floor_spawned":[1,5,11,16,18,22],"killed_by":"Automaton","ascension_level":15}