{"gold_per_floor":[116,28,28,38,113,113,138,138,138,138,138,154,0,28,28,104,104,115,126,126,34,34,62,62,82,129,129,144,144,156,106,106,182,182,195,159,176,195,195,195],"floor_reached":40,"playtime":21731,"items_purged":["Clothesline"],"score":761,"play_id":"64762695-9e2d-4a7e-ae2e-9f6d6b37ee22","local_time":"20190428161856","is_ascension_mode":true,"campfire_choices":[{"floor":6.0,"key":"REST"},{"data":"Spot Weakness","floor":8.0,"key":"SMITH"},{"data":"1","floor":10.0,"key":"LIFT"},{"floor":15.0,"key":"REST"},{"data":"2","floor":27,"key":"LIFT"},{"floor":32,"key":"REST"}],"neow_cost":"PERCENT_DAMAGE","seed_source_timestamp":0,"circlet_count":0,"master_deck":["AscendersBane","Bash","Swift Strike","Trip","Cleave","Jack Of All Trades","Metallicize","Spot Weakness+1","Heavy Blade","Limit Break","Shockwave","Shrug It Off","Offering","Seeing Red","Iron Wave","Shrug It Off","Double Tap","True Grit","Exhume","Combust","Armaments","Flame Barrier","Impatience","Inflame","Limit Break","Armaments","Infernal Blade+1","Battle Trance","Pummel","Inflame+1"],"special_seed":0,"relics":["Burning Blood","Dream Catcher","Girya","Meat on the Bone","Pandora\u0027s Box","Enchiridion","Smiling Mask","Regal Pillow","Mark of Pain"],"potions_floor_usage":[28,38,40],"damage_taken":[{"damage":7.0,"enemies":"2 Louse","floor":1.0,"turns":3.0},{"damage":9.0,"enemies":"Jaw Worm","floor":4.0,"turns":4.0},{"damage":27.0,"enemies":"Lagavulin","floor":7.0,"turns":5.0},{"damage":11.0,"enemies":"Small Slimes","floor":12.0,"turns":3.0},{"damage":21.0,"enemies":"3 Sentries","floor":14.0,"turns":4.0},{"damage":34.0,"enemies":"Hexaghost","floor":16.0,"turns":9.0},{"damage":25.0,"enemies":"Spheric Guardian","floor":18.0,"turns":5.0},{"damage":5.0,"enemies":"Chosen","floor":19.0,"turns":4.0},{"damage":17,"enemies":"Gremlin Leader","floor":23,"turns":4},{"damage":27,"enemies":"Colosseum Slavers","floor":25,"turns":4},{"damage":7,"enemies":"Snake Plant","floor":28,"turns":2},{"damage":32,"enemies":"Centurion and Healer","floor":30,"turns":3},{"damage":30,"enemies":"Champ","floor":33,"turns":7},{"damage":12,"enemies":"3 Darklings","floor":35,"turns":4},{"damage":10,"enemies":"Orb Walker","floor":37,"turns":2},{"damage":6,"enemies":"Maw","floor":38,"turns":4},{"damage":83,"enemies":"Nemesis","floor":40,"turns":7}],"seed_played":"-392185337988011304","potions_obtained":[{"floor":1.0,"key":"Strength Potion"},{"floor":7.0,"key":"Ancient Potion"},{"floor":14.0,"key":"Strength Potion"},{"floor":18.0,"key":"Block Potion"},{"floor":35,"key":"AttackPotion"}],"is_trial":false,"path_per_floor":["M","$","?","M","?","R","E","R","T","R","?","M","$","E","R","B",null,"M","M","?","$","?","E","?","?","T","R","M","?","M","$","R","B",null,"M","$","M","M","?","E"],"character_chosen":"IRONCLAD","items_purchased":["Jack Of All Trades","Limit Break","Impatience","Battle Trance"],"campfire_rested":3,"item_purchase_floors":[2,13,21,36],"current_hp_per_floor":[49,49,49,46,35,57,36,36,36,36,36,31,31,16,38,22,62,55,56,56,56,35,36,36,27,27,27,38,38,24,24,61,49,69,63,63,59,59,59,0],"gold":195,"neow_bonus":"RANDOM_COLORLESS_2","is_prod":false,"is_daily":false,"chose_seed":false,"campfire_upgraded":1,"win_rate":0,"timestamp":1556482736,"path_taken":["M","$","?","M","?","R","E","R","T","R","?","M","$","E","R","BOSS","M","M","?","?","?","E","?","?","T","R","M","?","?","$","R","BOSS","M","$","M","M","?","E"],"build_version":"2019-01-23","purchased_purges":1,"victory":false,"max_hp_per_floor":[75,75,75,75,75,75,75,75,75,75,75,75,75,75,75,75,75,75,75,75,75,75,75,75,75,75,75,75,75,75,75,75,75,75,75,75,75,75,75,75],"card_choices":[{"not_picked":["Iron Wave","Havoc"],"picked":"Cleave","floor":1.0},{"not_picked":["Cleave","Warcry"],"picked":"Metallicize","floor":4.0},{"not_picked":["Battle Trance","Anger"],"picked":"Spot Weakness","floor":7.0},{"not_picked":["Combust","Body Slam"],"picked":"Heavy Blade","floor":12.0},{"not_picked":["Cleave","Clothesline"],"picked":"Shockwave","floor":14.0},{"not_picked":["True Grit","Cleave"],"picked":"Shrug It Off","floor":15.0},{"not_picked":["Fiend Fire","Juggernaut"],"picked":"Offering","floor":16.0},{"not_picked":["Havoc","Iron Wave"],"picked":"Armaments","floor":18.0},{"not_picked":["Spot Weakness","Flex"],"picked":"Flame Barrier","floor":19.0},{"not_picked":["Cleave","Heavy Blade+1"],"picked":"Inflame","floor":23},{"not_picked":["Twin Strike","Uppercut","Evolve"],"picked":"SKIP","floor":28},{"not_picked":["Wild Strike","Bloodletting","Metallicize"],"picked":"SKIP","floor":30},{"not_picked":["Wild Strike","Double Tap"],"picked":"Armaments","floor":32},{"not_picked":["Armaments","Headbutt+1"],"picked":"Infernal Blade+1","floor":35},{"not_picked":["Flame Barrier+1","Anger"],"picked":"Pummel","floor":37},{"not_picked":["Shockwave","Twin Strike"],"picked":"Inflame+1","floor":38}],"player_experience":927679,"relics_obtained":[{"floor":7.0,"key":"Dream Catcher"},{"floor":9.0,"key":"Girya"},{"floor":14.0,"key":"Meat on the Bone"},{"floor":22.0,"key":"Enchiridion"},{"floor":23,"key":"Smiling Mask"},{"floor":26,"key":"Regal Pillow"}],"event_choices":[{"damage_healed":0.0,"max_hp_gain":0.0,"max_hp_loss":0.0,"gold_gain":0.0,"event_name":"The Cleric","player_choice":"Leave","floor":3.0,"gold_loss":0.0,"damage_taken":0.0},{"damage_healed":0.0,"max_hp_gain":0.0,"max_hp_loss":0.0,"gold_gain":75.0,"event_name":"World of Goop","player_choice":"Gather Gold","floor":5.0,"gold_loss":0.0,"damage_taken":11.0},{"damage_healed":0.0,"max_hp_gain":0.0,"max_hp_loss":0.0,"gold_gain":0.0,"event_name":"Dead Adventurer","player_choice":"Searched \u00271\u0027 times","floor":11.0,"gold_loss":0.0,"damage_taken":0.0},{"damage_healed":0.0,"max_hp_gain":0.0,"max_hp_loss":0.0,"gold_gain":0.0,"event_name":"Lab","player_choice":"Got Potions","floor":20.0,"gold_loss":0.0,"damage_taken":0.0},{"damage_healed":0.0,"max_hp_gain":0.0,"max_hp_loss":0.0,"gold_gain":0.0,"event_name":"Cursed Tome","player_choice":"Obtained Book","floor":22.0,"gold_loss":0.0,"damage_taken":21.0},{"damage_healed":0,"gold_gain":0,"cards_transformed":["Combust","Fiend Fire"],"player_choice":"Became Test Subject","damage_taken":0,"max_hp_gain":0,"max_hp_loss":0,"event_name":"Drug Dealer","floor":24,"gold_loss":0,"cards_obtained":["Limit Break","Clothesline"]},{"damage_healed":0,"gold_gain":0,"player_choice":"Fight","damage_taken":0,"max_hp_gain":0,"max_hp_loss":0,"event_name":"Colosseum","floor":25,"gold_loss":0},{"damage_healed":0,"gold_gain":0,"player_choice":"Fled From Nobs","damage_taken":0,"max_hp_gain":0,"max_hp_loss":0,"event_name":"Colosseum","floor":25,"gold_loss":0},{"damage_healed":0,"gold_gain":0,"player_choice":"Ignored","damage_taken":0,"max_hp_gain":0,"max_hp_loss":0,"event_name":"Ghosts","floor":29,"gold_loss":0},{"damage_healed":0,"gold_gain":0,"player_choice":"Ignored","damage_taken":0,"max_hp_gain":0,"max_hp_loss":0,"event_name":"Tomb of Lord Red Mask","floor":39,"gold_loss":0}],"is_beta":false,"boss_relics":[{"not_picked":["Busted Crown","Tiny House"],"picked":"Pandora\u0027s Box"},{"not_picked":["Lizard Tail","White Beast Statue"],"picked":"Mark of Pain"}],"items_purged_floors":[31],"is_endless":false,"potions_floor_spawned":[1,7,14,18,25,35],"killed_by":"Nemesis","ascension_level":15}