{"gold_per_floor":[114,124,203,220,108,139,153,181,181,181,233,266,266,66,66,66],"floor_reached":16,"playtime":464,"items_purged":[],"score":207,"play_id":"5ad33f93-3acb-46f6-a696-16a19b82925c","local_time":"20190511165258","is_ascension_mode":true,"campfire_choices":[{"data":"Shockwave","floor":10,"key":"SMITH"},{"floor":13,"key":"REST"},{"data":"Rampage","floor":15,"key":"SMITH"}],"neow_cost":"NONE","seed_source_timestamp":844548689754700,"circlet_count":0,"master_deck":["AscendersBane","Strike_R","Strike_R","Strike_R","Strike_R","Strike_R","Defend_R","Defend_R","Defend_R","Defend_R","Bash","Shockwave+1","Carnage","Havoc","Uppercut","Intimidate","Rampage+1","Shrug It Off","Flame Barrier","Clash+1","Shrug It Off","Shrug It Off","Sentinel"],"relics":["Burning Blood","NeowsBlessing","Bottled Lightning","Ice Cream","Matryoshka","Dream Catcher","Bag of Preparation","Molten Egg 2","Tiny Chest"],"potions_floor_usage":[4],"damage_taken":[{"damage":0,"enemies":"2 Louse","floor":1,"turns":1},{"damage":0,"enemies":"Jaw Worm","floor":2,"turns":1},{"damage":0,"enemies":"Cultist","floor":4,"turns":1},{"damage":12,"enemies":"Gremlin Nob","floor":6,"turns":3},{"damage":15,"enemies":"Blue Slaver","floor":7,"turns":5},{"damage":27,"enemies":"Lagavulin","floor":8,"turns":5},{"damage":31,"enemies":"3 Sentries","floor":12,"turns":9},{"damage":43,"enemies":"Slime Boss","floor":16,"turns":11}],"seed_played":"4250839543655439775","potions_obtained":[{"floor":4,"key":"Fruit Juice"},{"floor":7,"key":"Ancient Potion"},{"floor":8,"key":"Dexterity Potion"}],"is_trial":false,"path_per_floor":["M","M","?","M","$","E","M","E","T","R","T","E","R","$","R","B"],"character_chosen":"IRONCLAD","items_purchased":["Uppercut","Intimidate","Tiny Chest","Shrug It Off","Sentinel"],"campfire_rested":1,"item_purchase_floors":[5,5,14,14,14],"current_hp_per_floor":[74,75,75,80,80,74,65,44,44,44,44,19,43,43,43,0],"gold":66,"neow_bonus":"THREE_ENEMY_KILL","is_prod":false,"is_daily":false,"chose_seed":false,"campfire_upgraded":2,"win_rate":0,"timestamp":1557607978,"path_taken":["M","M","?","M","$","E","M","E","T","R","?","E","R","$","R","BOSS"],"build_version":"2019-01-23","purchased_purges":0,"victory":false,"max_hp_per_floor":[75,75,75,80,80,80,80,80,80,80,80,80,80,80,80,80],"card_choices":[{"not_picked":["Clothesline","Body Slam"],"picked":"Shockwave","floor":1},{"not_picked":["Warcry","Corruption"],"picked":"Carnage","floor":2},{"not_picked":["Heavy Blade","Body Slam"],"picked":"Havoc","floor":4},{"not_picked":["Havoc","True Grit"],"picked":"Rampage","floor":6},{"not_picked":["Battle Trance","Havoc"],"picked":"Shrug It Off","floor":7},{"not_picked":["Twin Strike","Fiend Fire"],"picked":"Flame Barrier","floor":8},{"not_picked":["Havoc","Headbutt"],"picked":"Clash","floor":12},{"not_picked":["Anger+1","Twin Strike+1"],"picked":"Shrug It Off","floor":13}],"player_experience":962468,"relics_obtained":[{"floor":6,"key":"Bottled Lightning"},{"floor":8,"key":"Ice Cream"},{"floor":9,"key":"Matryoshka"},{"floor":11,"key":"Dream Catcher"},{"floor":11,"key":"Bag of Preparation"},{"floor":12,"key":"Molten Egg 2"}],"event_choices":[{"damage_healed":0,"gold_gain":79,"player_choice":"Gained Gold","damage_taken":0,"max_hp_gain":0,"max_hp_loss":0,"event_name":"Golden Wing","floor":3,"gold_loss":0}],"is_beta":false,"boss_relics":[],"items_purged_floors":[],"is_endless":false,"potions_floor_spawned":[4,7,8],"killed_by":"Slime Boss","ascension_level":15}