{"gold_per_floor":[115,115,126,126,401,401,429,62,62,73,73,73,73,73],"floor_reached":14,"playtime":282,"items_purged":[],"score":151,"play_id":"dff16ed9-5587-4d80-af34-063db7a85c65","local_time":"20190506232458","is_ascension_mode":true,"campfire_choices":[{"data":"Searing Blow+1","floor":6,"key":"SMITH"},{"floor":11,"key":"REST"}],"neow_cost":"TEN_PERCENT_HP_LOSS","seed_source_timestamp":436240104684500,"circlet_count":0,"master_deck":["AscendersBane","Strike_R","Strike_R","Strike_R","Strike_R","Strike_R","Defend_R","Defend_R","Defend_R","Defend_R","Bash","Barricade","Searing Blow+2","Armaments","Regret","Intimidate","Apotheosis","Deep Breath"],"relics":["Burning Blood","Blue Candle","PrismaticShard","Bottled Tornado"],"potions_floor_usage":[14],"damage_taken":[{"damage":0,"enemies":"2 Louse","floor":1,"turns":3},{"damage":1,"enemies":"Cultist","floor":3,"turns":3},{"damage":61,"enemies":"Lagavulin","floor":7,"turns":9},{"damage":5,"enemies":"Small Slimes","floor":10,"turns":3},{"damage":51,"enemies":"Gremlin Nob","floor":14,"turns":4}],"seed_played":"5938022631904676524","potions_obtained":[{"floor":3,"key":"Strength Potion"}],"is_trial":false,"path_per_floor":["M","?","M","?","?","R","E","$","T","M","R","?","$","E"],"character_chosen":"IRONCLAD","items_purchased":["Apotheosis","PrismaticShard"],"campfire_rested":1,"item_purchase_floors":[8,8],"current_hp_per_floor":[68,68,68,68,68,68,13,13,13,14,34,34,34,0],"gold":73,"neow_bonus":"THREE_RARE_CARDS","is_prod":false,"is_daily":false,"chose_seed":false,"campfire_upgraded":1,"win_rate":0,"timestamp":1557199498,"path_taken":["M","?","?","?","?","R","E","$","T","?","R","?","?","E"],"build_version":"2019-01-23","purchased_purges":0,"victory":false,"max_hp_per_floor":[68,68,68,68,68,68,68,68,68,68,68,68,68,68],"card_choices":[{"not_picked":["Immolate","Limit Break"],"picked":"Barricade","floor":0},{"not_picked":["Heavy Blade","Anger"],"picked":"Searing Blow","floor":1},{"not_picked":["True Grit","Clothesline"],"picked":"Armaments","floor":3},{"not_picked":["Exhume","Sever Soul"],"picked":"Intimidate","floor":7},{"not_picked":["Thunderclap","Reprogram"],"picked":"Deep Breath","floor":10}],"player_experience":954413,"relics_obtained":[{"floor":7,"key":"Blue Candle"},{"floor":9,"key":"Bottled Tornado"}],"event_choices":[{"damage_healed":0,"gold_gain":0,"player_choice":"Upgraded","damage_taken":0,"max_hp_gain":0,"max_hp_loss":0,"event_name":"Upgrade Shrine","floor":2,"gold_loss":0,"cards_upgraded":["Searing Blow"]},{"damage_healed":0,"gold_gain":0,"player_choice":"Leave","damage_taken":0,"max_hp_gain":0,"max_hp_loss":0,"event_name":"The Cleric","floor":4,"gold_loss":0},{"damage_healed":0,"gold_gain":275,"player_choice":"Desecrate","damage_taken":0,"max_hp_gain":0,"max_hp_loss":0,"event_name":"Golden Shrine","floor":5,"gold_loss":0,"cards_obtained":["Regret"]},{"damage_healed":0,"gold_gain":0,"player_choice":"Ignored","damage_taken":0,"max_hp_gain":0,"max_hp_loss":0,"event_name":"Liars Game","floor":12,"gold_loss":0}],"is_beta":false,"boss_relics":[],"items_purged_floors":[],"is_endless":false,"potions_floor_spawned":[3],"killed_by":"Gremlin Nob","ascension_level":15}