{"gold_per_floor":[114,114,133,33,108,108,133,133,188,218,32,32,84,104,104,175,175,190,190],"floor_reached":19,"playtime":634,"items_purged":["Parasite"],"score":303,"play_id":"02de7068-9211-4e6b-8bdb-69fe19ed0505","local_time":"20190514204025","is_ascension_mode":true,"campfire_choices":[{"data":"Discovery","floor":6,"key":"SMITH"},{"data":"Armaments","floor":8,"key":"SMITH"},{"data":"Transmutation","floor":12,"key":"SMITH"},{"data":"Inflame","floor":15,"key":"SMITH"}],"neow_cost":"CURSE","seed_source_timestamp":0,"circlet_count":0,"master_deck":["AscendersBane","Strike_R+1","Strike_R+1","Strike_R","Strike_R","Strike_R","Defend_R","Defend_R","Defend_R","Defend_R","Bash","Discovery+1","Bandage Up","Havoc","Flame Barrier","Cleave","Armaments+1","Uppercut","Transmutation+1","Inflame+1","Flex+1","Exhume+1","Sword Boomerang+1"],"special_seed":0,"relics":["Burning Blood","Gambling Chip","Whetstone","Odd Mushroom","Toxic Egg 2","Cursed Key"],"potions_floor_usage":[16,19],"damage_taken":[{"damage":0,"enemies":"2 Louse","floor":1,"turns":3},{"damage":5,"enemies":"Small Slimes","floor":3,"turns":6},{"damage":23,"enemies":"Lagavulin","floor":7,"turns":4},{"damage":6,"enemies":"The Mushroom Lair","floor":10,"turns":4},{"damage":14,"enemies":"Gremlin Nob","floor":13,"turns":3},{"damage":7,"enemies":"Jaw Worm","floor":14,"turns":3},{"damage":12,"enemies":"Slime Boss","floor":16,"turns":6},{"damage":24,"enemies":"2 Thieves","floor":18,"turns":4},{"damage":56,"enemies":"Masked Bandits","floor":19,"turns":4}],"seed_played":"2498143994989027330","potions_obtained":[{"floor":3,"key":"Energy Potion"},{"floor":14,"key":"GamblersBrew"}],"is_trial":false,"path_per_floor":["M","?","M","$","?","R","E","R","T","?","$","R","E","M","R","B",null,"M","?"],"character_chosen":"IRONCLAD","items_purchased":["Cleave","Transmutation"],"campfire_rested":0,"item_purchase_floors":[4,11],"current_hp_per_floor":[75,57,62,62,51,51,38,38,38,44,44,44,42,45,45,43,65,51,0],"gold":190,"neow_bonus":"RANDOM_COLORLESS_2","is_prod":false,"is_daily":false,"chose_seed":false,"campfire_upgraded":4,"win_rate":0,"timestamp":1557880825,"path_taken":["M","?","M","$","?","R","E","R","T","?","?","R","E","M","R","BOSS","M","?"],"build_version":"2019-01-23","purchased_purges":1,"victory":false,"max_hp_per_floor":[75,75,75,72,72,72,72,72,72,72,72,72,72,72,72,72,72,72,72],"card_choices":[{"not_picked":["Body Slam","Heavy Blade"],"picked":"Havoc","floor":1},{"not_picked":["Havoc","Anger"],"picked":"Flame Barrier","floor":3},{"not_picked":["Body Slam","True Grit"],"picked":"Armaments","floor":7},{"not_picked":["Havoc","Sword Boomerang"],"picked":"Uppercut","floor":10},{"not_picked":["Reaper","Clothesline"],"picked":"Inflame","floor":13},{"not_picked":["Clothesline","Hemokinesis"],"picked":"Flex+1","floor":14},{"not_picked":["Barricade","Bludgeon"],"picked":"Exhume+1","floor":16},{"not_picked":["Perfected Strike","Flex+1"],"picked":"Sword Boomerang+1","floor":18}],"player_experience":965638,"relics_obtained":[{"floor":7,"key":"Whetstone"},{"floor":10,"key":"Odd Mushroom"},{"floor":13,"key":"Toxic Egg 2"}],"event_choices":[{"damage_healed":0,"gold_gain":0,"player_choice":"Success","damage_taken":18,"relics_obtained":["Gambling Chip"],"max_hp_gain":0,"max_hp_loss":0,"event_name":"Scrap Ooze","floor":2,"gold_loss":0},{"damage_healed":0,"gold_gain":75,"player_choice":"Gather Gold","damage_taken":11,"max_hp_gain":0,"max_hp_loss":0,"event_name":"World of Goop","floor":5,"gold_loss":0},{"damage_healed":0,"gold_gain":0,"player_choice":"Fought Mushrooms","damage_taken":0,"max_hp_gain":0,"max_hp_loss":0,"event_name":"Mushrooms","floor":10,"gold_loss":0},{"damage_healed":0,"gold_gain":0,"player_choice":"Fought Bandits","damage_taken":0,"max_hp_gain":0,"max_hp_loss":0,"event_name":"Masked Bandits","floor":19,"gold_loss":0}],"is_beta":false,"boss_relics":[{"not_picked":["Ectoplasm","Tiny House"],"picked":"Cursed Key"}],"items_purged_floors":[4],"is_endless":false,"potions_floor_spawned":[3,14],"killed_by":"Masked Bandits","ascension_level":15}