{"gold_per_floor":[115,115,130,130,147,147,166,195,219,249,328,328,379,396,396,468,518,536,175,190,210,210,210,237,249],"floor_reached":25,"playtime":915,"items_purged":[],"score":404,"play_id":"853abd4a-999e-47ce-a885-271d3d2b4b0b","local_time":"20190511170823","is_ascension_mode":true,"campfire_choices":[{"data":"Bash","floor":6,"key":"SMITH"},{"floor":15,"key":"REST"},{"floor":23,"key":"REST"}],"neow_cost":"CURSE","seed_source_timestamp":845023179917500,"circlet_count":0,"master_deck":["AscendersBane","Strike_R","Strike_R","Strike_R","Defend_R","Defend_R","Defend_R","Defend_R","Bash+1","Parasite","Ghostly Armor","Battle Trance","Carnage+1","Thunderclap+1","Twin Strike","Limit Break","Rage","Sword Boomerang","Shrug It Off","Demon Form","Heavy Blade","Inflame","Flex","Double Tap"],"relics":["Burning Blood","Vajra","Juzu Bracelet","Dodecahedron","Anchor","Tiny House","Ice Cream","MawBank"],"potions_floor_usage":[10,21,24,24],"damage_taken":[{"damage":0,"enemies":"2 Louse","floor":1,"turns":3},{"damage":5,"enemies":"Small Slimes","floor":3,"turns":3},{"damage":0,"enemies":"Cultist","floor":5,"turns":2},{"damage":2,"enemies":"Exordium Wildlife","floor":7,"turns":3},{"damage":31,"enemies":"Lagavulin","floor":8,"turns":6},{"damage":18,"enemies":"3 Sentries","floor":10,"turns":8},{"damage":1,"enemies":"Looter","floor":14,"turns":2},{"damage":38,"enemies":"The Guardian","floor":16,"turns":12},{"damage":16,"enemies":"3 Byrds","floor":18,"turns":7},{"damage":22,"enemies":"2 Thieves","floor":20,"turns":5},{"damage":21,"enemies":"3 Cultists","floor":21,"turns":5},{"damage":28,"enemies":"Slavers","floor":24,"turns":6},{"damage":31,"enemies":"Snecko","floor":25,"turns":3}],"seed_played":"-831805648807447576","potions_obtained":[{"floor":1,"key":"EssenceOfSteel"},{"floor":3,"key":"SkillPotion"},{"floor":17,"key":"FearPotion"},{"floor":20,"key":"AttackPotion"},{"floor":21,"key":"SkillPotion"},{"floor":24,"key":"FearPotion"}],"is_trial":false,"path_per_floor":["M","?","M","?","M","R","M","E","T","E","T","?","?","M","R","B",null,"M","$","M","M","?","R","E","M"],"character_chosen":"IRONCLAD","items_purchased":["Inflame","Ice Cream"],"campfire_rested":2,"item_purchase_floors":[19,19],"current_hp_per_floor":[74,74,75,75,75,75,75,50,50,38,38,27,27,32,54,22,67,57,57,41,26,26,50,28,0],"gold":249,"neow_bonus":"TRANSFORM_TWO_CARDS","is_prod":false,"is_daily":false,"chose_seed":false,"campfire_upgraded":1,"win_rate":0,"timestamp":1557608903,"path_taken":["M","?","M","?","M","R","?","E","T","E","?","?","?","M","R","BOSS","M","$","M","M","?","R","E","M"],"build_version":"2019-01-23","purchased_purges":0,"victory":false,"max_hp_per_floor":[75,75,75,75,75,75,75,75,75,75,75,75,75,75,75,75,80,80,80,80,80,80,80,80,80],"card_choices":[{"not_picked":["True Grit","Wild Strike"],"picked":"Carnage","floor":1},{"not_picked":["Sever Soul","Cleave"],"picked":"Thunderclap","floor":3},{"not_picked":["Perfected Strike","Power Through"],"picked":"Twin Strike","floor":5},{"not_picked":["Spot Weakness","Twin Strike"],"picked":"Limit Break","floor":7},{"not_picked":["Rupture","Flame Barrier"],"picked":"Rage","floor":8},{"not_picked":["Clothesline","Cleave"],"picked":"Sword Boomerang","floor":10},{"not_picked":["Cleave","Sword Boomerang"],"picked":"Shrug It Off","floor":14},{"not_picked":["Limit Break","Immolate"],"picked":"Demon Form","floor":16},{"not_picked":["Armaments","Sword Boomerang"],"picked":"Heavy Blade","floor":17},{"not_picked":["Body Slam","Havoc","Warcry"],"picked":"SKIP","floor":18},{"not_picked":["Thunderclap+1","Body Slam"],"picked":"Flex","floor":20},{"not_picked":["Burning Pact","Anger","Rampage"],"picked":"SKIP","floor":21},{"not_picked":["Warcry","Flex"],"picked":"Double Tap","floor":24}],"player_experience":962932,"relics_obtained":[{"floor":8,"key":"Vajra"},{"floor":10,"key":"Juzu Bracelet"},{"floor":11,"key":"Dodecahedron"},{"floor":24,"key":"MawBank"}],"event_choices":[{"damage_healed":0,"gold_gain":0,"player_choice":"Ignored","damage_taken":0,"max_hp_gain":0,"max_hp_loss":0,"event_name":"Liars Game","floor":2,"gold_loss":0},{"damage_healed":0,"gold_gain":0,"player_choice":"Forge","damage_taken":0,"max_hp_gain":0,"max_hp_loss":0,"event_name":"Accursed Blacksmith","floor":4,"gold_loss":0,"cards_upgraded":["Carnage"]},{"damage_healed":0,"gold_gain":0,"player_choice":"Success","damage_taken":11,"relics_obtained":["Anchor"],"max_hp_gain":0,"max_hp_loss":0,"event_name":"Scrap Ooze","floor":12,"gold_loss":0},{"damage_healed":0,"gold_gain":51,"player_choice":"Gained Gold","damage_taken":0,"max_hp_gain":0,"max_hp_loss":0,"event_name":"Golden Wing","floor":13,"gold_loss":0},{"damage_healed":0,"gold_gain":0,"player_choice":"Ignored","damage_taken":0,"max_hp_gain":0,"max_hp_loss":0,"event_name":"The Mausoleum","floor":22,"gold_loss":0}],"is_beta":false,"boss_relics":[{"not_picked":["Orrery","Runic Pyramid"],"picked":"Tiny House"}],"items_purged_floors":[],"is_endless":false,"potions_floor_spawned":[1,3,7,20,21,24],"killed_by":"Snecko","ascension_level":15}