{"gold_per_floor":[109,126,25,37,37,37,71,71,122,122,139,157,187,117,117,193,193,203,203,118,168,182,207,223,223],"floor_reached":25,"playtime":819,"items_purged":[],"score":429,"play_id":"aeaecf43-c087-4a82-ad20-429ef308cdea","local_time":"20190517232141","is_ascension_mode":true,"campfire_choices":[{"data":"Rampage","floor":6,"key":"SMITH"},{"data":"Flex","floor":8,"key":"SMITH"},{"data":"Demon Form","floor":15,"key":"SMITH"}],"neow_cost":"PERCENT_DAMAGE","seed_source_timestamp":270050729044299,"circlet_count":0,"master_deck":["AscendersBane","Strike_R","Strike_R","Strike_R","Defend_R","Defend_R","Defend_R","Defend_R","Bash","Rage","Sword Boomerang","Rampage+1","Clothesline","Flex+1","Headbutt","Dual Wield","Demon Form+1","Heavy Blade","Sentinel","Battle Trance","Double Tap","Evolve+1","Burning Pact"],"relics":["Burning Blood","Dream Catcher","Bag of Marbles","The Courier","Fusion Hammer","Strawberry","Juzu Bracelet"],"potions_floor_usage":[7,23,23],"damage_taken":[{"damage":1,"enemies":"Cultist","floor":1,"turns":4},{"damage":3,"enemies":"2 Louse","floor":2,"turns":4},{"damage":7,"enemies":"Small Slimes","floor":4,"turns":4},{"damage":17,"enemies":"Lagavulin","floor":7,"turns":6},{"damage":0,"enemies":"Exordium Wildlife","floor":11,"turns":3},{"damage":0,"enemies":"Blue Slaver","floor":12,"turns":1},{"damage":47,"enemies":"Gremlin Nob","floor":13,"turns":6},{"damage":24,"enemies":"Hexaghost","floor":16,"turns":8},{"damage":6,"enemies":"Spheric Guardian","floor":18,"turns":3},{"damage":12,"enemies":"Shell Parasite","floor":22,"turns":3},{"damage":32,"enemies":"Gremlin Leader","floor":23,"turns":5},{"damage":20,"enemies":"Snake Plant","floor":24,"turns":4},{"damage":39,"enemies":"Sentry and Sphere","floor":25,"turns":5}],"seed_played":"8300686010778511442","potions_obtained":[{"floor":1,"key":"GamblersBrew"},{"floor":11,"key":"Dexterity Potion"},{"floor":16,"key":"Swift Potion"},{"floor":22,"key":"Energy Potion"}],"is_trial":false,"path_per_floor":["M","M","$","M","?","R","E","R","T","?","M","M","E","?","R","B",null,"M","?","?","?","M","E","M","M"],"character_chosen":"IRONCLAD","items_purchased":["Rampage","Clothesline"],"campfire_rested":0,"item_purchase_floors":[3,3],"current_hp_per_floor":[69,72,72,71,71,71,60,60,60,60,66,72,31,31,31,13,70,70,70,77,77,71,45,31,0],"gold":223,"neow_bonus":"TWENTY_PERCENT_HP_BONUS","is_prod":false,"is_daily":false,"chose_seed":false,"campfire_upgraded":3,"win_rate":0,"timestamp":1558149701,"path_taken":["M","M","$","M","?","R","E","R","T","?","?","M","E","?","R","BOSS","M","?","?","?","M","E","M","M"],"build_version":"2019-01-23","purchased_purges":0,"victory":false,"max_hp_per_floor":[89,89,89,89,89,89,89,89,89,89,89,89,89,89,89,89,89,89,89,96,96,96,96,96,96],"card_choices":[{"not_picked":["Pommel Strike","Body Slam"],"picked":"Rage","floor":1},{"not_picked":["Perfected Strike","Combust"],"picked":"Sword Boomerang","floor":2},{"not_picked":["Clash","True Grit"],"picked":"Flex","floor":4},{"not_picked":["Heavy Blade","Intimidate"],"picked":"Dual Wield","floor":7},{"not_picked":["Whirlwind","Reckless Charge"],"picked":"Heavy Blade","floor":11},{"not_picked":["Thunderclap","Heavy Blade"],"picked":"Sentinel","floor":12},{"not_picked":["Thunderclap","Rage"],"picked":"Battle Trance","floor":13},{"not_picked":["Juggernaut","Fiend Fire"],"picked":"Double Tap","floor":16},{"not_picked":["Searing Blow","Sword Boomerang","Twin Strike"],"picked":"SKIP","floor":18},{"not_picked":["Sentinel","Sword Boomerang","Perfected Strike"],"picked":"SKIP","floor":22},{"not_picked":["Flex","Dual Wield"],"picked":"Evolve+1","floor":23},{"not_picked":["Twin Strike+1","Thunderclap"],"picked":"Burning Pact","floor":24}],"player_experience":969459,"relics_obtained":[{"floor":7,"key":"Dream Catcher"},{"floor":9,"key":"Bag of Marbles"},{"floor":13,"key":"The Courier"},{"floor":23,"key":"Juzu Bracelet"}],"event_choices":[{"damage_healed":0,"gold_gain":0,"cards_transformed":["Strike_R"],"player_choice":"Change","damage_taken":0,"max_hp_gain":0,"max_hp_loss":0,"event_name":"Living Wall","floor":5,"gold_loss":0,"cards_obtained":["Headbutt"]},{"damage_healed":0,"gold_gain":0,"cards_transformed":["Strike_R"],"player_choice":"Transformed","damage_taken":0,"max_hp_gain":0,"max_hp_loss":0,"event_name":"Transmorgrifier","floor":10,"gold_loss":0,"cards_obtained":["Demon Form"]},{"damage_healed":0,"gold_gain":0,"player_choice":"Left Gold","damage_taken":0,"max_hp_gain":0,"max_hp_loss":0,"event_name":"World of Goop","floor":14,"gold_loss":70},{"damage_healed":0,"gold_gain":0,"player_choice":"Ignored","damage_taken":0,"max_hp_gain":0,"max_hp_loss":0,"event_name":"Vampires","floor":19,"gold_loss":0},{"damage_healed":0,"gold_gain":0,"player_choice":"Obtained Relic","damage_taken":0,"relics_obtained":["Strawberry"],"max_hp_gain":0,"max_hp_loss":0,"event_name":"Addict","floor":20,"gold_loss":85},{"damage_healed":0,"gold_gain":50,"player_choice":"Stole From Cult","damage_taken":0,"max_hp_gain":0,"max_hp_loss":0,"event_name":"Nest","floor":21,"gold_loss":0}],"is_beta":false,"boss_relics":[{"not_picked":["Snecko Eye","Empty Cage"],"picked":"Fusion Hammer"}],"items_purged_floors":[],"is_endless":false,"potions_floor_spawned":[1,11,16,22],"killed_by":"Sentry and Sphere","ascension_level":15}