{"gold_per_floor":[115,15,15,31,31,62,62,97,97,97,121,121,134,134],"floor_reached":14,"playtime":386,"items_purged":["Normality"],"score":172,"play_id":"05849172-7c64-4f88-8953-05d0e5ecc04d","local_time":"20190627222015","is_ascension_mode":true,"campfire_choices":[{"data":"Bash","floor":7,"key":"SMITH"},{"floor":10,"key":"REST"},{"data":"Limit Break","floor":12,"key":"SMITH"}],"neow_cost":"CURSE","seed_source_timestamp":127849568503000,"circlet_count":0,"master_deck":["AscendersBane","Strike_R","Strike_R","Strike_R","Strike_R","Strike_R","Defend_R","Defend_R","Defend_R","Defend_R","Bash+1","Flex","Clothesline","Injury","Havoc","Limit Break+1","Whirlwind+1","Heavy Blade+1"],"relics":["Burning Blood","Golden Idol","Blue Candle","Ginger","Gambling Chip","Molten Egg 2"],"potions_floor_usage":[8,13,13],"damage_taken":[{"damage":6,"enemies":"2 Louse","floor":1,"turns":3},{"damage":0,"enemies":"Cultist","floor":4,"turns":3},{"damage":40,"enemies":"Gremlin Nob","floor":6,"turns":6},{"damage":46,"enemies":"3 Sentries","floor":8,"turns":8},{"damage":11,"enemies":"Jaw Worm","floor":11,"turns":5},{"damage":0,"enemies":"Looter","floor":13,"turns":1},{"damage":44,"enemies":"Gremlin Nob","floor":14,"turns":4}],"seed_played":"-8497439976216534245","potions_obtained":[{"floor":1,"key":"Explosive Potion"},{"floor":8,"key":"SteroidPotion"},{"floor":11,"key":"SteroidPotion"}],"is_trial":false,"path_per_floor":["M","$","?","M","?","E","R","E","T","R","M","R","M","E"],"character_chosen":"IRONCLAD","items_purchased":["Clothesline"],"campfire_rested":1,"item_purchase_floors":[2],"current_hp_per_floor":[82,82,82,88,88,54,54,14,14,40,35,35,41,0],"gold":134,"neow_bonus":"TWENTY_PERCENT_HP_BONUS","is_prod":false,"is_daily":false,"chose_seed":false,"campfire_upgraded":2,"win_rate":0,"timestamp":1561688415,"path_taken":["M","$","?","M","?","E","R","E","T","R","M","R","M","E"],"build_version":"2019-01-23","purchased_purges":1,"victory":false,"max_hp_per_floor":[89,89,89,89,89,89,89,89,89,89,89,89,89,89],"card_choices":[{"not_picked":["Power Through","Evolve"],"picked":"Flex","floor":1},{"not_picked":["Warcry","Clash"],"picked":"Havoc","floor":4},{"not_picked":["Body Slam","Power Through","Anger"],"picked":"SKIP","floor":6},{"not_picked":["Headbutt","Carnage"],"picked":"Limit Break","floor":8},{"not_picked":["Warcry","Body Slam+1"],"picked":"Whirlwind+1","floor":11},{"not_picked":["Flex","Anger+1"],"picked":"Heavy Blade+1","floor":13}],"player_experience":993021,"relics_obtained":[{"floor":5,"key":"Blue Candle"},{"floor":6,"key":"Ginger"},{"floor":8,"key":"Gambling Chip"},{"floor":9,"key":"Molten Egg 2"}],"event_choices":[{"damage_healed":0,"gold_gain":0,"player_choice":"Take Wound","damage_taken":0,"relics_obtained":["Golden Idol"],"max_hp_gain":0,"max_hp_loss":0,"event_name":"Golden Idol","floor":3,"gold_loss":0,"cards_obtained":["Injury"]},{"damage_healed":0,"gold_gain":0,"player_choice":"Relic","damage_taken":0,"max_hp_gain":0,"max_hp_loss":0,"event_name":"Wheel of Change","floor":5,"gold_loss":0}],"is_beta":false,"boss_relics":[],"items_purged_floors":[2],"is_endless":false,"potions_floor_spawned":[1,8,11],"killed_by":"Gremlin Nob","ascension_level":15}