{"gold_per_floor":[13,30,30,46,72,104,104,137,137,102,120,133,133,133,133,205,205,220,168,168,181,199,199],"floor_reached":23,"playtime":957,"items_purged":[],"score":352,"play_id":"ad8dce42-c63e-457f-a1a1-19c7dbb36fa1","local_time":"20190621232406","is_ascension_mode":true,"campfire_choices":[{"data":"Sword Boomerang","floor":13,"key":"SMITH"},{"data":"Juggernaut","floor":15,"key":"SMITH"}],"neow_cost":"NO_GOLD","seed_source_timestamp":0,"circlet_count":0,"master_deck":["AscendersBane","Strike_R","Strike_R+1","Defend_R","Defend_R","Defend_R","Defend_R","Bash","Juggernaut+1","Wild Strike+1","Thunderclap","Infernal Blade","Sword Boomerang+1","Fire Breathing","Impervious","Evolve+1","Immolate+1","Disarm","Shrug It Off","Seeing Red","Evolve","Ghostly Armor"],"special_seed":0,"relics":["Burning Blood","Whetstone","Boot","Champion Belt","Thread and Needle","Astrolabe"],"potions_floor_usage":[8,23],"damage_taken":[{"damage":2,"enemies":"2 Louse","floor":1,"turns":3},{"damage":18,"enemies":"Jaw Worm","floor":2,"turns":4},{"damage":0,"enemies":"Small Slimes","floor":4,"turns":2},{"damage":40,"enemies":"Gremlin Nob","floor":6,"turns":5},{"damage":35,"enemies":"3 Sentries","floor":8,"turns":6},{"damage":0,"enemies":"Exordium Wildlife","floor":11,"turns":4},{"damage":7,"enemies":"Large Slime","floor":12,"turns":6},{"damage":31,"enemies":"The Guardian","floor":16,"turns":10},{"damage":9,"enemies":"Chosen","floor":18,"turns":5},{"damage":6,"enemies":"3 Byrds","floor":21,"turns":4},{"damage":48,"enemies":"Cultist and Chosen","floor":22,"turns":9},{"damage":16,"enemies":"Gremlin Leader","floor":23,"turns":6}],"seed_played":"-2682510750553872149","potions_obtained":[{"floor":6,"key":"Explosive Potion"},{"floor":8,"key":"EssenceOfSteel"},{"floor":12,"key":"Ancient Potion"}],"is_trial":false,"path_per_floor":["M","M","?","M","T","E","?","E","T","?","M","M","R","?","R","B",null,"M","$","?","M","M","E"],"character_chosen":"IRONCLAD","items_purchased":["Shrug It Off"],"campfire_rested":0,"item_purchase_floors":[19],"current_hp_per_floor":[72,60,60,66,66,32,50,21,21,39,45,44,44,44,44,19,59,56,56,56,56,14,0],"gold":199,"neow_bonus":"THREE_RARE_CARDS","is_prod":false,"is_daily":false,"chose_seed":false,"campfire_upgraded":2,"win_rate":0,"timestamp":1561173846,"path_taken":["M","M","?","M","?","E","?","E","T","?","?","M","R","?","R","BOSS","M","$","?","M","M","E"],"build_version":"2019-01-23","purchased_purges":0,"victory":false,"max_hp_per_floor":[75,75,75,75,75,75,75,75,75,75,75,75,75,72,72,72,72,72,72,72,72,72,72],"card_choices":[{"not_picked":["Brutality","Dark Embrace"],"picked":"Juggernaut","floor":0},{"not_picked":["Warcry","Rupture"],"picked":"Wild Strike","floor":1},{"not_picked":["Heavy Blade","Entrench"],"picked":"Clothesline","floor":2},{"not_picked":["Clash","Warcry"],"picked":"Thunderclap","floor":4},{"not_picked":["Feel No Pain","Warcry"],"picked":"Infernal Blade","floor":6},{"not_picked":["Blood for Blood","Dark Embrace"],"picked":"Sword Boomerang","floor":8},{"not_picked":["Infernal Blade","Rupture","Reckless Charge"],"picked":"SKIP","floor":11},{"not_picked":["Iron Wave","Combust"],"picked":"Fire Breathing","floor":12},{"not_picked":["Bludgeon","Immolate"],"picked":"Impervious","floor":16},{"not_picked":["Battle Trance","Sentinel"],"picked":"Disarm","floor":18},{"not_picked":["Clash","Thunderclap+1","Cleave"],"picked":"SKIP","floor":21},{"not_picked":["Sever Soul","Sword Boomerang"],"picked":"Ghostly Armor","floor":22}],"player_experience":988591,"relics_obtained":[{"floor":5,"key":"Whetstone"},{"floor":6,"key":"Boot"},{"floor":8,"key":"Champion Belt"},{"floor":9,"key":"Thread and Needle"}],"event_choices":[{"damage_healed":0,"gold_gain":0,"player_choice":"Ignored","damage_taken":0,"max_hp_gain":0,"max_hp_loss":0,"event_name":"Liars Game","floor":3,"gold_loss":0},{"damage_healed":18,"gold_gain":0,"player_choice":"Healed and dodged fight","damage_taken":0,"max_hp_gain":0,"max_hp_loss":0,"event_name":"Mushrooms","floor":7,"gold_loss":0,"cards_obtained":["Parasite"]},{"damage_healed":18,"gold_gain":0,"player_choice":"Healed","damage_taken":0,"max_hp_gain":0,"max_hp_loss":0,"event_name":"The Cleric","floor":10,"gold_loss":35},{"cards_removed":["Parasite"],"damage_healed":0,"gold_gain":0,"player_choice":"Forget","damage_taken":0,"max_hp_gain":0,"max_hp_loss":0,"event_name":"Living Wall","floor":14,"gold_loss":0},{"damage_healed":0,"gold_gain":0,"cards_transformed":["Sever Soul","Clothesline"],"player_choice":"Became Test Subject","damage_taken":0,"max_hp_gain":0,"max_hp_loss":0,"event_name":"Drug Dealer","floor":20,"gold_loss":0,"cards_obtained":["Seeing Red","Evolve"]}],"is_beta":false,"boss_relics":[{"not_picked":["Lizard Tail","Runic Pyramid"],"picked":"Astrolabe"}],"items_purged_floors":[],"is_endless":false,"potions_floor_spawned":[6,8,12,21],"killed_by":"Gremlin Leader","ascension_level":15}