{"gold_per_floor":[216,366,187,187,201,201,228,228,254,279,298,326,338,355,355,429,429,442,472,522,522,522,522,548,548,548,548,562,104,104,104],"floor_reached":31,"playtime":944,"items_purged":["Doubt"],"score":515,"play_id":"5aa44ce8-ab50-47d0-b0d1-abe335d4be8f","local_time":"20190624000426","is_ascension_mode":true,"campfire_choices":[{"data":"Flex","floor":6,"key":"SMITH"},{"data":"Sword Boomerang","floor":8,"key":"SMITH"},{"data":"Heavy Blade","floor":15,"key":"SMITH"},{"floor":23,"key":"REST"},{"data":"Armaments","floor":25,"key":"SMITH"},{"floor":27,"key":"REST"}],"neow_cost":"NONE","seed_source_timestamp":524213054397500,"circlet_count":0,"master_deck":["AscendersBane","Strike_R","Strike_R","Strike_R","Strike_R","Strike_R","Defend_R","Defend_R","Defend_R","Defend_R","Bash","Sword Boomerang+1","Flex+1","Clash","Rupture","Headbutt","Inflame","Pommel Strike+1","Havoc","Heavy Blade+1","Reaper","Feed+1","Iron Wave","Writhe","Armaments+1","J.A.X.","Feel No Pain+1","Sword Boomerang"],"relics":["Burning Blood","Ornamental Fan","Bag of Marbles","Gremlin Horn","Regal Pillow","Lizard Tail","Tiny Chest","Pantograph","Kunai","Whetstone"],"potions_floor_usage":[10,16,18,24],"damage_taken":[{"damage":7,"enemies":"Small Slimes","floor":1,"turns":3},{"damage":7,"enemies":"Jaw Worm","floor":5,"turns":3},{"damage":25,"enemies":"Lagavulin","floor":7,"turns":6},{"damage":5,"enemies":"Gremlin Nob","floor":10,"turns":3},{"damage":0,"enemies":"Cultist","floor":11,"turns":2},{"damage":0,"enemies":"Lagavulin","floor":12,"turns":3},{"damage":0,"enemies":"Large Slime","floor":13,"turns":3},{"damage":0,"enemies":"3 Louse","floor":14,"turns":1},{"damage":74,"enemies":"Hexaghost","floor":16,"turns":8},{"damage":49,"enemies":"3 Byrds","floor":18,"turns":6},{"damage":110,"enemies":"Gremlin Leader","floor":24,"turns":8},{"damage":9,"enemies":"Spheric Guardian","floor":28,"turns":3},{"damage":49,"enemies":"Slavers","floor":31,"turns":3}],"seed_played":"121313518937602248","potions_obtained":[{"floor":5,"key":"GamblersBrew"},{"floor":11,"key":"AttackPotion"},{"floor":14,"key":"Regen Potion"},{"floor":18,"key":"FearPotion"},{"floor":28,"key":"FearPotion"}],"is_trial":false,"path_per_floor":["M","?","$","?","M","R","E","R","T","E","M","E","M","M","R","B",null,"M","?","?","?","?","R","E","R","T","R","M","$","?","E"],"character_chosen":"IRONCLAD","items_purchased":["Flex","Clash","Kunai","Whetstone","Sword Boomerang"],"campfire_rested":2,"item_purchase_floors":[3,3,29,29,29],"current_hp_per_floor":[67,67,67,75,74,74,55,55,55,56,62,68,74,75,75,17,61,36,36,36,36,36,74,35,35,35,73,70,70,48,0],"gold":104,"neow_bonus":"HUNDRED_GOLD","is_prod":false,"is_daily":false,"chose_seed":false,"campfire_upgraded":4,"win_rate":0,"timestamp":1561349066,"path_taken":["M","?","$","?","M","R","E","R","T","E","?","E","M","M","R","BOSS","M","?","?","?","?","R","E","R","T","R","?","$","?","E"],"build_version":"2019-01-23","purchased_purges":1,"victory":false,"max_hp_per_floor":[75,75,75,75,75,75,75,75,75,75,75,75,75,75,75,75,75,78,78,78,78,78,78,78,78,78,78,78,78,83,83],"card_choices":[{"not_picked":["Body Slam","Seeing Red"],"picked":"Sword Boomerang","floor":1},{"not_picked":["Twin Strike","Power Through"],"picked":"Rupture","floor":5},{"not_picked":["Wild Strike","Second Wind"],"picked":"Headbutt","floor":7},{"not_picked":["Searing Blow","Perfected Strike"],"picked":"Inflame","floor":10},{"not_picked":["Iron Wave","Twin Strike"],"picked":"Pommel Strike","floor":11},{"not_picked":["Clothesline","Twin Strike"],"picked":"Havoc","floor":12},{"not_picked":["Armaments","Pommel Strike"],"picked":"Heavy Blade","floor":13},{"not_picked":["Disarm","Body Slam"],"picked":"Reaper","floor":14},{"not_picked":["Offering","Bludgeon"],"picked":"Feed","floor":16},{"not_picked":["Corruption","Clothesline"],"picked":"Iron Wave","floor":18},{"not_picked":["Reckless Charge","Twin Strike","Perfected Strike"],"picked":"SKIP","floor":24},{"not_picked":["Power Through","Clothesline+1"],"picked":"Feel No Pain+1","floor":28}],"player_experience":990350,"relics_obtained":[{"floor":7,"key":"Ornamental Fan"},{"floor":9,"key":"Bag of Marbles"},{"floor":10,"key":"Gremlin Horn"},{"floor":12,"key":"Regal Pillow"},{"floor":24,"key":"Pantograph"}],"event_choices":[{"damage_healed":0,"gold_gain":150,"player_choice":"AGREE","damage_taken":0,"max_hp_gain":0,"max_hp_loss":0,"event_name":"Liars Game","floor":2,"gold_loss":0,"cards_obtained":["Doubt"]},{"damage_healed":8,"gold_gain":0,"player_choice":"Full Heal","damage_taken":0,"max_hp_gain":0,"max_hp_loss":0,"event_name":"Wheel of Change","floor":4,"gold_loss":0},{"damage_healed":0,"gold_gain":0,"player_choice":"Opened","damage_taken":0,"relics_obtained":["Tiny Chest"],"max_hp_gain":0,"max_hp_loss":0,"event_name":"The Mausoleum","floor":19,"gold_loss":0,"cards_obtained":["Writhe"]},{"damage_healed":0,"gold_gain":50,"player_choice":"Stole From Cult","damage_taken":0,"max_hp_gain":0,"max_hp_loss":0,"event_name":"Nest","floor":20,"gold_loss":0},{"damage_healed":0,"gold_gain":0,"player_choice":"Read","damage_taken":0,"max_hp_gain":0,"max_hp_loss":0,"event_name":"The Library","floor":21,"gold_loss":0,"cards_obtained":["Armaments"]},{"damage_healed":0,"gold_gain":0,"player_choice":"Obtain J.A.X.","damage_taken":0,"max_hp_gain":0,"max_hp_loss":0,"event_name":"Drug Dealer","floor":22,"gold_loss":0,"cards_obtained":["J.A.X."]},{"damage_healed":0,"gold_gain":0,"player_choice":"Shed Blood","damage_taken":27,"max_hp_gain":5,"max_hp_loss":0,"event_name":"Forgotten Altar","floor":30,"gold_loss":0}],"is_beta":false,"boss_relics":[{"not_picked":["Philosopher\u0027s Stone","Black Blood"],"picked":"Lizard Tail"}],"items_purged_floors":[3],"is_endless":false,"potions_floor_spawned":[5,11,14,18,28],"killed_by":"Slavers","ascension_level":15}