{"gold_per_floor":[109,109,126,143,17,51,62,27,27,27,27,27,27,358,358,430,430,440,440,8,8,8,8,38,38,85,117,117,130,148,1,1,1],"floor_reached":33,"playtime":938,"items_purged":["Strike_R"],"score":531,"play_id":"b07c82de-d25c-4bff-ad10-f1ca5a9a245d","local_time":"20190626004853","is_ascension_mode":true,"campfire_choices":[{"data":"Armaments","floor":10,"key":"SMITH"},{"data":"Uppercut","floor":13,"key":"SMITH"},{"floor":15,"key":"REST"},{"data":"Spot Weakness","floor":23,"key":"SMITH"},{"floor":25,"key":"REST"},{"floor":32,"key":"REST"}],"neow_cost":"NONE","seed_source_timestamp":699686152498200,"circlet_count":0,"master_deck":["AscendersBane","Strike_R","Strike_R","Defend_R","Defend_R","Defend_R","Defend_R+1","Bash+1","Sword Boomerang","Uppercut+1","Carnage+1","Armaments+1","Sentinel","Havoc","Dropkick","Feed","Flame Barrier+1","Spot Weakness+1","Seeing Red","Sadistic Nature","Inflame","Shame","Flex","Decay"],"relics":["Burning Blood","Centennial Puzzle","Ginger","Mango","Old Coin","Black Star","Shuriken","Singing Bowl","Bag of Marbles","Letter Opener","Gremlin Horn","Potion Belt","Vajra"],"potions_floor_usage":[6,24,30,33],"damage_taken":[{"damage":11,"enemies":"Jaw Worm","floor":1,"turns":5},{"damage":1,"enemies":"Cultist","floor":3,"turns":3},{"damage":7,"enemies":"2 Louse","floor":4,"turns":3},{"damage":17,"enemies":"Gremlin Nob","floor":6,"turns":4},{"damage":8,"enemies":"Looter","floor":7,"turns":2},{"damage":18,"enemies":"3 Sentries","floor":14,"turns":7},{"damage":54,"enemies":"The Guardian","floor":16,"turns":10},{"damage":8,"enemies":"Chosen","floor":18,"turns":5},{"damage":55,"enemies":"Slavers","floor":24,"turns":8},{"damage":21,"enemies":"Gremlin Leader","floor":27,"turns":8},{"damage":4,"enemies":"Shell Parasite","floor":29,"turns":2},{"damage":41,"enemies":"Cultist and Chosen","floor":30,"turns":6},{"damage":55,"enemies":"Collector","floor":33,"turns":6}],"seed_played":"-9177604795095018251","potions_obtained":[{"floor":4,"key":"PowerPotion"},{"floor":6,"key":"Block Potion"},{"floor":18,"key":"Regen Potion"},{"floor":30,"key":"BloodPotion"}],"is_trial":false,"path_per_floor":["M","?","M","M","$","E","M","?","T","R","$","?","R","E","R","B",null,"M","?","$","?","?","R","E","R","T","E","?","M","M","$","R","B"],"character_chosen":"IRONCLAD","items_purchased":["Armaments","Shuriken","Sadistic Nature","Vajra"],"campfire_rested":3,"item_purchase_floors":[5,20,20,31],"current_hp_per_floor":[63,63,68,67,67,56,54,72,86,86,86,59,59,47,73,25,73,71,71,71,71,71,71,22,48,48,35,35,39,15,15,43,0],"gold":1,"neow_bonus":"RANDOM_COMMON_RELIC","is_prod":false,"is_daily":false,"chose_seed":false,"campfire_upgraded":3,"win_rate":0,"timestamp":1561524533,"path_taken":["M","?","?","M","$","E","M","?","T","R","$","?","R","E","R","BOSS","M","?","$","?","?","R","E","R","T","E","?","?","M","$","R","BOSS"],"build_version":"2019-01-23","purchased_purges":1,"victory":false,"max_hp_per_floor":[75,75,75,75,75,75,75,75,89,89,89,89,89,89,89,89,89,89,89,89,89,89,89,89,89,89,91,91,93,95,95,95,95],"card_choices":[{"not_picked":["Twin Strike","Headbutt"],"picked":"Sword Boomerang","floor":1},{"not_picked":["Twin Strike","Cleave"],"picked":"Uppercut","floor":3},{"not_picked":["Evolve","Sentinel"],"picked":"Carnage","floor":4},{"not_picked":["Havoc","Armaments"],"picked":"Sentinel","floor":6},{"not_picked":["Armaments","Carnage"],"picked":"Havoc","floor":7},{"not_picked":["Double Tap","Body Slam"],"picked":"Dropkick","floor":14},{"not_picked":["Fiend Fire","Double Tap"],"picked":"Feed","floor":16},{"not_picked":["Thunderclap","Pommel Strike"],"picked":"Flame Barrier+1","floor":18},{"not_picked":["Shrug It Off","Dual Wield"],"picked":"Flex","floor":24},{"not_picked":["Inflame","Wild Strike+1","Ghostly Armor"],"picked":"Singing Bowl","floor":27},{"not_picked":["Havoc","Warcry","Sever Soul"],"picked":"Singing Bowl","floor":29},{"not_picked":["Whirlwind","Cleave","Twin Strike+1"],"picked":"Singing Bowl","floor":30}],"player_experience":991427,"relics_obtained":[{"floor":6,"key":"Ginger"},{"floor":9,"key":"Mango"},{"floor":14,"key":"Old Coin"},{"floor":24,"key":"Bag of Marbles"},{"floor":24,"key":"Letter Opener"},{"floor":27,"key":"Gremlin Horn"},{"floor":27,"key":"Potion Belt"}],"event_choices":[{"damage_healed":0,"gold_gain":0,"player_choice":"Upgraded","damage_taken":0,"max_hp_gain":0,"max_hp_loss":0,"event_name":"Upgrade Shrine","floor":2,"gold_loss":0,"cards_upgraded":["Bash"]},{"damage_healed":18,"gold_gain":0,"player_choice":"Healed","damage_taken":0,"max_hp_gain":0,"max_hp_loss":0,"event_name":"The Cleric","floor":8,"gold_loss":35},{"damage_healed":0,"gold_gain":0,"player_choice":"Entered Light","damage_taken":27,"max_hp_gain":0,"max_hp_loss":0,"event_name":"Shining Light","floor":12,"gold_loss":0,"cards_upgraded":["Carnage","Defend_R"]},{"damage_healed":0,"gold_gain":0,"cards_transformed":["Strike_R","Strike_R"],"player_choice":"Became Test Subject","damage_taken":0,"max_hp_gain":0,"max_hp_loss":0,"event_name":"Drug Dealer","floor":19,"gold_loss":0,"cards_obtained":["Spot Weakness","Seeing Red"]},{"damage_healed":0,"gold_gain":0,"player_choice":"Read","damage_taken":0,"max_hp_gain":0,"max_hp_loss":0,"event_name":"The Library","floor":21,"gold_loss":0,"cards_obtained":["Inflame"]},{"damage_healed":0,"gold_gain":0,"player_choice":"Stole Relic","damage_taken":0,"relics_obtained":["Singing Bowl"],"max_hp_gain":0,"max_hp_loss":0,"event_name":"Addict","floor":22,"gold_loss":0,"cards_obtained":["Shame"]},{"damage_healed":0,"gold_gain":0,"player_choice":"Smashed Altar","damage_taken":0,"max_hp_gain":0,"max_hp_loss":0,"event_name":"Forgotten Altar","floor":28,"gold_loss":0,"cards_obtained":["Decay"]}],"is_beta":false,"boss_relics":[{"not_picked":["Runic Dome","Philosopher\u0027s Stone"],"picked":"Black Star"}],"items_purged_floors":[5],"is_endless":false,"potions_floor_spawned":[4,6,18,30],"killed_by":"Collector","ascension_level":15}