{"gold_per_floor":[118,16,16,28,78,78,94,94,94,124,142,142,172,207,207,284,284,299,299,315,315,315],"floor_reached":22,"playtime":626,"items_purged":[],"score":336,"play_id":"beb5c28a-4875-49a2-909a-afbfaf704844","local_time":"20190711210110","is_ascension_mode":true,"campfire_choices":[{"data":"Armaments","floor":6,"key":"SMITH"},{"data":"Bash","floor":8,"key":"SMITH"},{"data":"Uppercut","floor":15,"key":"SMITH"}],"neow_cost":"NONE","seed_source_timestamp":255390559490900,"circlet_count":0,"master_deck":["AscendersBane","Strike_R","Strike_R","Strike_R","Strike_R","Strike_R","Defend_R","Defend_R","Defend_R","Defend_R","Bash+1","Armaments+1","Clash","Shrug It Off","Regret","Dropkick","Twin Strike","Carnage","Uppercut+1","Flame Barrier","Double Tap","Disarm+1","Decay"],"relics":["Burning Blood","NeowsBlessing","Mercury Hourglass","Ornamental Fan","Pen Nib","Dodecahedron","Question Card","Eternal Feather"],"potions_floor_usage":[10,11,14,14,16,20,22],"damage_taken":[{"damage":0,"enemies":"Small Slimes","floor":1,"turns":1},{"damage":0,"enemies":"Jaw Worm","floor":4,"turns":1},{"damage":0,"enemies":"Cultist","floor":7,"turns":1},{"damage":40,"enemies":"Lagavulin","floor":10,"turns":7},{"damage":4,"enemies":"2 Fungi Beasts","floor":11,"turns":2},{"damage":20,"enemies":"3 Sentries","floor":14,"turns":3},{"damage":25,"enemies":"Hexaghost","floor":16,"turns":9},{"damage":41,"enemies":"Spheric Guardian","floor":18,"turns":6},{"damage":13,"enemies":"3 Byrds","floor":20,"turns":4},{"damage":24,"enemies":"Sentry and Sphere","floor":22,"turns":3}],"seed_played":"-1125949986112208953","potions_obtained":[{"floor":7,"key":"AttackPotion"},{"floor":10,"key":"EntropicBrew"},{"floor":14,"key":"SkillPotion"},{"floor":18,"key":"EssenceOfSteel"},{"floor":20,"key":"SkillPotion"}],"is_trial":false,"path_per_floor":["M","$","?","M","?","R","M","R","T","E","M","?","?","E","R","B",null,"M","?","M","?","M"],"character_chosen":"IRONCLAD","items_purchased":["Clash","Shrug It Off"],"campfire_rested":0,"item_purchase_floors":[2,2],"current_hp_per_floor":[74,74,74,75,75,75,75,75,75,41,43,43,43,29,29,10,59,24,24,17,17,0],"gold":315,"neow_bonus":"THREE_ENEMY_KILL","is_prod":false,"is_daily":false,"chose_seed":false,"campfire_upgraded":3,"win_rate":0,"timestamp":1562893270,"path_taken":["M","$","?","M","?","R","?","R","T","E","M","?","?","E","R","BOSS","M","?","M","?","M"],"build_version":"2019-07-05","purchased_purges":0,"victory":false,"max_hp_per_floor":[75,75,75,75,75,75,75,75,75,75,75,75,75,75,75,75,75,75,75,75,75,75],"card_choices":[{"not_picked":["Thunderclap","Body Slam"],"picked":"Armaments","floor":1},{"not_picked":["Hemokinesis","Shrug It Off"],"picked":"Dropkick","floor":4},{"not_picked":["Heavy Blade","Ghostly Armor"],"picked":"Twin Strike","floor":7},{"not_picked":["Armaments","Iron Wave"],"picked":"Carnage","floor":10},{"not_picked":["Blood for Blood","Body Slam"],"picked":"Uppercut","floor":11},{"not_picked":["Fiend Fire","Bloodletting"],"picked":"Flame Barrier","floor":14},{"not_picked":["Fiend Fire","Barricade","Brutality"],"picked":"Double Tap","floor":16},{"not_picked":["Anger","Rupture","Headbutt+1","Cleave"],"picked":"SKIP","floor":18},{"not_picked":["Twin Strike","Wild Strike","Warcry"],"picked":"Disarm+1","floor":20}],"player_experience":996516,"relics_obtained":[{"floor":9,"key":"Ornamental Fan"},{"floor":10,"key":"Pen Nib"},{"floor":14,"key":"Question Card"}],"event_choices":[{"damage_healed":0,"gold_gain":0,"player_choice":"Box","damage_taken":0,"relics_obtained":["Mercury Hourglass"],"max_hp_gain":0,"max_hp_loss":0,"event_name":"Big Fish","floor":3,"gold_loss":0,"cards_obtained":["Regret"]},{"damage_healed":0,"gold_gain":50,"player_choice":"Pray","damage_taken":0,"max_hp_gain":0,"max_hp_loss":0,"event_name":"Golden Shrine","floor":5,"gold_loss":0},{"damage_healed":0,"gold_gain":0,"player_choice":"Ignored","damage_taken":0,"max_hp_gain":0,"max_hp_loss":0,"event_name":"Liars Game","floor":12,"gold_loss":0},{"damage_healed":0,"gold_gain":30,"player_choice":"Searched \u00272\u0027 times","damage_taken":0,"relics_obtained":["Dodecahedron"],"max_hp_gain":0,"max_hp_loss":0,"event_name":"Dead Adventurer","floor":13,"gold_loss":0},{"damage_healed":0,"gold_gain":0,"player_choice":"Ignored","damage_taken":0,"max_hp_gain":0,"max_hp_loss":0,"event_name":"Ghosts","floor":19,"gold_loss":0},{"damage_healed":0,"gold_gain":0,"player_choice":"Smashed Altar","damage_taken":0,"max_hp_gain":0,"max_hp_loss":0,"event_name":"Forgotten Altar","floor":21,"gold_loss":0,"cards_obtained":["Decay"]}],"is_beta":false,"boss_relics":[{"not_picked":["Tiny House","White Beast Statue"],"picked":"Eternal Feather"}],"items_purged_floors":[],"is_endless":false,"potions_floor_spawned":[7,10,11,14,18,20],"killed_by":"Sentry and Sphere","ascension_level":15}