{"gold_per_floor":[116,132,132,132,145,145,70,70,97,97,129,48,120,152,152,224,224,235,250,250,300,314,314,340,340,364,364,384,384,402,81,81,155,155,174,174,174,174,27,55,67,0,94,106,118,147,159,184,196,208,220,232,45,75,75],"floor_reached":55,"playtime":1925,"items_purged":["Strike_R+1"],"score":1299,"play_id":"d1a27bc2-0a5f-403b-a0e3-5ef631236667","local_time":"20190822185655","is_ascension_mode":true,"campfire_choices":[{"data":"1","floor":6.0,"key":"LIFT"},{"data":"2","floor":8.0,"key":"LIFT"},{"data":"3","floor":10.0,"key":"LIFT"},{"floor":15.0,"key":"REST"},{"data":"Heavy Blade","floor":23.0,"key":"SMITH"},{"floor":25.0,"key":"REST"},{"floor":27.0,"key":"RECALL"},{"data":"Limit Break","floor":32.0,"key":"SMITH"},{"floor":41.0,"key":"REST"},{"data":"Sword Boomerang","floor":47.0,"key":"SMITH"},{"data":"Inflame","floor":49.0,"key":"SMITH"},{"data":"Pummel","floor":52,"key":"SMITH"}],"neow_cost":"TEN_PERCENT_HP_LOSS","seed_source_timestamp":0,"circlet_count":0,"master_deck":["AscendersBane","Strike_R+1","Strike_R+1","Defend_R+1","Defend_R+1","Defend_R+1","Defend_R+1","Bash","Inflame+1","Heavy Blade+1","Hemokinesis","Inflame","Intimidate","Spot Weakness","Shrug It Off","Feed+1","Infernal Blade","Whirlwind","Ghostly Armor","Limit Break+1","Pummel+1","Jack Of All Trades+1","Reaper","Rage+1","Sadistic Nature","Sword Boomerang+1"],"special_seed":0,"relics":["Burning Blood","Girya","Bronze Scales","Darkstone Periapt","Mummified Hand","Regal Pillow","Philosopher\u0027s Stone","FossilizedHelix","Juzu Bracelet","Runic Cube","Vajra","MawBank","Red Mask","Bottled Lightning"],"potions_floor_usage":[50,50,54,55],"damage_taken":[{"damage":9.0,"enemies":"2 Louse","floor":1.0,"turns":4.0},{"damage":9.0,"enemies":"Jaw Worm","floor":2.0,"turns":4.0},{"damage":15.0,"enemies":"Small Slimes","floor":5.0,"turns":3.0},{"damage":28.0,"enemies":"Lagavulin","floor":11.0,"turns":5.0},{"damage":24.0,"enemies":"Gremlin Nob","floor":14.0,"turns":4.0},{"damage":6.0,"enemies":"Slime Boss","floor":16.0,"turns":6.0},{"damage":27.0,"enemies":"2 Thieves","floor":18.0,"turns":3.0},{"damage":19.0,"enemies":"3 Byrds","floor":19.0,"turns":3.0},{"damage":18.0,"enemies":"Centurion and Healer","floor":22.0,"turns":3.0},{"damage":25.0,"enemies":"Slavers","floor":24.0,"turns":4.0},{"damage":3.0,"enemies":"Snecko","floor":28.0,"turns":3.0},{"damage":13.0,"enemies":"3 Cultists","floor":30.0,"turns":3.0},{"damage":32.0,"enemies":"Champ","floor":33.0,"turns":7.0},{"damage":25.0,"enemies":"3 Shapes","floor":35.0,"turns":5.0},{"damage":41.0,"enemies":"Reptomancer","floor":40.0,"turns":6.0},{"damage":0.0,"enemies":"Orb Walker","floor":46.0,"turns":2.0},{"damage":22.0,"enemies":"Maw","floor":48.0,"turns":6.0},{"damage":36,"enemies":"Time Eater","floor":50,"turns":6},{"damage":65,"enemies":"Shield and Spear","floor":54,"turns":4},{"damage":19,"enemies":"The Heart","floor":55,"turns":2}],"seed_played":"-1027566866563647669","potions_obtained":[{"floor":1.0,"key":"AttackPotion"},{"floor":5.0,"key":"BloodPotion"},{"floor":11.0,"key":"Fire Potion"},{"floor":24.0,"key":"LiquidBronze"},{"floor":33.0,"key":"Block Potion"},{"floor":40.0,"key":"Strength Potion"},{"floor":54,"key":"EssenceOfSteel"}],"is_trial":false,"path_per_floor":["M","M","$","?","M","R","?","R","T","R","E","$","T","E","R","B",null,"M","M","?","?","M","R","E","R","T","R","M","?","M","$","R","B",null,"M","?","?","?","$","E","R","?","T","?","?","M","R","M","R","B",null,"R","$","E","B"],"character_chosen":"IRONCLAD","items_purchased":["Spot Weakness","Limit Break","Pummel","Jack Of All Trades","Vajra","SteroidPotion","Regen Potion"],"campfire_rested":3,"item_purchase_floors":[12,31,31,31,39,53,53],"current_hp_per_floor":[65,62,62,62,53,53,53,53,53,53,31,31,31,13,48,48,63,45,35,35,35,44,44,25,63,63,63,69,69,62,62,62,36,69,54,54,54,54,54,49,84,84,84,80,80,80,80,64,64,34,69,69,69,19,0],"gold":75,"neow_bonus":"ONE_RARE_RELIC","is_prod":false,"is_daily":false,"chose_seed":false,"campfire_upgraded":5,"win_rate":0,"timestamp":1566514615,"path_taken":["M","M","$","?","M","R","?","R","T","R","E","$","?","E","R","BOSS","M","M","?","?","M","R","E","R","T","R","M","?","M","$","R","BOSS","M","?","?","?","$","E","R","?","T","?","?","M","R","M","R","BOSS","R","$","E","BOSS"],"build_version":"2019-07-17","purchased_purges":1,"victory":false,"max_hp_per_floor":[68,68,68,68,68,68,68,68,68,68,68,68,68,68,68,68,68,71,74,74,74,77,77,77,77,77,77,80,80,80,80,80,80,80,84,84,84,84,84,84,84,84,84,80,80,80,80,80,80,80,80,80,80,80,80],"card_choices":[{"not_picked":["Second Wind","Battle Trance"],"picked":"Inflame","floor":1.0},{"not_picked":["Reckless Charge","Intimidate"],"picked":"Heavy Blade","floor":2.0},{"not_picked":["Pommel Strike","Thunderclap"],"picked":"Inflame","floor":5.0},{"not_picked":["Havoc","Heavy Blade"],"picked":"Intimidate","floor":11.0},{"not_picked":["Hemokinesis","Sever Soul"],"picked":"Shrug It Off","floor":14.0},{"not_picked":["Exhume","Barricade"],"picked":"Feed","floor":16.0},{"not_picked":["Armaments","Headbutt"],"picked":"Infernal Blade","floor":18.0},{"not_picked":["Rampage","Clash"],"picked":"Whirlwind","floor":19.0},{"not_picked":["Clothesline","True Grit"],"picked":"Ghostly Armor","floor":22.0},{"not_picked":["Iron Wave","Clothesline","Bloodletting"],"picked":"SKIP","floor":24.0},{"not_picked":["Body Slam","Iron Wave","Twin Strike"],"picked":"SKIP","floor":28.0},{"not_picked":["Reckless Charge","Thunderclap+1"],"picked":"Rupture","floor":30.0},{"not_picked":["Bludgeon","Impervious"],"picked":"Reaper","floor":33.0},{"not_picked":["Havoc","Thunderclap"],"picked":"Rage+1","floor":35.0},{"not_picked":["Impatience","Chrysalis"],"picked":"Sadistic Nature","floor":38.0},{"not_picked":["Thunderclap","Burning Pact","Heavy Blade"],"picked":"SKIP","floor":40.0},{"not_picked":["Hemokinesis+1","True Grit"],"picked":"Sword Boomerang","floor":46.0},{"not_picked":["Clash","Body Slam+1","True Grit"],"picked":"SKIP","floor":48.0},{"not_picked":["Hemokinesis","Feed","Bloodletting+1"],"picked":"SKIP","floor":54}],"player_experience":1007939,"relics_obtained":[{"floor":9.0,"key":"Bronze Scales"},{"floor":11.0,"key":"Darkstone Periapt"},{"floor":13.0,"key":"Mummified Hand"},{"floor":14.0,"key":"Regal Pillow"},{"floor":24.0,"key":"FossilizedHelix"},{"floor":26.0,"key":"Juzu Bracelet"},{"floor":40.0,"key":"MawBank"},{"floor":54,"key":"Bottled Lightning"}],"event_choices":[{"damage_healed":0.0,"max_hp_gain":0.0,"max_hp_loss":0.0,"gold_gain":0.0,"cards_transformed":["Strike_R"],"event_name":"Living Wall","player_choice":"Change","floor":4.0,"gold_loss":0.0,"damage_taken":0.0,"cards_obtained":["Hemokinesis"]},{"cards_removed":["Strike_R"],"damage_healed":0.0,"max_hp_gain":0.0,"max_hp_loss":0.0,"gold_gain":0.0,"event_name":"The Cleric","player_choice":"Card Removal","floor":7.0,"gold_loss":75.0,"damage_taken":0.0},{"damage_healed":0.0,"max_hp_gain":0.0,"max_hp_loss":0.0,"gold_gain":0.0,"event_name":"Back to Basics","player_choice":"Simplicity","floor":20.0,"gold_loss":0.0,"damage_taken":0.0,"cards_upgraded":["Strike_R","Strike_R","Strike_R","Defend_R","Defend_R","Defend_R","Defend_R"]},{"damage_healed":0.0,"max_hp_gain":0.0,"max_hp_loss":0.0,"gold_gain":50.0,"event_name":"Nest","player_choice":"Stole From Cult","floor":21.0,"gold_loss":0.0,"damage_taken":0.0},{"damage_healed":0.0,"max_hp_gain":0.0,"max_hp_loss":0.0,"gold_gain":0.0,"event_name":"Upgrade Shrine","player_choice":"Upgraded","floor":29.0,"gold_loss":0.0,"damage_taken":0.0,"cards_upgraded":["Feed"]},{"cards_removed":["Rupture"],"damage_healed":0.0,"max_hp_gain":0.0,"max_hp_loss":0.0,"gold_gain":0.0,"event_name":"Falling","player_choice":"Removed Power","floor":36.0,"gold_loss":0.0,"damage_taken":0.0},{"damage_healed":0.0,"max_hp_gain":0.0,"max_hp_loss":0.0,"gold_gain":0.0,"event_name":"Upgrade Shrine","player_choice":"Upgraded","floor":37.0,"gold_loss":0.0,"damage_taken":0.0,"cards_upgraded":["Jack Of All Trades"]},{"damage_healed":0.0,"max_hp_gain":0.0,"max_hp_loss":0.0,"gold_gain":0.0,"event_name":"SensoryStone","player_choice":"Memory 1","floor":38.0,"gold_loss":0.0,"damage_taken":0.0},{"damage_healed":0.0,"max_hp_gain":0.0,"max_hp_loss":0.0,"gold_gain":0.0,"event_name":"Tomb of Lord Red Mask","player_choice":"Paid","floor":42.0,"gold_loss":79.0,"damage_taken":0.0,"relics_obtained":["Red Mask"]},{"damage_healed":0.0,"max_hp_gain":0.0,"max_hp_loss":4.0,"gold_gain":0.0,"event_name":"Winding Halls","player_choice":"Max HP","floor":44.0,"gold_loss":0.0,"damage_taken":0.0},{"damage_healed":0.0,"max_hp_gain":0.0,"max_hp_loss":0.0,"gold_gain":0.0,"event_name":"Lab","player_choice":"Got Potions","floor":45.0,"gold_loss":0.0,"damage_taken":0.0}],"is_beta":false,"boss_relics":[{"not_picked":["Velvet Choker","Orrery"],"picked":"Philosopher\u0027s Stone"},{"not_picked":["Black Blood","White Beast Statue"],"picked":"Runic Cube"}],"items_purged_floors":[53],"is_endless":false,"potions_floor_spawned":[1,5,11,18,24,33,40,46,54],"killed_by":"The Heart","ascension_level":15}