{"gold_per_floor":[119,119,129,204,214,214,214,364,364,15,68,68,112,181,181,181],"floor_reached":16,"playtime":542,"items_purged":["Doubt"],"score":194,"play_id":"425adfe8-7ec8-4090-be45-de7ce733d75e","local_time":"20191016141323","is_ascension_mode":true,"campfire_choices":[{"data":"Rampage","floor":6,"key":"SMITH"},{"floor":12,"key":"REST"},{"data":"True Grit","floor":15,"key":"SMITH"}],"neow_cost":"NONE","seed_source_timestamp":1450593104130800,"circlet_count":0,"master_deck":["AscendersBane","Strike_R","Strike_R","Strike_R+1","Strike_R+1","Strike_R","Defend_R","Defend_R","Defend_R+1","Defend_R+1","Bash","True Grit+1","Rampage+1","Shrug It Off","Injury","Panacea+1","HandOfGreed","Feed","Sentinel+1","Havoc+1"],"relics":["Burning Blood","War Paint","Golden Idol","Toxic Egg 2","Lantern","Tiny Chest"],"potions_floor_usage":[16],"damage_taken":[{"damage":2,"enemies":"2 Louse","floor":1,"turns":4},{"damage":5,"enemies":"Jaw Worm","floor":3,"turns":4},{"damage":0,"enemies":"Cultist","floor":5,"turns":3},{"damage":26,"enemies":"Gremlin Nob","floor":11,"turns":5},{"damage":6,"enemies":"Looter","floor":13,"turns":3},{"damage":28,"enemies":"Lagavulin","floor":14,"turns":9},{"damage":34,"enemies":"Hexaghost","floor":16,"turns":10}],"seed_played":"-3204152778180429077","potions_obtained":[{"floor":3,"key":"Energy Potion"}],"is_trial":false,"path_per_floor":["M","?","M","?","M","R","?","?","T","$","E","R","M","E","R","B"],"character_chosen":"IRONCLAD","items_purchased":["Panacea+1","HandOfGreed"],"campfire_rested":1,"item_purchase_floors":[10,10],"current_hp_per_floor":[72,49,50,39,45,45,45,45,45,45,25,47,47,28,28,0],"gold":181,"neow_bonus":"RANDOM_COMMON_RELIC","is_prod":false,"is_daily":false,"chose_seed":false,"campfire_upgraded":2,"win_rate":0,"timestamp":1571249603,"path_taken":["M","?","M","?","M","R","?","?","T","$","E","R","?","E","R","BOSS"],"build_version":"2019-07-17","purchased_purges":1,"victory":false,"max_hp_per_floor":[75,75,75,75,75,75,75,75,75,75,75,75,75,78,78,78],"card_choices":[{"not_picked":["Rupture","Anger"],"picked":"True Grit","floor":1},{"not_picked":["Headbutt","Shockwave"],"picked":"Rampage","floor":3},{"not_picked":["Wild Strike","Armaments"],"picked":"Shrug It Off","floor":5},{"not_picked":["True Grit+1","Heavy Blade"],"picked":"Feed","floor":11},{"not_picked":["Clothesline","True Grit+1"],"picked":"Sentinel+1","floor":13},{"not_picked":["Hemokinesis","Warcry+1"],"picked":"Havoc+1","floor":14}],"player_experience":1031937,"relics_obtained":[{"floor":9,"key":"Toxic Egg 2"},{"floor":11,"key":"Lantern"},{"floor":14,"key":"Tiny Chest"}],"event_choices":[{"damage_healed":0,"gold_gain":0,"player_choice":"Entered Light","damage_taken":23,"max_hp_gain":0,"max_hp_loss":0,"event_name":"Shining Light","floor":2,"gold_loss":0,"cards_upgraded":["Strike_R","Strike_R"]},{"damage_healed":0,"gold_gain":75,"player_choice":"Gather Gold","damage_taken":11,"max_hp_gain":0,"max_hp_loss":0,"event_name":"World of Goop","floor":4,"gold_loss":0},{"damage_healed":0,"gold_gain":0,"player_choice":"Take Wound","damage_taken":0,"relics_obtained":["Golden Idol"],"max_hp_gain":0,"max_hp_loss":0,"event_name":"Golden Idol","floor":7,"gold_loss":0,"cards_obtained":["Injury"]},{"damage_healed":0,"gold_gain":150,"player_choice":"AGREE","damage_taken":0,"max_hp_gain":0,"max_hp_loss":0,"event_name":"Liars Game","floor":8,"gold_loss":0,"cards_obtained":["Doubt"]}],"is_beta":false,"boss_relics":[],"items_purged_floors":[10],"is_endless":false,"potions_floor_spawned":[3],"killed_by":"Hexaghost","ascension_level":16}