{"gold_per_floor":[118,138,154,154,154,154,482,10,10,10,20,20,20,50,50,50],"floor_reached":16,"playtime":408,"items_purged":[],"score":181,"play_id":"f01c3722-c3ea-4286-950a-21141c2751cf","local_time":"20200221163959","is_ascension_mode":true,"campfire_choices":[{"data":"Bash","floor":6,"key":"SMITH"},{"floor":13,"key":"REST"},{"data":"Perfected Strike","floor":15,"key":"SMITH"}],"neow_cost":"NONE","seed_source_timestamp":1037408899997800,"circlet_count":0,"master_deck":["AscendersBane","Strike_R","Strike_R+1","Strike_R","Strike_R","Strike_R","Defend_R+1","Defend_R","Defend_R","Defend_R","Bash+1","Clothesline","Sword Boomerang","Regret","Perfected Strike+1","Havoc","Dark Embrace","Fire Breathing"],"relics":["Burning Blood","HornCleat","Old Coin","Strange Spoon","Red Skull","Matryoshka"],"potions_floor_usage":[7,7,7],"damage_taken":[{"damage":5,"enemies":"2 Louse","floor":1,"turns":4},{"damage":13,"enemies":"Small Slimes","floor":2,"turns":4},{"damage":7,"enemies":"Jaw Worm","floor":3,"turns":4},{"damage":41,"enemies":"Lagavulin","floor":7,"turns":7},{"damage":3,"enemies":"2 Fungi Beasts","floor":11,"turns":3},{"damage":36,"enemies":"Slime Boss","floor":16,"turns":3}],"seed_played":"8051441459004708004","potions_obtained":[{"floor":1,"key":"Explosive Potion"},{"floor":2,"key":"EntropicBrew"}],"is_trial":false,"path_per_floor":["M","M","M","?","?","R","E","$","T","$","M","$","R","?","R","B"],"character_chosen":"IRONCLAD","items_purchased":["Strange Spoon","Havoc","Dark Embrace","Red Skull"],"campfire_rested":1,"item_purchase_floors":[8,8,8,8],"current_hp_per_floor":[76,69,68,68,43,43,8,8,8,8,11,11,35,35,35,0],"gold":50,"neow_bonus":"TEN_PERCENT_HP_BONUS","is_prod":false,"is_daily":false,"chose_seed":false,"campfire_upgraded":2,"win_rate":0,"timestamp":1582321199,"path_taken":["M","M","M","?","?","R","E","$","T","?","M","$","R","?","R","BOSS"],"build_version":"2020-01-27","purchased_purges":0,"victory":false,"max_hp_per_floor":[82,82,82,82,82,82,82,82,82,82,82,82,82,82,82,82],"card_choices":[{"not_picked":["Intimidate","Dual Wield"],"picked":"Clothesline","floor":1},{"not_picked":["Flex","Twin Strike"],"picked":"Sword Boomerang","floor":2},{"not_picked":["Dual Wield","Burning Pact","Body Slam"],"picked":"SKIP","floor":3},{"not_picked":["Heavy Blade","Brutality"],"picked":"Perfected Strike","floor":7},{"not_picked":["Cleave","Infernal Blade"],"picked":"Fire Breathing","floor":11}],"player_experience":1077781,"relics_obtained":[{"floor":7,"key":"Old Coin"},{"floor":9,"key":"Matryoshka"}],"event_choices":[{"damage_healed":0,"gold_gain":0,"player_choice":"Box","damage_taken":0,"relics_obtained":["HornCleat"],"max_hp_gain":0,"max_hp_loss":0,"event_name":"Big Fish","floor":4,"gold_loss":0,"cards_obtained":["Regret"]},{"damage_healed":0,"gold_gain":0,"player_choice":"Entered Light","damage_taken":25,"max_hp_gain":0,"max_hp_loss":0,"event_name":"Shining Light","floor":5,"gold_loss":0,"cards_upgraded":["Defend_R","Strike_R"]},{"damage_healed":0,"gold_gain":30,"player_choice":"Searched \u00271\u0027 times","damage_taken":0,"max_hp_gain":0,"max_hp_loss":0,"event_name":"Dead Adventurer","floor":14,"gold_loss":0}],"is_beta":false,"boss_relics":[],"items_purged_floors":[],"is_endless":false,"potions_floor_spawned":[1,2],"killed_by":"Slime Boss","ascension_level":17}