{"gold_per_floor":[11,11,11,31,31,31,31,67,67,67],"floor_reached":10,"playtime":364,"items_purged":[],"score":118,"play_id":"b3ba8176-ec8a-449f-9e2d-e899a0a15221","local_time":"20200221164639","is_ascension_mode":true,"campfire_choices":[{"data":"True Grit","floor":6,"key":"SMITH"}],"neow_cost":"NO_GOLD","seed_source_timestamp":1037852439711200,"circlet_count":0,"master_deck":["AscendersBane","Strike_R","Strike_R","Strike_R","Defend_R","Defend_R","Defend_R+1","Bash","Rage+1","True Grit+1","Sentinel","Injury","Heavy Blade"],"relics":["Burning Blood","Dream Catcher","Golden Idol","Pen Nib","Vajra"],"potions_floor_usage":[10],"damage_taken":[{"damage":9,"enemies":"Jaw Worm","floor":1,"turns":5},{"damage":1,"enemies":"2 Louse","floor":4,"turns":3},{"damage":34,"enemies":"3 Sentries","floor":8,"turns":17},{"damage":20,"enemies":"Lagavulin","floor":10,"turns":6}],"seed_played":"-5367207000629520198","potions_obtained":[{"floor":1,"key":"Weak Potion"},{"floor":8,"key":"Strength Potion"}],"is_trial":false,"path_per_floor":["M","?","?","M","?","R","?","E","T","E"],"character_chosen":"IRONCLAD","items_purchased":[],"campfire_rested":0,"item_purchase_floors":[],"current_hp_per_floor":[65,65,65,70,70,70,47,19,19,0],"gold":67,"neow_bonus":"REMOVE_TWO","is_prod":false,"is_daily":false,"chose_seed":false,"campfire_upgraded":1,"win_rate":0,"timestamp":1582321599,"path_taken":["M","?","?","?","?","R","?","E","T","E"],"build_version":"2020-01-27","purchased_purges":0,"victory":false,"max_hp_per_floor":[75,75,75,75,75,75,75,75,75,75],"card_choices":[{"not_picked":["Flex","Iron Wave"],"picked":"Rage","floor":1},{"not_picked":["Metallicize","Sword Boomerang"],"picked":"Sentinel","floor":4},{"not_picked":["Twin Strike","Berserk"],"picked":"Heavy Blade","floor":8}],"player_experience":1078189,"relics_obtained":[{"floor":8,"key":"Pen Nib"},{"floor":9,"key":"Vajra"}],"event_choices":[{"damage_healed":0,"gold_gain":0,"cards_transformed":["Strike_R"],"player_choice":"Change","damage_taken":0,"max_hp_gain":0,"max_hp_loss":0,"event_name":"Living Wall","floor":2,"gold_loss":0,"cards_obtained":["True Grit"]},{"damage_healed":0,"gold_gain":0,"player_choice":"Gave Potion","damage_taken":0,"relics_obtained":["Dream Catcher"],"max_hp_gain":0,"max_hp_loss":0,"event_name":"WeMeetAgain","floor":3,"gold_loss":0},{"damage_healed":0,"gold_gain":0,"player_choice":"Take Wound","damage_taken":0,"relics_obtained":["Golden Idol"],"max_hp_gain":0,"max_hp_loss":0,"event_name":"Golden Idol","floor":5,"gold_loss":0,"cards_obtained":["Injury"]},{"damage_healed":0,"gold_gain":0,"player_choice":"Entered Light","damage_taken":23,"max_hp_gain":0,"max_hp_loss":0,"event_name":"Shining Light","floor":7,"gold_loss":0,"cards_upgraded":["Rage","Defend_R"]}],"is_beta":false,"boss_relics":[],"items_purged_floors":[],"is_endless":false,"potions_floor_spawned":[1,8],"killed_by":"Lagavulin","ascension_level":17}