{"gold_per_floor":[112,187,187,187,187,214,214,242,242,273,273,293,96,131,131,208,208,219,219,219,231,156,156,156],"floor_reached":24,"playtime":689,"items_purged":["Writhe"],"score":496,"play_id":"c234e57f-aefa-45b1-9646-5d4242331356","local_time":"20200828131118","is_ascension_mode":true,"campfire_choices":[{"data":"Fire Breathing","floor":7,"key":"SMITH"},{"data":"Entrench","floor":11,"key":"SMITH"},{"data":"Fiend Fire","floor":15,"key":"SMITH"},{"data":"Feel No Pain","floor":23,"key":"SMITH"}],"neow_cost":"NONE","seed_source_timestamp":184876291091600,"circlet_count":0,"master_deck":["AscendersBane","Strike_R","Strike_R","Strike_R","Defend_R","Defend_R","Defend_R+1","Defend_R+1","Bash","Fire Breathing+1","Flex","Entrench+1","Spot Weakness","Wild Strike","Fiend Fire+1","Mayhem","Exhume","Exhume","Feel No Pain+1","Dropkick+1"],"relics":["Burning Blood","NeowsBlessing","Dead Branch","War Paint","Turnip","Paper Frog","Tiny Chest","Pen Nib","Black Star","Question Card"],"potions_floor_usage":[14,18,21],"damage_taken":[{"damage":0,"enemies":"Small Slimes","floor":1,"turns":1},{"damage":0,"enemies":"3 Sentries","floor":6,"turns":2},{"damage":0,"enemies":"Gremlin Nob","floor":8,"turns":1},{"damage":12,"enemies":"3 Sentries","floor":10,"turns":5},{"damage":0,"enemies":"Jaw Worm","floor":12,"turns":3},{"damage":2,"enemies":"Lagavulin","floor":14,"turns":5},{"damage":8,"enemies":"Slime Boss","floor":16,"turns":6},{"damage":14,"enemies":"2 Thieves","floor":18,"turns":3},{"damage":1,"enemies":"Chosen","floor":21,"turns":4},{"damage":77,"enemies":"Gremlin Leader","floor":24,"turns":4}],"seed_played":"-2985611868665330730","potions_obtained":[{"floor":1,"key":"SkillPotion"},{"floor":8,"key":"Weak Potion"},{"floor":16,"key":"Weak Potion"}],"is_trial":false,"path_per_floor":["M","?","T","?","?","E","R","E","T","E","R","M","$","E","R","B",null,"M","?","?","M","$","R","E"],"character_chosen":"IRONCLAD","items_purchased":["Mayhem"],"campfire_rested":0,"item_purchase_floors":[13],"current_hp_per_floor":[74,63,63,63,56,62,62,68,68,62,62,68,68,72,72,70,74,66,66,66,71,71,71,0],"gold":156,"neow_bonus":"THREE_ENEMY_KILL","is_prod":false,"is_daily":false,"chose_seed":false,"campfire_upgraded":4,"win_rate":0,"timestamp":1598634678,"path_taken":["M","?","?","?","?","E","R","E","T","E","R","M","?","E","R","BOSS","M","?","?","M","$","R","E"],"build_version":"2020-07-30","purchased_purges":1,"victory":false,"max_hp_per_floor":[75,75,75,75,75,75,75,75,75,75,75,75,75,75,75,75,75,75,75,75,75,75,75,75],"card_choices":[{"not_picked":["Heavy Blade","Warcry"],"picked":"Fire Breathing","floor":1},{"not_picked":["Body Slam","Flex"],"picked":"Entrench","floor":6},{"not_picked":["Headbutt","Bludgeon"],"picked":"Spot Weakness","floor":8},{"not_picked":["Heavy Blade","Anger"],"picked":"Wild Strike","floor":10},{"not_picked":["Pommel Strike","True Grit"],"picked":"Fiend Fire","floor":12},{"not_picked":["Pommel Strike","Fiend Fire"],"picked":"Exhume","floor":14},{"not_picked":["Bludgeon","Double Tap"],"picked":"Exhume","floor":16},{"not_picked":["Havoc","Pommel Strike"],"picked":"Feel No Pain","floor":18},{"not_picked":["Clothesline","Body Slam","Cleave+1"],"picked":"Dropkick+1","floor":21}],"player_experience":1124735,"relics_obtained":[{"floor":3,"key":"Dead Branch"},{"floor":6,"key":"War Paint"},{"floor":8,"key":"Turnip"},{"floor":9,"key":"Paper Frog"},{"floor":10,"key":"Tiny Chest"},{"floor":14,"key":"Pen Nib"}],"event_choices":[{"damage_healed":0,"gold_gain":75,"player_choice":"Gather Gold","damage_taken":11,"max_hp_gain":0,"max_hp_loss":0,"event_name":"World of Goop","floor":2,"gold_loss":0},{"damage_healed":0,"gold_gain":0,"cards_transformed":["Strike_R"],"player_choice":"Change","damage_taken":0,"max_hp_gain":0,"max_hp_loss":0,"event_name":"Living Wall","floor":4,"gold_loss":0,"cards_obtained":["Flex"]},{"cards_removed":["Strike_R"],"damage_healed":0,"gold_gain":0,"player_choice":"Card Removal","damage_taken":7,"max_hp_gain":0,"max_hp_loss":0,"event_name":"Golden Wing","floor":5,"gold_loss":0},{"damage_healed":0,"gold_gain":0,"player_choice":"Opened","damage_taken":0,"relics_obtained":["Question Card"],"max_hp_gain":0,"max_hp_loss":0,"event_name":"The Mausoleum","floor":19,"gold_loss":0,"cards_obtained":["Writhe"]},{"damage_healed":0,"gold_gain":0,"player_choice":"Ignored","damage_taken":0,"max_hp_gain":0,"max_hp_loss":0,"event_name":"Vampires","floor":20,"gold_loss":0}],"is_beta":false,"boss_relics":[{"not_picked":["Velvet Choker","Tiny House"],"picked":"Black Star"}],"items_purged_floors":[22],"is_endless":false,"potions_floor_spawned":[1,8,16],"killed_by":"Gremlin Leader","ascension_level":17}