{"gold_per_floor":[111,111,111,123,135,163,163,163,163,189,189],"floor_reached":11,"playtime":531,"items_purged":[],"score":150,"play_id":"fc3c6b55-a530-4fe7-9c3c-9981de4ff87f","local_time":"20200828125813","is_ascension_mode":true,"campfire_choices":[{"data":"Entrench","floor":7,"key":"SMITH"}],"neow_cost":"NONE","seed_source_timestamp":184249637498400,"circlet_count":0,"master_deck":["AscendersBane","Strike_R","Strike_R","Strike_R","Strike_R","Defend_R","Defend_R","Defend_R","Defend_R","Bash","Clash","Disarm","Entrench+1","Body Slam","Spot Weakness","Armaments"],"relics":["Burning Blood","NeowsBlessing","White Beast Statue","PreservedInsect","Bottled Flame","Anchor"],"potions_floor_usage":[11],"damage_taken":[{"damage":0,"enemies":"Jaw Worm","floor":1,"turns":1},{"damage":0,"enemies":"Small Slimes","floor":4,"turns":1},{"damage":1,"enemies":"2 Louse","floor":5,"turns":2},{"damage":49,"enemies":"Gremlin Nob","floor":6,"turns":5},{"damage":35,"enemies":"3 Sentries","floor":10,"turns":10},{"damage":12,"enemies":"Gremlin Gang","floor":11,"turns":2}],"seed_played":"6471145043341495752","potions_obtained":[{"floor":4,"key":"SteroidPotion"},{"floor":6,"key":"FearPotion"},{"floor":10,"key":"SteroidPotion"}],"is_trial":false,"path_per_floor":["M","?","?","M","M","E","R","?","T","E","M"],"character_chosen":"IRONCLAD","items_purchased":[],"campfire_rested":0,"item_purchase_floors":[],"current_hp_per_floor":[74,79,79,80,80,37,37,37,37,8,0],"gold":189,"neow_bonus":"THREE_ENEMY_KILL","is_prod":false,"is_daily":false,"chose_seed":false,"campfire_upgraded":1,"win_rate":0,"timestamp":1598633893,"path_taken":["M","?","?","M","M","E","R","?","T","E","?"],"build_version":"2020-07-30","purchased_purges":0,"victory":false,"max_hp_per_floor":[75,80,80,80,80,80,80,80,80,80,80],"card_choices":[{"not_picked":["Thunderclap","Armaments"],"picked":"Clash","floor":1},{"not_picked":["Wild Strike","Body Slam"],"picked":"Entrench","floor":4},{"not_picked":["Clothesline","Cleave"],"picked":"Body Slam","floor":5},{"not_picked":["Iron Wave","Rampage"],"picked":"Spot Weakness","floor":6},{"not_picked":["Perfected Strike","Pommel Strike"],"picked":"Armaments","floor":10}],"player_experience":1124204,"relics_obtained":[{"floor":6,"key":"White Beast Statue"},{"floor":9,"key":"Bottled Flame"},{"floor":10,"key":"Anchor"}],"event_choices":[{"damage_healed":0,"gold_gain":0,"player_choice":"Donut","damage_taken":0,"max_hp_gain":5,"max_hp_loss":0,"event_name":"Big Fish","floor":2,"gold_loss":0},{"damage_healed":0,"gold_gain":0,"cards_transformed":["Strike_R"],"player_choice":"Change","damage_taken":0,"max_hp_gain":0,"max_hp_loss":0,"event_name":"Living Wall","floor":3,"gold_loss":0,"cards_obtained":["Disarm"]},{"damage_healed":0,"gold_gain":0,"player_choice":"Gave Potion","damage_taken":0,"relics_obtained":["PreservedInsect"],"max_hp_gain":0,"max_hp_loss":0,"event_name":"WeMeetAgain","floor":8,"gold_loss":0}],"is_beta":false,"boss_relics":[],"items_purged_floors":[],"is_endless":false,"potions_floor_spawned":[4,6,10],"killed_by":"Gremlin Gang","ascension_level":17}