{"gold_per_floor":[114,126,97,113,263,263,292,292,318,318,329,329,344,378,378,378],"floor_reached":16,"playtime":527,"items_purged":[],"score":204,"play_id":"4fe65b61-64dd-471f-aafc-7a21a560b0b5","local_time":"20200914122103","is_ascension_mode":true,"campfire_choices":[{"data":"Flex","floor":6,"key":"SMITH"},{"floor":10,"key":"REST"},{"floor":15,"key":"REST"}],"neow_cost":"NONE","seed_source_timestamp":874129075123700,"circlet_count":0,"master_deck":["AscendersBane","Strike_R","Strike_R","Strike_R","Strike_R","Strike_R","Defend_R","Defend_R","Defend_R","Defend_R","Bash","Thunderclap","Flex+1","Heavy Blade","Shrug It Off","Uppercut+1","Ghostly Armor"],"special_seed":0,"relics":["Burning Blood","Oddly Smooth Stone","Tiny Chest"],"potions_floor_usage":[7,14],"damage_taken":[{"damage":0,"enemies":"2 Louse","floor":1,"turns":3},{"damage":12,"enemies":"Cultist","floor":2,"turns":4},{"damage":12,"enemies":"Jaw Worm","floor":4,"turns":3},{"damage":58,"enemies":"Lagavulin","floor":7,"turns":8},{"damage":2,"enemies":"Red Slaver","floor":11,"turns":3},{"damage":6,"enemies":"3 Louse","floor":13,"turns":3},{"damage":38,"enemies":"3 Sentries","floor":14,"turns":10},{"damage":46,"enemies":"The Guardian","floor":16,"turns":10}],"seed_played":"8237235024692116581","potions_obtained":[{"floor":4,"key":"ElixirPotion"},{"floor":13,"key":"BloodPotion"}],"is_trial":false,"path_per_floor":["M","M","$","M","?","R","E","?","T","R","M","?","M","E","R","B"],"character_chosen":"IRONCLAD","items_purchased":["Heavy Blade"],"campfire_rested":2,"item_purchase_floors":[3],"current_hp_per_floor":[81,75,75,69,69,69,17,17,17,41,45,38,38,22,46,0],"gold":378,"neow_bonus":"TEN_PERCENT_HP_BONUS","is_prod":false,"is_daily":false,"chose_seed":false,"campfire_upgraded":1,"win_rate":0,"timestamp":1600100463,"path_taken":["M","M","$","M","?","R","E","?","T","R","?","?","M","E","R","BOSS"],"build_version":"2020-07-30","purchased_purges":0,"victory":false,"max_hp_per_floor":[82,82,82,82,82,82,82,82,82,82,82,82,82,82,82,82],"card_choices":[{"not_picked":["Pommel Strike","Iron Wave"],"picked":"Thunderclap","floor":1},{"not_picked":["Body Slam","Dual Wield"],"picked":"Flex","floor":2},{"not_picked":["Perfected Strike","Twin Strike"],"picked":"Shrug It Off","floor":4},{"not_picked":["Juggernaut","Clash"],"picked":"Uppercut","floor":7},{"not_picked":["Iron Wave","Carnage","Dark Embrace"],"picked":"SKIP","floor":11},{"not_picked":["Clash","Blood for Blood"],"picked":"Ghostly Armor","floor":13},{"not_picked":["Barricade","Berserk","Sentinel"],"picked":"SKIP","floor":14}],"player_experience":1147025,"relics_obtained":[{"floor":7,"key":"Oddly Smooth Stone"},{"floor":14,"key":"Tiny Chest"}],"event_choices":[{"damage_healed":0,"gold_gain":150,"player_choice":"AGREE","damage_taken":0,"max_hp_gain":0,"max_hp_loss":0,"event_name":"Liars Game","floor":5,"gold_loss":0,"cards_obtained":["Doubt"]},{"damage_healed":0,"gold_gain":0,"player_choice":"Forge","damage_taken":0,"max_hp_gain":0,"max_hp_loss":0,"event_name":"Accursed Blacksmith","floor":8,"gold_loss":0,"cards_upgraded":["Uppercut"]},{"cards_removed":["Doubt"],"damage_healed":0,"gold_gain":0,"player_choice":"Card Removal","damage_taken":7,"max_hp_gain":0,"max_hp_loss":0,"event_name":"Golden Wing","floor":12,"gold_loss":0}],"is_beta":false,"boss_relics":[],"items_purged_floors":[],"is_endless":false,"potions_floor_spawned":[4,13],"killed_by":"The Guardian","ascension_level":17}