{"gold_per_floor":[15,15,34,34,52,70,103,103,130,130,157,157,157,189,189,189],"floor_reached":16,"playtime":1569,"items_purged":[],"score":243,"play_id":"3b909dc7-5e10-4f53-9d26-477c069e49ff","local_time":"20200914124725","is_ascension_mode":true,"campfire_choices":[{"data":"Uppercut","floor":10,"key":"SMITH"},{"data":"Armaments","floor":13,"key":"SMITH"},{"data":"Havoc","floor":15,"key":"SMITH"}],"neow_cost":"NO_GOLD","seed_source_timestamp":875375806330900,"circlet_count":0,"master_deck":["AscendersBane","Strike_R","Strike_R","Strike_R","Strike_R","Defend_R","Defend_R","Defend_R","Defend_R","Bash","Havoc+1","True Grit+1","Uppercut+1","Clothesline","Spot Weakness","Armaments+1","Barricade"],"relics":["Burning Blood","GremlinMask","Juzu Bracelet","Self Forming Clay","Strawberry","Peace Pipe","Akabeko"],"potions_floor_usage":[11,14],"damage_taken":[{"damage":2,"enemies":"2 Louse","floor":1,"turns":4},{"damage":1,"enemies":"Cultist","floor":3,"turns":3},{"damage":9,"enemies":"Jaw Worm","floor":5,"turns":6},{"damage":14,"enemies":"Red Slaver","floor":6,"turns":5},{"damage":34,"enemies":"Gremlin Nob","floor":7,"turns":5},{"damage":22,"enemies":"3 Sentries","floor":11,"turns":7},{"damage":37,"enemies":"Gremlin Nob","floor":14,"turns":6},{"damage":10,"enemies":"Hexaghost","floor":16,"turns":9}],"seed_played":"3857913828638495965","potions_obtained":[{"floor":3,"key":"Strength Potion"},{"floor":6,"key":"GamblersBrew"},{"floor":7,"key":"SkillPotion"}],"is_trial":false,"path_per_floor":["M","?","M","?","M","M","E","T","T","R","E","?","R","E","R","B"],"character_chosen":"IRONCLAD","items_purchased":[],"campfire_rested":0,"item_purchase_floors":[],"current_hp_per_floor":[86,86,89,89,86,78,50,50,57,57,41,41,41,10,10,0],"gold":189,"neow_bonus":"TWENTY_PERCENT_HP_BONUS","is_prod":false,"is_daily":false,"chose_seed":false,"campfire_upgraded":3,"win_rate":0,"timestamp":1600102045,"path_taken":["M","?","?","?","?","?","E","?","T","R","E","?","R","E","R","BOSS"],"build_version":"2020-07-30","purchased_purges":0,"victory":false,"max_hp_per_floor":[89,89,89,89,89,89,89,89,96,96,96,96,96,96,96,96],"card_choices":[{"not_picked":["Twin Strike","Warcry"],"picked":"Havoc","floor":1},{"not_picked":["Inflame","Metallicize"],"picked":"True Grit","floor":3},{"not_picked":["Anger","Warcry"],"picked":"Uppercut","floor":5},{"not_picked":["Shrug It Off","Havoc"],"picked":"Clothesline","floor":6},{"not_picked":["Flex","Metallicize"],"picked":"Spot Weakness","floor":7},{"not_picked":["Havoc","Entrench"],"picked":"Armaments","floor":11},{"not_picked":["Thunderclap","Reckless Charge"],"picked":"Barricade","floor":14}],"player_experience":1147552,"relics_obtained":[{"floor":7,"key":"Juzu Bracelet"},{"floor":8,"key":"Self Forming Clay"},{"floor":9,"key":"Strawberry"},{"floor":11,"key":"Peace Pipe"},{"floor":14,"key":"Akabeko"}],"event_choices":[{"damage_healed":0,"gold_gain":0,"player_choice":"Trade","damage_taken":0,"relics_obtained":["GremlinMask"],"max_hp_gain":0,"max_hp_loss":0,"event_name":"FaceTrader","floor":2,"gold_loss":0},{"damage_healed":0,"gold_gain":0,"player_choice":"Upgraded","damage_taken":0,"max_hp_gain":0,"max_hp_loss":0,"event_name":"Upgrade Shrine","floor":4,"gold_loss":0,"cards_upgraded":["True Grit"]},{"cards_removed":["Strike_R"],"damage_healed":0,"gold_gain":0,"player_choice":"Offered Basic","damage_taken":0,"max_hp_gain":0,"max_hp_loss":0,"event_name":"Bonfire Elementals","floor":12,"gold_loss":0}],"is_beta":false,"boss_relics":[],"items_purged_floors":[],"is_endless":false,"potions_floor_spawned":[3,6,7],"killed_by":"Hexaghost","ascension_level":17}