{"gold_per_floor":[110,35,35,52,72,103,103,119,144,156,306,306,306,321,321,398,398,398],"floor_reached":18,"playtime":620,"items_purged":["Pain"],"score":300,"play_id":"ebd22d40-d742-40ef-892e-3be31d930302","local_time":"20200914211950","is_ascension_mode":true,"campfire_choices":[{"data":"Flex","floor":7,"key":"SMITH"},{"data":"Spot Weakness","floor":13,"key":"SMITH"},{"data":"Bash","floor":15,"key":"SMITH"}],"neow_cost":"CURSE","seed_source_timestamp":907071523067100,"circlet_count":0,"master_deck":["AscendersBane","Bash+1","Barricade","Cleave","Iron Wave","Flex+1","Clash","Spot Weakness+1","Doubt","Reaper","Second Wind","Limit Break","Limit Break","Feed","Body Slam","Hemokinesis","Dark Embrace","Reaper","Flame Barrier"],"relics":["Burning Blood","Bag of Marbles","Toy Ornithopter","Pandora\u0027s Box"],"potions_floor_usage":[6,14,16],"damage_taken":[{"damage":10,"enemies":"Small Slimes","floor":1,"turns":4},{"damage":12,"enemies":"Cultist","floor":4,"turns":4},{"damage":2,"enemies":"Jaw Worm","floor":5,"turns":3},{"damage":29,"enemies":"Gremlin Nob","floor":6,"turns":5},{"damage":14,"enemies":"Blue Slaver","floor":8,"turns":4},{"damage":0,"enemies":"Large Slime","floor":10,"turns":4},{"damage":3,"enemies":"Lots of Slimes","floor":14,"turns":4},{"damage":33,"enemies":"The Guardian","floor":16,"turns":12},{"damage":68,"enemies":"Spheric Guardian","floor":18,"turns":6}],"seed_played":"92905541305470852","potions_obtained":[{"floor":5,"key":"AttackPotion"},{"floor":8,"key":"Block Potion"},{"floor":10,"key":"Weak Potion"}],"is_trial":false,"path_per_floor":["M","$","?","M","M","E","R","M","T","M","?","?","R","M","R","B",null,"M"],"character_chosen":"IRONCLAD","items_purchased":[],"campfire_rested":0,"item_purchase_floors":[],"current_hp_per_floor":[64,64,64,58,62,39,39,31,31,37,37,62,62,70,70,48,68,0],"gold":398,"neow_bonus":"THREE_RARE_CARDS","is_prod":false,"is_daily":false,"chose_seed":false,"campfire_upgraded":3,"win_rate":0,"timestamp":1600132790,"path_taken":["M","$","?","?","M","E","R","M","T","M","?","?","R","M","R","BOSS","M"],"build_version":"2020-07-30","purchased_purges":1,"victory":false,"max_hp_per_floor":[75,75,75,75,75,75,75,75,75,75,75,75,75,75,75,75,75,75],"card_choices":[{"not_picked":["Berserk","Bludgeon"],"picked":"Barricade","floor":0},{"not_picked":["Warcry","Sever Soul"],"picked":"Cleave","floor":1},{"not_picked":["Thunderclap","Sever Soul"],"picked":"Iron Wave","floor":4},{"not_picked":["Havoc","Iron Wave","Headbutt"],"picked":"SKIP","floor":5},{"not_picked":["Whirlwind","Dual Wield"],"picked":"Flex","floor":6},{"not_picked":["Intimidate","Fiend Fire"],"picked":"Clash","floor":8},{"not_picked":["Inflame","Twin Strike"],"picked":"Spot Weakness","floor":10},{"not_picked":["Perfected Strike","Rage","Warcry"],"picked":"SKIP","floor":14},{"not_picked":["Brutality","Fiend Fire"],"picked":"Reaper","floor":16}],"player_experience":1149121,"relics_obtained":[{"floor":6,"key":"Bag of Marbles"},{"floor":9,"key":"Toy Ornithopter"}],"event_choices":[{"damage_healed":0,"gold_gain":0,"player_choice":"Ignored","damage_taken":0,"max_hp_gain":0,"max_hp_loss":0,"event_name":"WeMeetAgain","floor":3,"gold_loss":0},{"damage_healed":0,"gold_gain":150,"player_choice":"AGREE","damage_taken":0,"max_hp_gain":0,"max_hp_loss":0,"event_name":"Liars Game","floor":11,"gold_loss":0,"cards_obtained":["Doubt"]},{"damage_healed":25,"gold_gain":0,"player_choice":"Banana","damage_taken":0,"max_hp_gain":0,"max_hp_loss":0,"event_name":"Big Fish","floor":12,"gold_loss":0}],"is_beta":false,"boss_relics":[{"not_picked":["Black Blood","Black Star"],"picked":"Pandora\u0027s Box"}],"items_purged_floors":[2],"is_endless":false,"potions_floor_spawned":[5,8,10],"killed_by":"Spheric Guardian","ascension_level":17}