{"gold_per_floor":[110,129,144,50,9,9,9,9,33,33,33,71,95,109,109,208,208,187,187,29,49,49,80,80,80],"floor_reached":25,"playtime":814,"items_purged":[],"score":427,"play_id":"cd0a767b-c201-40cf-a0e2-196ec90ef183","local_time":"20201012092316","is_ascension_mode":true,"campfire_choices":[{"data":"Whirlwind","floor":6,"key":"SMITH"},{"data":"True Grit","floor":11,"key":"SMITH"},{"data":"Bash","floor":15,"key":"SMITH"},{"data":"Inflame","floor":24,"key":"SMITH"}],"neow_cost":"NONE","seed_source_timestamp":417884603869800,"circlet_count":0,"master_deck":["AscendersBane","Strike_R","Strike_R","Strike_R","Strike_R","Strike_R","Defend_R","Defend_R","Defend_R","Defend_R","Bash+1","Twin Strike","Metallicize","Feel No Pain","True Grit+1","Whirlwind+1","Feel No Pain","Injury","Sever Soul","Feed","CurseOfTheBell","Inflame+1","Carnage","Writhe"],"relics":["Burning Blood","NeowsBlessing","Golden Idol","Anchor","Pocketwatch","Boot","Calling Bell","Ancient Tea Set","Letter Opener","Charon\u0027s Ashes","Lee\u0027s Waffle","Turnip","Gambling Chip"],"potions_floor_usage":[16,23],"damage_taken":[{"damage":0,"enemies":"Cultist","floor":1,"turns":1},{"damage":0,"enemies":"Small Slimes","floor":2,"turns":1},{"damage":0,"enemies":"Jaw Worm","floor":3,"turns":1},{"damage":26,"enemies":"Gremlin Nob","floor":12,"turns":4},{"damage":1,"enemies":"Looter","floor":13,"turns":4},{"damage":5,"enemies":"Exordium Wildlife","floor":14,"turns":5},{"damage":57,"enemies":"Hexaghost","floor":16,"turns":16},{"damage":22,"enemies":"2 Thieves","floor":18,"turns":4},{"damage":3,"enemies":"Chosen","floor":21,"turns":6},{"damage":44,"enemies":"Slavers","floor":23,"turns":6},{"damage":56,"enemies":"Book of Stabbing","floor":25,"turns":6}],"seed_played":"1128346258011165595","potions_obtained":[{"floor":13,"key":"EssenceOfSteel"},{"floor":14,"key":"BlessingOfTheForge"},{"floor":19,"key":"Strength Potion"}],"is_trial":false,"path_per_floor":["M","M","M","$","$","R","?","?","T","T","R","E","M","M","R","B",null,"M","?","$","M","?","E","R","E"],"character_chosen":"IRONCLAD","items_purchased":["True Grit","Whirlwind","Feel No Pain","Lee\u0027s Waffle"],"campfire_rested":0,"item_purchase_floors":[4,4,5,20],"current_hp_per_floor":[74,75,75,75,75,75,80,80,80,80,80,60,65,66,66,15,64,48,48,87,90,90,55,55,0],"gold":80,"neow_bonus":"THREE_ENEMY_KILL","is_prod":false,"is_daily":false,"chose_seed":false,"campfire_upgraded":4,"win_rate":0,"timestamp":1602508996,"path_taken":["M","?","M","?","$","R","?","?","T","?","R","E","M","M","R","BOSS","M","?","$","?","?","E","R","E"],"build_version":"2020-07-30","purchased_purges":0,"victory":false,"max_hp_per_floor":[75,75,75,75,75,75,80,80,80,80,80,80,80,80,80,80,80,80,80,87,90,90,93,93,93],"card_choices":[{"not_picked":["Heavy Blade","Seeing Red"],"picked":"Twin Strike","floor":1},{"not_picked":["Havoc","Anger"],"picked":"Metallicize","floor":2},{"not_picked":["Cleave","Iron Wave"],"picked":"Feel No Pain","floor":3},{"not_picked":["Pommel Strike","Rage","Headbutt"],"picked":"SKIP","floor":12},{"not_picked":["Body Slam","Exhume"],"picked":"Sever Soul","floor":13},{"not_picked":["Blood for Blood","True Grit","Thunderclap"],"picked":"SKIP","floor":14},{"not_picked":["Double Tap","Berserk"],"picked":"Feed","floor":16},{"not_picked":["Pommel Strike","Twin Strike+1"],"picked":"Inflame","floor":18},{"not_picked":["Perfected Strike","True Grit"],"picked":"Carnage","floor":21},{"not_picked":["Perfected Strike","Flex","Sever Soul"],"picked":"SKIP","floor":23}],"player_experience":1210720,"relics_obtained":[{"floor":9,"key":"Anchor"},{"floor":10,"key":"Pocketwatch"},{"floor":12,"key":"Boot"},{"floor":17,"key":"Ancient Tea Set"},{"floor":17,"key":"Letter Opener"},{"floor":17,"key":"Charon\u0027s Ashes"},{"floor":23,"key":"Gambling Chip"}],"event_choices":[{"damage_healed":0,"gold_gain":0,"player_choice":"Donut","damage_taken":0,"max_hp_gain":5,"max_hp_loss":0,"event_name":"Big Fish","floor":7,"gold_loss":0},{"damage_healed":0,"gold_gain":0,"player_choice":"Take Wound","damage_taken":0,"relics_obtained":["Golden Idol"],"max_hp_gain":0,"max_hp_loss":0,"event_name":"Golden Idol","floor":8,"gold_loss":0,"cards_obtained":["Injury"]},{"damage_healed":0,"gold_gain":0,"player_choice":"Got Potions","damage_taken":0,"max_hp_gain":0,"max_hp_loss":0,"event_name":"Lab","floor":19,"gold_loss":0},{"damage_healed":0,"gold_gain":0,"player_choice":"Opened","damage_taken":0,"relics_obtained":["Turnip"],"max_hp_gain":0,"max_hp_loss":0,"event_name":"The Mausoleum","floor":22,"gold_loss":0,"cards_obtained":["Writhe"]}],"is_beta":false,"boss_relics":[{"not_picked":["Cursed Key","Empty Cage"],"picked":"Calling Bell"}],"items_purged_floors":[],"is_endless":false,"potions_floor_spawned":[13,14],"killed_by":"Book of Stabbing","ascension_level":19}