{"gold_per_floor":[115,130,130,130,150,177,194,194,194,194,212,229,229,137,137,215,215,225,275,275,293,313,313],"floor_reached":23,"playtime":487,"items_purged":[],"score":376,"play_id":"f9516e51-fc73-420d-b33d-3457c79a0eb1","local_time":"20201015213610","is_ascension_mode":true,"campfire_choices":[{"data":"Fire Breathing","floor":8,"key":"SMITH"},{"data":"Fire Breathing","floor":10,"key":"SMITH"},{"floor":15,"key":"REST"}],"neow_cost":"NONE","seed_source_timestamp":278077644261700,"circlet_count":0,"master_deck":["AscendersBane","Bash","Fire Breathing+1","Twin Strike","Cleave+1","Fire Breathing+1","Wild Strike","Bandage Up","Exhume","Uppercut","Anger","Pummel","Combust","Thunderclap","Hemokinesis","Twin Strike","Rupture","Havoc","Reckless Charge","Dark Embrace"],"relics":["Burning Blood","NeowsBlessing","FossilizedHelix","Ice Cream","Charon\u0027s Ashes","Pandora\u0027s Box","CeramicFish"],"potions_floor_usage":[16,23],"damage_taken":[{"damage":0,"enemies":"Jaw Worm","floor":1,"turns":1},{"damage":0,"enemies":"2 Louse","floor":2,"turns":1},{"damage":0,"enemies":"Small Slimes","floor":5,"turns":1},{"damage":48,"enemies":"Gremlin Nob","floor":6,"turns":5},{"damage":0,"enemies":"2 Fungi Beasts","floor":7,"turns":4},{"damage":6,"enemies":"Looter","floor":11,"turns":3},{"damage":4,"enemies":"Red Slaver","floor":12,"turns":3},{"damage":35,"enemies":"The Guardian","floor":16,"turns":8},{"damage":12,"enemies":"3 Byrds","floor":18,"turns":2},{"damage":22,"enemies":"2 Thieves","floor":21,"turns":3},{"damage":16,"enemies":"3 Cultists","floor":22,"turns":3},{"damage":48,"enemies":"Book of Stabbing","floor":23,"turns":3}],"seed_played":"5614093373865705982","potions_obtained":[{"floor":2,"key":"Strength Potion"},{"floor":5,"key":"CultistPotion"},{"floor":21,"key":"Weak Potion"}],"is_trial":false,"path_per_floor":["M","M","?","?","M","E","M","R","T","R","M","M","?","$","R","B",null,"M","?","?","M","M","E"],"character_chosen":"IRONCLAD","items_purchased":["Bandage Up"],"campfire_rested":1,"item_purchase_floors":[14],"current_hp_per_floor":[74,75,75,68,74,32,38,38,38,38,38,40,17,17,39,14,60,62,62,62,46,44,0],"gold":313,"neow_bonus":"THREE_ENEMY_KILL","is_prod":false,"is_daily":false,"chose_seed":false,"campfire_upgraded":2,"win_rate":0,"timestamp":1602812170,"path_taken":["M","M","?","?","M","E","M","R","T","R","M","M","?","$","R","BOSS","M","?","?","M","?","E"],"build_version":"2020-07-30","purchased_purges":0,"victory":false,"max_hp_per_floor":[75,75,75,75,75,75,75,75,75,75,75,75,75,75,75,75,75,75,75,75,75,75,75],"card_choices":[{"not_picked":["Wild Strike","Hemokinesis"],"picked":"Fire Breathing","floor":1},{"not_picked":["Havoc","Flex"],"picked":"Twin Strike","floor":2},{"not_picked":["Body Slam","Clothesline"],"picked":"Cleave","floor":5},{"not_picked":["Battle Trance","Headbutt","Body Slam"],"picked":"SKIP","floor":6},{"not_picked":["Wild Strike","Havoc"],"picked":"Fire Breathing","floor":7},{"not_picked":["Thunderclap","Dropkick"],"picked":"Warcry","floor":11},{"not_picked":["True Grit","Bludgeon"],"picked":"Wild Strike","floor":12},{"not_picked":["Juggernaut","Demon Form"],"picked":"Exhume","floor":16},{"not_picked":["Evolve","Pommel Strike+1"],"picked":"Reckless Charge","floor":18},{"not_picked":["Sword Boomerang","Body Slam","Iron Wave"],"picked":"SKIP","floor":21},{"not_picked":["Armaments+1","Intimidate+1"],"picked":"Dark Embrace","floor":22}],"player_experience":1219153,"relics_obtained":[{"floor":6,"key":"Ice Cream"},{"floor":9,"key":"Charon\u0027s Ashes"}],"event_choices":[{"damage_healed":0,"gold_gain":0,"player_choice":"Box","damage_taken":0,"relics_obtained":["FossilizedHelix"],"max_hp_gain":0,"max_hp_loss":0,"event_name":"Big Fish","floor":3,"gold_loss":0,"cards_obtained":["Regret"]},{"cards_removed":["Regret"],"damage_healed":0,"gold_gain":0,"player_choice":"Card Removal","damage_taken":7,"max_hp_gain":0,"max_hp_loss":0,"event_name":"Golden Wing","floor":4,"gold_loss":0},{"damage_healed":0,"gold_gain":0,"player_choice":"Entered Light","damage_taken":23,"max_hp_gain":0,"max_hp_loss":0,"event_name":"Shining Light","floor":13,"gold_loss":0,"cards_upgraded":["Strike_R","Cleave"]},{"damage_healed":0,"gold_gain":50,"player_choice":"Stole From Cult","damage_taken":0,"max_hp_gain":0,"max_hp_loss":0,"event_name":"Nest","floor":19,"gold_loss":0},{"cards_removed":["Warcry"],"damage_healed":0,"gold_gain":0,"player_choice":"Gave Card","damage_taken":0,"relics_obtained":["CeramicFish"],"max_hp_gain":0,"max_hp_loss":0,"event_name":"WeMeetAgain","floor":20,"gold_loss":0}],"is_beta":false,"boss_relics":[{"not_picked":["SlaversCollar","Coffee Dripper"],"picked":"Pandora\u0027s Box"}],"items_purged_floors":[],"is_endless":false,"potions_floor_spawned":[2,5,6,21],"killed_by":"Book of Stabbing","ascension_level":19}