{"gold_per_floor":[16,27,27,27,27,27,58,82,105,180,180,75,91,107,107,200,200,174,195,26,26,51,95,118,118,144,144,144,185,211,250,250,250],"floor_reached":33,"playtime":1385,"items_purged":[],"score":640,"play_id":"b6a067ea-77a8-478b-b8e0-4b2b9d31aac8","local_time":"20201014171949","is_ascension_mode":true,"campfire_choices":[{"data":"Perfected Strike","floor":6,"key":"SMITH"},{"data":"Bash","floor":15,"key":"SMITH"},{"floor":27,"key":"REST"},{"data":"Limit Break","floor":32,"key":"SMITH"}],"neow_cost":"NO_GOLD","seed_source_timestamp":175394315891700,"circlet_count":0,"master_deck":["AscendersBane","Strike_R+1","Strike_R+1","Strike_R+1","Strike_R+1","Defend_R+1","Defend_R+1","Defend_R+1","Defend_R+1","Bash+1","Perfected Strike+1","Cleave+1","Twin Strike","Combust","Twin Strike+1","Shrug It Off","Reaper+1","Limit Break+1"],"relics":["Burning Blood","Unceasing Top","Golden Idol","Red Skull","Omamori","Snecko Eye","Tiny Chest","Nloth\u0027s Gift","Potion Belt","Regal Pillow","Whetstone","Bag of Marbles","Thread and Needle"],"potions_floor_usage":[10,16,19,29],"damage_taken":[{"damage":3,"enemies":"2 Louse","floor":1,"turns":4},{"damage":14,"enemies":"Small Slimes","floor":2,"turns":4},{"damage":45,"enemies":"3 Sentries","floor":7,"turns":9},{"damage":6,"enemies":"Cultist","floor":8,"turns":3},{"damage":22,"enemies":"3 Sentries","floor":10,"turns":4},{"damage":1,"enemies":"2 Fungi Beasts","floor":13,"turns":2},{"damage":3,"enemies":"Large Slime","floor":14,"turns":4},{"damage":29,"enemies":"Hexaghost","floor":16,"turns":9},{"damage":28,"enemies":"2 Thieves","floor":18,"turns":4},{"damage":8,"enemies":"Spheric Guardian","floor":19,"turns":4},{"damage":39,"enemies":"Chosen and Byrds","floor":22,"turns":5},{"damage":2,"enemies":"Gremlin Leader","floor":23,"turns":5},{"damage":40,"enemies":"Centurion and Healer","floor":24,"turns":5},{"damage":48,"enemies":"Slavers","floor":29,"turns":4},{"damage":18,"enemies":"Gremlin Leader","floor":31,"turns":5},{"damage":76,"enemies":"Automaton","floor":33,"turns":6}],"seed_played":"388883339699647957","potions_obtained":[{"floor":2,"key":"Ancient Potion"},{"floor":8,"key":"PowerPotion"},{"floor":10,"key":"LiquidBronze"},{"floor":16,"key":"HeartOfIron"},{"floor":23,"key":"FearPotion"},{"floor":29,"key":"BlessingOfTheForge"}],"is_trial":false,"path_per_floor":["M","M","?","?","?","R","E","M","T","?","?","$","M","M","R","B",null,"M","M","$","?","M","E","M","?","T","R","$","E","T","E","R","B"],"character_chosen":"IRONCLAD","items_purchased":["Twin Strike","Shrug It Off","Tiny Chest"],"campfire_rested":1,"item_purchase_floors":[12,12,20],"current_hp_per_floor":[71,63,63,63,63,63,24,24,24,8,8,23,28,31,31,8,58,43,48,63,63,30,41,7,7,7,44,44,16,16,47,47,0],"gold":250,"neow_bonus":"ONE_RARE_RELIC","is_prod":false,"is_daily":false,"chose_seed":false,"campfire_upgraded":3,"win_rate":0,"timestamp":1602710389,"path_taken":["M","M","?","?","?","R","E","?","T","?","?","$","M","?","R","BOSS","M","M","$","?","M","E","?","?","T","R","$","E","?","E","R","BOSS"],"build_version":"2020-07-30","purchased_purges":0,"victory":false,"max_hp_per_floor":[75,75,75,75,75,75,75,75,75,75,75,75,75,75,75,75,75,75,75,75,75,75,75,75,75,75,75,75,75,75,75,75,75],"card_choices":[{"not_picked":["Anger","Wild Strike"],"picked":"Perfected Strike","floor":1},{"not_picked":["Warcry","Searing Blow"],"picked":"Cleave","floor":2},{"not_picked":["Berserk","Iron Wave"],"picked":"Twin Strike","floor":7},{"not_picked":["Heavy Blade","Pommel Strike"],"picked":"Combust","floor":8},{"not_picked":["Evolve","Rage","Pummel"],"picked":"SKIP","floor":13},{"not_picked":["Shrug It Off","Rampage","Thunderclap"],"picked":"SKIP","floor":14},{"not_picked":["Berserk","Immolate"],"picked":"Reaper","floor":16},{"not_picked":["Heavy Blade","Warcry","Ghostly Armor"],"picked":"SKIP","floor":18},{"not_picked":["Power Through","Sentinel","Flex"],"picked":"SKIP","floor":19},{"not_picked":["Anger","Metallicize","Warcry"],"picked":"SKIP","floor":22},{"not_picked":["Pommel Strike","Clash","Immolate"],"picked":"SKIP","floor":23},{"not_picked":["Offering","Second Wind"],"picked":"Limit Break","floor":24},{"not_picked":["Evolve","Fiend Fire","Power Through"],"picked":"SKIP","floor":29},{"not_picked":["Cleave","Body Slam","Warcry"],"picked":"SKIP","floor":31}],"player_experience":1212690,"relics_obtained":[{"floor":7,"key":"MealTicket"},{"floor":9,"key":"Red Skull"},{"floor":10,"key":"Omamori"},{"floor":23,"key":"Potion Belt"},{"floor":26,"key":"Regal Pillow"},{"floor":29,"key":"Whetstone"},{"floor":30,"key":"Bag of Marbles"},{"floor":31,"key":"Thread and Needle"}],"event_choices":[{"damage_healed":0,"gold_gain":0,"player_choice":"Take Wound","damage_taken":0,"relics_obtained":["Golden Idol"],"max_hp_gain":0,"max_hp_loss":0,"event_name":"Golden Idol","floor":3,"gold_loss":0,"cards_obtained":["Injury"]},{"cards_removed":["Injury"],"damage_healed":0,"gold_gain":0,"player_choice":"Forget","damage_taken":0,"max_hp_gain":0,"max_hp_loss":0,"event_name":"Living Wall","floor":4,"gold_loss":0},{"damage_healed":0,"gold_gain":0,"player_choice":"Forge","damage_taken":0,"max_hp_gain":0,"max_hp_loss":0,"event_name":"Accursed Blacksmith","floor":5,"gold_loss":0,"cards_upgraded":["Cleave"]},{"damage_healed":0,"gold_gain":0,"player_choice":"Searched \u00272\u0027 times","damage_taken":0,"max_hp_gain":0,"max_hp_loss":0,"event_name":"Dead Adventurer","floor":10,"gold_loss":0},{"cards_removed":["Strike_R"],"damage_healed":0,"gold_gain":0,"player_choice":"Purged","damage_taken":0,"max_hp_gain":0,"max_hp_loss":0,"event_name":"Purifier","floor":11,"gold_loss":0},{"damage_healed":0,"gold_gain":0,"player_choice":"Traded Relic","damage_taken":0,"relics_obtained":["Nloth\u0027s Gift"],"max_hp_gain":0,"max_hp_loss":0,"event_name":"N\u0027loth","floor":21,"relics_lost":["MealTicket"],"gold_loss":0},{"damage_healed":0,"gold_gain":0,"player_choice":"Simplicity","damage_taken":0,"max_hp_gain":0,"max_hp_loss":0,"event_name":"Back to Basics","floor":25,"gold_loss":0,"cards_upgraded":["Strike_R","Strike_R","Strike_R","Strike_R","Defend_R","Defend_R","Defend_R","Defend_R"]}],"is_beta":false,"boss_relics":[{"not_picked":["Runic Cube","Black Blood"],"picked":"Snecko Eye"}],"items_purged_floors":[],"is_endless":false,"potions_floor_spawned":[2,8,10,14,16,18,23,29],"killed_by":"Automaton","ascension_level":19}