{"gold_per_floor":[115,115,40,53,203,230,243,243,243,257,286,286,316,328,328,328],"floor_reached":16,"playtime":434,"items_purged":["Strike_R"],"score":332,"play_id":"47747d9a-eb0a-4f84-8f05-9179490eef12","local_time":"20201015215316","is_ascension_mode":true,"campfire_choices":[{"data":"Whirlwind","floor":8,"key":"SMITH"},{"data":"Armaments","floor":12,"key":"SMITH"},{"data":"True Grit","floor":15,"key":"SMITH"}],"neow_cost":"NONE","seed_source_timestamp":279156834620299,"circlet_count":0,"master_deck":["AscendersBane","Strike_R","Strike_R","Strike_R","Defend_R","Defend_R","Defend_R","Defend_R","Bash","Whirlwind+1","Fire Breathing","Doubt","Exhume","True Grit+1","Armaments+1","Ghostly Armor","Sentinel"],"relics":["Burning Blood","NeowsBlessing","Sundial","Lantern","Letter Opener","Bag of Preparation"],"potions_floor_usage":[11,11],"damage_taken":[{"damage":0,"enemies":"2 Louse","floor":1,"turns":1},{"damage":0,"enemies":"Jaw Worm","floor":4,"turns":1},{"damage":0,"enemies":"Lagavulin","floor":6,"turns":2},{"damage":19,"enemies":"Small Slimes","floor":7,"turns":3},{"damage":8,"enemies":"Blue Slaver","floor":10,"turns":6},{"damage":0,"enemies":"Gremlin Nob","floor":11,"turns":2},{"damage":18,"enemies":"3 Sentries","floor":13,"turns":4},{"damage":0,"enemies":"2 Fungi Beasts","floor":14,"turns":2},{"damage":95,"enemies":"The Guardian","floor":16,"turns":18}],"seed_played":"8797352866645716852","potions_obtained":[{"floor":6,"key":"DuplicationPotion"},{"floor":10,"key":"Strength Potion"}],"is_trial":false,"path_per_floor":["M","?","$","M","?","E","M","R","T","M","E","R","E","M","R","B"],"character_chosen":"IRONCLAD","items_purchased":[],"campfire_rested":0,"item_purchase_floors":[],"current_hp_per_floor":[74,67,67,73,73,75,62,62,62,60,66,66,54,60,60,0],"gold":328,"neow_bonus":"THREE_ENEMY_KILL","is_prod":false,"is_daily":false,"chose_seed":false,"campfire_upgraded":3,"win_rate":0,"timestamp":1602813196,"path_taken":["M","?","?","M","?","E","M","R","T","?","E","R","E","M","R","BOSS"],"build_version":"2020-07-30","purchased_purges":1,"victory":false,"max_hp_per_floor":[75,75,75,75,75,75,75,75,75,75,75,75,75,75,75,75],"card_choices":[{"not_picked":["Twin Strike","Combust"],"picked":"Whirlwind","floor":1},{"not_picked":["Hemokinesis","Cleave"],"picked":"Fire Breathing","floor":4},{"not_picked":["Havoc","Pummel"],"picked":"Exhume","floor":6},{"not_picked":["Blood for Blood","Thunderclap"],"picked":"True Grit","floor":7},{"not_picked":["Shockwave","Pommel Strike"],"picked":"Armaments","floor":10},{"not_picked":["Clash","Sword Boomerang","Warcry"],"picked":"SKIP","floor":11},{"not_picked":["Warcry","Iron Wave"],"picked":"Ghostly Armor","floor":13},{"not_picked":["Shrug It Off","Impervious"],"picked":"Sentinel","floor":14}],"player_experience":1220192,"relics_obtained":[{"floor":6,"key":"Sundial"},{"floor":9,"key":"Lantern"},{"floor":11,"key":"Letter Opener"},{"floor":13,"key":"Bag of Preparation"}],"event_choices":[{"cards_removed":["Strike_R"],"damage_healed":0,"gold_gain":0,"player_choice":"Card Removal","damage_taken":7,"max_hp_gain":0,"max_hp_loss":0,"event_name":"Golden Wing","floor":2,"gold_loss":0},{"damage_healed":0,"gold_gain":150,"player_choice":"AGREE","damage_taken":0,"max_hp_gain":0,"max_hp_loss":0,"event_name":"Liars Game","floor":5,"gold_loss":0,"cards_obtained":["Doubt"]}],"is_beta":false,"boss_relics":[],"items_purged_floors":[3],"is_endless":false,"potions_floor_spawned":[6,10],"killed_by":"The Guardian","ascension_level":19}