{"gold_per_floor":[115,115,36,53,53,84,84,159,159,159,189,189,219,233,233,304,304,324,7,23,23],"floor_reached":21,"playtime":689,"items_purged":[],"score":429,"play_id":"b59c6c1a-8f2e-415a-8b5a-d619cec38d02","local_time":"20201009173223","is_ascension_mode":true,"campfire_choices":[{"data":"Searing Blow","floor":7.0,"key":"SMITH"},{"data":"Searing Blow+1","floor":10.0,"key":"SMITH"},{"data":"Searing Blow+3","floor":15.0,"key":"SMITH"}],"neow_cost":"NONE","seed_source_timestamp":187980489950500,"circlet_count":0,"master_deck":["AscendersBane","Strike_R","Strike_R","Strike_R","Strike_R","Strike_R","Defend_R","Defend_R","Defend_R","Defend_R","Bash+1","Clash","Searing Blow+4","Armaments","Armaments","Feed","Berserk"],"special_seed":0,"relics":["Burning Blood","NeowsBlessing","Tiny Chest","Gremlin Horn","Bag of Preparation","Paper Frog","Runic Pyramid","Torii"],"potions_floor_usage":[],"damage_taken":[{"damage":0.0,"enemies":"Jaw Worm","floor":1.0,"turns":1.0},{"damage":0.0,"enemies":"Cultist","floor":4.0,"turns":1.0},{"damage":0.0,"enemies":"Gremlin Nob","floor":6.0,"turns":1.0},{"damage":27.0,"enemies":"3 Sentries","floor":11.0,"turns":7.0},{"damage":8.0,"enemies":"Gremlin Nob","floor":13.0,"turns":3.0},{"damage":1.0,"enemies":"2 Louse","floor":14.0,"turns":2.0},{"damage":39.0,"enemies":"The Guardian","floor":16.0,"turns":13.0},{"damage":26.0,"enemies":"2 Thieves","floor":18.0,"turns":5.0},{"damage":22.0,"enemies":"3 Byrds","floor":20.0,"turns":8.0},{"damage":36,"enemies":"Centurion and Healer","floor":21,"turns":5}],"seed_played":"414215346194491622","potions_obtained":[{"floor":4.0,"key":"Explosive Potion"},{"floor":6.0,"key":"SteroidPotion"}],"is_trial":false,"path_per_floor":["M","?","$","M","$","E","R","?","T","R","E","?","E","M","R","B",null,"M","$","M","M"],"character_chosen":"IRONCLAD","items_purchased":["Searing Blow","Torii"],"campfire_rested":0,"item_purchase_floors":[3,19],"current_hp_per_floor":[74,74,74,75,75,75,75,64,64,64,43,43,41,50,50,17,64,48,48,36,0],"gold":23,"neow_bonus":"THREE_ENEMY_KILL","is_prod":false,"is_daily":false,"chose_seed":false,"campfire_upgraded":3,"win_rate":0,"timestamp":1602279143,"path_taken":["M","?","$","M","?","E","R","?","T","R","E","?","E","M","R","BOSS","M","$","M","?"],"build_version":"2020-07-30","purchased_purges":0,"victory":false,"max_hp_per_floor":[75,75,75,75,75,75,75,75,75,75,75,75,75,79,79,79,79,83,83,87,87],"card_choices":[{"not_picked":["Wild Strike","Shrug It Off"],"picked":"Clash","floor":1.0},{"not_picked":["Fire Breathing","Second Wind"],"picked":"Armaments","floor":4.0},{"not_picked":["Pummel","Warcry"],"picked":"Armaments","floor":6.0},{"not_picked":["Perfected Strike","Disarm"],"picked":"Feed","floor":11.0},{"not_picked":["Bloodletting","Body Slam","Pommel Strike"],"picked":"SKIP","floor":13.0},{"not_picked":["Flex","Headbutt","Thunderclap"],"picked":"SKIP","floor":14.0},{"not_picked":["Offering","Corruption"],"picked":"Berserk","floor":16.0},{"not_picked":["True Grit","Rampage","Thunderclap"],"picked":"SKIP","floor":18.0},{"not_picked":["Burning Pact","Wild Strike","Clothesline"],"picked":"SKIP","floor":20.0}],"player_experience":1207012,"relics_obtained":[{"floor":6.0,"key":"Tiny Chest"},{"floor":9.0,"key":"Gremlin Horn"},{"floor":11.0,"key":"Bag of Preparation"},{"floor":13.0,"key":"Paper Frog"}],"event_choices":[{"damage_healed":0.0,"max_hp_gain":0.0,"max_hp_loss":0.0,"gold_gain":0.0,"event_name":"Upgrade Shrine","player_choice":"Upgraded","floor":2.0,"gold_loss":0.0,"damage_taken":0.0,"cards_upgraded":["Bash"]},{"damage_healed":0.0,"max_hp_gain":0.0,"max_hp_loss":0.0,"gold_gain":75.0,"event_name":"World of Goop","player_choice":"Gather Gold","floor":8.0,"gold_loss":0.0,"damage_taken":11.0},{"damage_healed":0.0,"max_hp_gain":0.0,"max_hp_loss":0.0,"gold_gain":0.0,"event_name":"Accursed Blacksmith","player_choice":"Forge","floor":12.0,"gold_loss":0.0,"damage_taken":0.0,"cards_upgraded":["Searing Blow"]}],"is_beta":false,"boss_relics":[{"not_picked":["Philosopher\u0027s Stone","Cursed Key"],"picked":"Runic Pyramid"}],"items_purged_floors":[],"is_endless":false,"potions_floor_spawned":[4,6],"killed_by":"Centurion and Healer","ascension_level":19}