{"gold_per_floor":[115,115,127,144,294,294,294,57,80,80,95,5,5,24,24,98,98,112,37,37,37,57,57,70,70,93,143,143,143,168,187,187,187],"floor_reached":33,"playtime":912,"items_purged":["Strike_R"],"score":542,"play_id":"b2272289-c1b8-4139-8639-51c13a698e34","local_time":"20201014165623","is_ascension_mode":true,"campfire_choices":[{"data":"Searing Blow","floor":6,"key":"SMITH"},{"data":"Searing Blow+1","floor":10,"key":"SMITH"},{"data":"Searing Blow+2","floor":13,"key":"SMITH"},{"data":"Searing Blow+3","floor":15,"key":"SMITH"},{"data":"Searing Blow+4","floor":23,"key":"SMITH"},{"data":"Armaments","floor":25,"key":"SMITH"},{"data":"Searing Blow+5","floor":28,"key":"SMITH"},{"floor":32,"key":"REST"}],"neow_cost":"NONE","seed_source_timestamp":174460543950400,"circlet_count":0,"master_deck":["AscendersBane","Strike_R","Defend_R","Defend_R+1","Defend_R","Bash","Searing Blow+7","Sword Boomerang","Reckless Charge","Shockwave+1","Dropkick","Double Tap","Ghostly Armor","Armaments+1","Inflame"],"relics":["Burning Blood","Toolbox","War Paint","Empty Cage","Nloth\u0027s Gift","Happy Flower","Art of War"],"potions_floor_usage":[30,33,33],"damage_taken":[{"damage":0,"enemies":"Cultist","floor":1,"turns":1},{"damage":0,"enemies":"Small Slimes","floor":3,"turns":1},{"damage":0,"enemies":"2 Louse","floor":4,"turns":1},{"damage":11,"enemies":"Blue Slaver","floor":11,"turns":4},{"damage":18,"enemies":"Lots of Slimes","floor":14,"turns":4},{"damage":7,"enemies":"The Guardian","floor":16,"turns":8},{"damage":23,"enemies":"2 Thieves","floor":18,"turns":4},{"damage":7,"enemies":"3 Byrds","floor":22,"turns":5},{"damage":20,"enemies":"Snecko","floor":24,"turns":5},{"damage":28,"enemies":"Book of Stabbing","floor":30,"turns":4},{"damage":11,"enemies":"Centurion and Healer","floor":31,"turns":3},{"damage":46,"enemies":"Collector","floor":33,"turns":6}],"seed_played":"4200599213647235580","potions_obtained":[{"floor":4,"key":"SpeedPotion"},{"floor":16,"key":"Strength Potion"},{"floor":24,"key":"AttackPotion"},{"floor":31,"key":"Explosive Potion"}],"is_trial":false,"path_per_floor":["M","?","M","M","?","R","?","$","T","R","M","$","R","M","R","B",null,"M","?","?","$","M","R","M","R","T","?","R","?","E","M","R","B"],"character_chosen":"IRONCLAD","items_purchased":["Toolbox","Dropkick"],"campfire_rested":1,"item_purchase_floors":[8,12],"current_hp_per_floor":[74,74,75,75,75,75,75,75,75,75,70,70,70,58,58,57,71,54,54,54,54,53,53,39,39,39,39,39,39,17,12,34,0],"gold":187,"neow_bonus":"THREE_ENEMY_KILL","is_prod":false,"is_daily":false,"chose_seed":false,"campfire_upgraded":7,"win_rate":0,"timestamp":1602708983,"path_taken":["M","?","M","?","?","R","?","$","T","R","?","?","R","M","R","BOSS","M","?","?","$","M","R","?","R","T","?","R","?","E","M","R","BOSS"],"build_version":"2020-07-30","purchased_purges":1,"victory":false,"max_hp_per_floor":[75,75,75,75,75,75,75,75,75,75,75,75,75,75,75,75,75,75,75,75,75,75,75,75,75,75,75,75,75,75,75,75,75],"card_choices":[{"not_picked":["Warcry","Sword Boomerang"],"picked":"Searing Blow","floor":1},{"not_picked":["Anger","Heavy Blade"],"picked":"Reckless Charge","floor":3},{"not_picked":["Shrug It Off","Reckless Charge"],"picked":"Shockwave","floor":4},{"not_picked":["Iron Wave","Body Slam","Wild Strike"],"picked":"SKIP","floor":11},{"not_picked":["Clothesline","Twin Strike","Pummel"],"picked":"SKIP","floor":14},{"not_picked":["Reaper","Exhume"],"picked":"Double Tap","floor":16},{"not_picked":["Warcry","Body Slam"],"picked":"Ghostly Armor","floor":18},{"not_picked":["Brutality","Second Wind","Searing Blow"],"picked":"SKIP","floor":22},{"not_picked":["Warcry","Wild Strike"],"picked":"Armaments","floor":24},{"not_picked":["Sword Boomerang","Brutality"],"picked":"Inflame","floor":30},{"not_picked":["Thunderclap","Dual Wield","Searing Blow"],"picked":"SKIP","floor":31}],"player_experience":1211778,"relics_obtained":[{"floor":9,"key":"War Paint"},{"floor":26,"key":"Happy Flower"},{"floor":30,"key":"Art of War"}],"event_choices":[{"damage_healed":0,"gold_gain":0,"cards_transformed":["Strike_R"],"player_choice":"Transformed","damage_taken":0,"max_hp_gain":0,"max_hp_loss":0,"event_name":"Transmorgrifier","floor":2,"gold_loss":0,"cards_obtained":["Sword Boomerang"]},{"damage_healed":0,"gold_gain":150,"player_choice":"AGREE","damage_taken":0,"max_hp_gain":0,"max_hp_loss":0,"event_name":"Liars Game","floor":5,"gold_loss":0,"cards_obtained":["Doubt"]},{"cards_removed":["Doubt"],"damage_healed":0,"gold_gain":0,"player_choice":"Purged","damage_taken":0,"max_hp_gain":0,"max_hp_loss":0,"event_name":"Purifier","floor":7,"gold_loss":0},{"cards_removed":["Defend_R"],"damage_healed":0,"gold_gain":0,"player_choice":"Gave Gold","damage_taken":0,"max_hp_gain":0,"max_hp_loss":0,"event_name":"Beggar","floor":19,"gold_loss":75},{"damage_healed":0,"gold_gain":0,"player_choice":"Traded Relic","damage_taken":0,"relics_obtained":["Nloth\u0027s Gift"],"max_hp_gain":0,"max_hp_loss":0,"event_name":"N\u0027loth","floor":20,"relics_lost":["NeowsBlessing"],"gold_loss":0},{"damage_healed":0,"gold_gain":50,"player_choice":"Stole From Cult","damage_taken":0,"max_hp_gain":0,"max_hp_loss":0,"event_name":"Nest","floor":27,"gold_loss":0},{"damage_healed":0,"gold_gain":0,"player_choice":"Upgraded","damage_taken":0,"max_hp_gain":0,"max_hp_loss":0,"event_name":"Upgrade Shrine","floor":29,"gold_loss":0,"cards_upgraded":["Searing Blow"]}],"is_beta":false,"boss_relics":[{"not_picked":["Runic Dome","Velvet Choker"],"picked":"Empty Cage"}],"items_purged_floors":[8],"is_endless":false,"potions_floor_spawned":[4,16,24,31],"killed_by":"Collector","ascension_level":19}