{"gold_per_floor":[116,5,5,5,15,15,49,73,73,73,106,106,181,194,194,270,270,290,308,318,318,318,333,358,358,358,390,443,460,66,116,116,195,195,207,207,288,238,249,279,61,61,61,61,61,61,91,104,104,104],"floor_reached":51,"playtime":1651,"items_purged":["Strike_R","Pain"],"score":1727,"play_id":"8dda221f-5bc0-4eb4-83f3-7779bb8ca915","local_time":"20201016213040","is_ascension_mode":true,"campfire_choices":[{"data":"Spot Weakness","floor":6.0,"key":"SMITH"},{"data":"Shockwave","floor":10.0,"key":"SMITH"},{"floor":12.0,"key":"REST"},{"floor":15.0,"key":"REST"},{"floor":32,"key":"REST"},{"data":"Corruption","floor":42,"key":"SMITH"},{"data":"Sword Boomerang","floor":44,"key":"SMITH"},{"floor":49,"key":"RECALL"}],"neow_cost":"TEN_PERCENT_HP_LOSS","seed_source_timestamp":362902244164700,"circlet_count":0,"master_deck":["AscendersBane","Strike_R","Strike_R+1","Strike_R+1","Defend_R","Defend_R+1","Defend_R","Bash","Shockwave+1","Spot Weakness+1","Sword Boomerang+1","Sentinel","Corruption+1","Offering","True Grit","Bloodletting","True Grit+1","Writhe","Shrug It Off+1","Exhume","Impervious","Disarm","Mayhem+1","Sever Soul"],"special_seed":0,"relics":["Burning Blood","WarpedTongs","Smiling Mask","Omamori","Dead Branch","Lizard Tail","Calling Bell","Tiny Chest","Eternal Feather","Pocketwatch","MutagenicStrength","Necronomicon","Turnip","Art of War","Gremlin Horn","Red Skull","Ancient Tea Set","ClockworkSouvenir","SacredBark","Meat on the Bone","Pantograph","Self Forming Clay","Sundial","Whetstone"],"potions_floor_usage":[29,29,41,41,48,50],"damage_taken":[{"damage":1.0,"enemies":"Cultist","floor":1.0,"turns":3.0},{"damage":5.0,"enemies":"Jaw Worm","floor":5.0,"turns":5.0},{"damage":39.0,"enemies":"3 Sentries","floor":7.0,"turns":7.0},{"damage":18.0,"enemies":"Lagavulin","floor":11.0,"turns":6.0},{"damage":2.0,"enemies":"2 Louse","floor":14.0,"turns":1.0},{"damage":19.0,"enemies":"Hexaghost","floor":16.0,"turns":4.0},{"damage":10.0,"enemies":"Spheric Guardian","floor":18.0,"turns":3.0},{"damage":24.0,"enemies":"2 Thieves","floor":19.0,"turns":3.0},{"damage":18.0,"enemies":"Snecko","floor":20.0,"turns":2.0},{"damage":4.0,"enemies":"Snake Plant","floor":23.0,"turns":2.0},{"damage":11.0,"enemies":"Slavers","floor":24.0,"turns":1.0},{"damage":9.0,"enemies":"Gremlin Leader","floor":27.0,"turns":3.0},{"damage":6,"enemies":"Centurion and Healer","floor":29,"turns":3},{"damage":19,"enemies":"Champ","floor":33,"turns":5},{"damage":10,"enemies":"3 Shapes","floor":35,"turns":2},{"damage":6,"enemies":"Orb Walker","floor":39,"turns":2},{"damage":15,"enemies":"Giant Head","floor":40,"turns":2},{"damage":0,"enemies":"Reptomancer","floor":47,"turns":2},{"damage":6,"enemies":"4 Shapes","floor":48,"turns":2},{"damage":43,"enemies":"Awakened One","floor":50,"turns":5}],"seed_played":"1069890180352362171","potions_obtained":[{"floor":11.0,"key":"AttackPotion"},{"floor":16.0,"key":"DistilledChaos"},{"floor":18.0,"key":"Regen Potion"},{"floor":20.0,"key":"BlessingOfTheForge"},{"floor":24.0,"key":"DuplicationPotion"},{"floor":27.0,"key":"AttackPotion"},{"floor":33,"key":"Swift Potion"},{"floor":47,"key":"Swift Potion"},{"floor":48,"key":"HeartOfIron"}],"is_trial":false,"path_per_floor":["M","$","?","$","M","R","E","T","T","R","E","R","?","M","R","B",null,"M","M","M","?","?","M","E","?","T","E","T","M","$","?","R","B",null,"M","?","T","?","M","E","$","R","T","R","$","T","E","M","R","B",null],"character_chosen":"IRONCLAD","items_purchased":["Spot Weakness","ClockworkSouvenir","Exhume","Fruit Juice","Fruit Juice"],"campfire_rested":3,"item_purchase_floors":[2,30,30,41,41],"current_hp_per_floor":[68,68,68,68,68,68,35,35,35,35,23,43,32,36,56,43,62,58,49,37,37,16,18,13,13,13,10,10,10,10,10,42,29,58,54,54,54,54,54,45,65,77,77,88,88,88,88,88,88,51],"gold":104,"neow_bonus":"REMOVE_TWO","is_prod":false,"is_daily":false,"chose_seed":false,"campfire_upgraded":4,"win_rate":0,"timestamp":1602898240,"path_taken":["M","?","?","$","?","R","E","?","T","R","E","R","?","?","R","BOSS","M","M","M","?","?","M","E","?","T","E","?","?","$","?","R","BOSS","M","?","?","?","?","E","?","R","T","R","$","?","E","M","R","BOSS"],"build_version":"2020-07-30","purchased_purges":2,"victory":true,"max_hp_per_floor":[68,68,68,68,68,68,68,68,68,68,68,68,68,68,68,68,68,68,68,68,68,68,68,68,68,68,68,68,68,68,68,68,68,68,68,68,68,68,68,68,88,88,88,88,88,88,88,88,88,88],"card_choices":[{"not_picked":["Sword Boomerang","Dual Wield"],"picked":"Shockwave","floor":1.0},{"not_picked":["Hemokinesis","Wild Strike"],"picked":"Sword Boomerang","floor":5.0},{"not_picked":["Thunderclap","Armaments","Uppercut"],"picked":"SKIP","floor":7.0},{"not_picked":["Twin Strike","Cleave"],"picked":"Sentinel","floor":11.0},{"not_picked":["Body Slam","True Grit"],"picked":"Corruption","floor":14.0},{"not_picked":["Fiend Fire","Reaper"],"picked":"Offering","floor":16.0},{"not_picked":["Perfected Strike","Fire Breathing","Iron Wave"],"picked":"SKIP","floor":18.0},{"not_picked":["Rupture","Headbutt"],"picked":"True Grit","floor":19.0},{"not_picked":["Armaments","Twin Strike+1"],"picked":"Bloodletting","floor":20.0},{"not_picked":["Twin Strike+1","Evolve"],"picked":"True Grit+1","floor":23.0},{"not_picked":["Shrug It Off","Battle Trance","Sword Boomerang"],"picked":"SKIP","floor":24.0},{"not_picked":["Bloodletting","Perfected Strike","Bludgeon"],"picked":"SKIP","floor":27.0},{"not_picked":["Clothesline","Perfected Strike"],"picked":"Shrug It Off+1","floor":29},{"not_picked":["Demon Form","Barricade"],"picked":"Impervious","floor":33},{"not_picked":["True Grit","Inflame+1"],"picked":"Disarm","floor":35},{"not_picked":["Transmutation","Mind Blast"],"picked":"Mayhem","floor":36},{"not_picked":["Armaments","Intimidate","Body Slam+1"],"picked":"SKIP","floor":39},{"not_picked":["Clash+1","Anger","Searing Blow"],"picked":"SKIP","floor":40},{"not_picked":["Dropkick","Whirlwind","Metallicize+1"],"picked":"SKIP","floor":47},{"not_picked":["True Grit","Sword Boomerang"],"picked":"Sever Soul","floor":48}],"player_experience":1222439,"relics_obtained":[{"floor":7.0,"key":"Smiling Mask"},{"floor":8.0,"key":"Omamori"},{"floor":9.0,"key":"Dead Branch"},{"floor":11.0,"key":"Lizard Tail"},{"floor":17.0,"key":"Tiny Chest"},{"floor":17.0,"key":"Eternal Feather"},{"floor":17.0,"key":"Pocketwatch"},{"floor":22.0,"key":"Necronomicon"},{"floor":24.0,"key":"Turnip"},{"floor":26.0,"key":"Gremlin Horn"},{"floor":27.0,"key":"Red Skull"},{"floor":28.0,"key":"Ancient Tea Set"},{"floor":37,"key":"Meat on the Bone"},{"floor":40,"key":"Pantograph"},{"floor":43,"key":"Self Forming Clay"},{"floor":46,"key":"Sundial"},{"floor":47,"key":"Whetstone"}],"event_choices":[{"damage_healed":0.0,"max_hp_gain":0.0,"max_hp_loss":0.0,"gold_gain":0.0,"event_name":"Accursed Blacksmith","player_choice":"Rummage","floor":3.0,"gold_loss":0.0,"damage_taken":0.0,"relics_obtained":["WarpedTongs"],"cards_obtained":["Pain"]},{"damage_healed":0.0,"max_hp_gain":0.0,"max_hp_loss":0.0,"gold_gain":75.0,"event_name":"World of Goop","player_choice":"Gather Gold","floor":13.0,"gold_loss":0.0,"damage_taken":11.0},{"damage_healed":0.0,"max_hp_gain":0.0,"max_hp_loss":0.0,"gold_gain":0.0,"event_name":"Drug Dealer","player_choice":"Inject Mutagens","floor":21.0,"gold_loss":0.0,"damage_taken":0.0,"relics_obtained":["MutagenicStrength"]},{"damage_healed":0.0,"max_hp_gain":0.0,"max_hp_loss":0.0,"gold_gain":0.0,"event_name":"Cursed Tome","player_choice":"Obtained Book","floor":22.0,"gold_loss":0.0,"damage_taken":21.0},{"damage_healed":0.0,"max_hp_gain":0.0,"max_hp_loss":0.0,"gold_gain":0.0,"event_name":"The Mausoleum","player_choice":"Opened","floor":25.0,"gold_loss":0.0,"damage_taken":0.0,"relics_obtained":["Art of War"],"cards_obtained":["Writhe"]},{"damage_healed":0,"gold_gain":50,"player_choice":"Stole From Cult","damage_taken":0,"max_hp_gain":0,"max_hp_loss":0,"event_name":"Nest","floor":31,"gold_loss":0},{"damage_healed":0,"gold_gain":0,"player_choice":"Memory 1","damage_taken":0,"max_hp_gain":0,"max_hp_loss":0,"event_name":"SensoryStone","floor":36,"gold_loss":0},{"damage_healed":0,"gold_gain":0,"player_choice":"Upgraded Two","damage_taken":0,"max_hp_gain":0,"max_hp_loss":0,"event_name":"Designer","floor":38,"gold_loss":50,"cards_upgraded":["Defend_R","Mayhem"]}],"is_beta":false,"boss_relics":[{"not_picked":["Coffee Dripper","Snecko Eye"],"picked":"Calling Bell"},{"not_picked":["Runic Pyramid","Velvet Choker"],"picked":"SacredBark"}],"items_purged_floors":[2,30],"is_endless":false,"potions_floor_spawned":[11,16,18,20,24,27,33,47,48],"ascension_level":19}