{"gold_per_floor":[118,130,55,75,87,113,113,113,113,30,57,57,57,18,18,18],"floor_reached":16,"playtime":462,"items_purged":[],"score":211,"play_id":"d593d170-1688-4bbe-bdc0-02eb33a6a4f3","local_time":"20201015214403","is_ascension_mode":true,"campfire_choices":[{"data":"Feel No Pain","floor":7,"key":"SMITH"},{"floor":15,"key":"REST"}],"neow_cost":"CURSE","seed_source_timestamp":278576276750100,"circlet_count":0,"master_deck":["AscendersBane","Strike_R","Strike_R","Strike_R","Strike_R","Defend_R","Defend_R","Defend_R","Bash","Feel No Pain+1","Flex","Havoc","Infernal Blade","Intimidate","Pommel Strike","Havoc","Inflame","Ghostly Armor","Dark Embrace","Offering"],"relics":["Burning Blood","Toy Ornithopter","Dream Catcher","Self Forming Clay","PreservedInsect"],"potions_floor_usage":[16,16],"damage_taken":[{"damage":6,"enemies":"Cultist","floor":1,"turns":3},{"damage":8,"enemies":"Jaw Worm","floor":2,"turns":4},{"damage":16,"enemies":"Small Slimes","floor":4,"turns":3},{"damage":2,"enemies":"Looter","floor":5,"turns":4},{"damage":18,"enemies":"3 Sentries","floor":6,"turns":12},{"damage":52,"enemies":"Gremlin Nob","floor":11,"turns":5},{"damage":44,"enemies":"The Guardian","floor":16,"turns":9}],"seed_played":"-8522452088305975480","potions_obtained":[{"floor":1,"key":"EssenceOfSteel"},{"floor":2,"key":"GamblersBrew"}],"is_trial":false,"path_per_floor":["M","M","?","M","M","E","R","?","T","$","E","$","?","$","R","B"],"character_chosen":"IRONCLAD","items_purchased":["Inflame","Dark Embrace"],"campfire_rested":1,"item_purchase_floors":[10,14],"current_hp_per_floor":[68,66,66,56,60,48,48,73,73,73,27,27,9,9,31,0],"gold":18,"neow_bonus":"TRANSFORM_TWO_CARDS","is_prod":false,"is_daily":false,"chose_seed":false,"campfire_upgraded":1,"win_rate":0,"timestamp":1602812643,"path_taken":["M","?","?","M","M","E","R","?","T","$","E","$","?","?","R","BOSS"],"build_version":"2020-07-30","purchased_purges":0,"victory":false,"max_hp_per_floor":[75,75,75,75,75,75,75,75,75,75,75,75,75,75,75,75],"card_choices":[{"not_picked":["Anger","Dual Wield"],"picked":"Havoc","floor":1},{"not_picked":["Thunderclap","Heavy Blade"],"picked":"Infernal Blade","floor":2},{"not_picked":["Entrench","Clash"],"picked":"Intimidate","floor":4},{"not_picked":["Warcry","Heavy Blade"],"picked":"Pommel Strike","floor":5},{"not_picked":["Wild Strike","Warcry"],"picked":"Havoc","floor":6},{"not_picked":["Thunderclap","Sword Boomerang"],"picked":"Ghostly Armor","floor":11},{"not_picked":["Sword Boomerang","Armaments"],"picked":"Offering","floor":15}],"player_experience":1219640,"relics_obtained":[{"floor":6,"key":"Toy Ornithopter"},{"floor":9,"key":"Dream Catcher"},{"floor":11,"key":"Self Forming Clay"}],"event_choices":[{"cards_removed":["Normality"],"damage_healed":0,"gold_gain":0,"player_choice":"Card Removal","damage_taken":0,"max_hp_gain":0,"max_hp_loss":0,"event_name":"The Cleric","floor":3,"gold_loss":75},{"damage_healed":25,"gold_gain":0,"player_choice":"Banana","damage_taken":0,"max_hp_gain":0,"max_hp_loss":0,"event_name":"Big Fish","floor":8,"gold_loss":0},{"damage_healed":0,"gold_gain":0,"player_choice":"Success","damage_taken":18,"relics_obtained":["PreservedInsect"],"max_hp_gain":0,"max_hp_loss":0,"event_name":"Scrap Ooze","floor":13,"gold_loss":0}],"is_beta":false,"boss_relics":[],"items_purged_floors":[],"is_endless":false,"potions_floor_spawned":[1,2],"killed_by":"The Guardian","ascension_level":19}