{"gold_per_floor":[117,33,33,33,43,70,70,98,98,143,155,167,199,228,240,252],"floor_reached":16,"playtime":407,"items_purged":[],"score":279,"play_id":"98cedbdf-bf9e-4adf-8b45-d977f6366d58","local_time":"20201015210343","is_ascension_mode":true,"campfire_choices":[{"data":"Armaments","floor":7,"key":"SMITH"},{"floor":11,"key":"REST"},{"data":"Strike_R","floor":15,"key":"PURGE"}],"neow_cost":"NONE","seed_source_timestamp":276211526988599,"circlet_count":0,"master_deck":["AscendersBane","Strike_R","Strike_R","Strike_R","Defend_R","Defend_R","Defend_R","Defend_R","Bash","Armaments+1","Whirlwind","Reckless Charge","Cleave","Berserk","Clash","Dual Wield"],"relics":["Burning Blood","NeowsBlessing","Kunai","Mummified Hand","Question Card","MawBank","Peace Pipe"],"potions_floor_usage":[5,8,10,16],"damage_taken":[{"damage":0,"enemies":"2 Louse","floor":1,"turns":1},{"damage":0,"enemies":"Small Slimes","floor":5,"turns":1},{"damage":0,"enemies":"Gremlin Nob","floor":6,"turns":1},{"damage":20,"enemies":"3 Sentries","floor":8,"turns":4},{"damage":32,"enemies":"Gremlin Nob","floor":10,"turns":4},{"damage":12,"enemies":"Cultist","floor":13,"turns":4},{"damage":19,"enemies":"Large Slime","floor":14,"turns":6},{"damage":31,"enemies":"Hexaghost","floor":16,"turns":7}],"seed_played":"-1241653130547216857","potions_obtained":[{"floor":5,"key":"EntropicBrew"},{"floor":8,"key":"ColorlessPotion"},{"floor":14,"key":"SpeedPotion"}],"is_trial":false,"path_per_floor":["M","$","?","?","M","E","R","E","T","E","R","?","M","M","R","B"],"character_chosen":"IRONCLAD","items_purchased":["Whirlwind"],"campfire_rested":1,"item_purchase_floors":[2],"current_hp_per_floor":[74,74,48,53,59,65,65,51,51,25,49,49,43,30,30,0],"gold":252,"neow_bonus":"THREE_ENEMY_KILL","is_prod":false,"is_daily":false,"chose_seed":false,"campfire_upgraded":1,"win_rate":0,"timestamp":1602810223,"path_taken":["M","$","?","?","M","E","R","E","T","E","R","?","M","M","R","BOSS"],"build_version":"2020-07-30","purchased_purges":0,"victory":false,"max_hp_per_floor":[75,75,75,80,80,80,80,80,80,80,80,80,80,80,80,80],"card_choices":[{"not_picked":["True Grit","Clash"],"picked":"Armaments","floor":1},{"not_picked":["Fire Breathing","Armaments"],"picked":"Reckless Charge","floor":5},{"not_picked":["Heavy Blade","Hemokinesis"],"picked":"Cleave","floor":6},{"not_picked":["Sever Soul","Reaper","Berserk"],"picked":"SKIP","floor":8},{"not_picked":["Entrench","Cleave","Thunderclap","Twin Strike"],"picked":"SKIP","floor":10},{"not_picked":["Perfected Strike","Headbutt","True Grit"],"picked":"Clash","floor":13},{"not_picked":["Body Slam","Seeing Red","Clash"],"picked":"Dual Wield","floor":14}],"player_experience":1217558,"relics_obtained":[{"floor":6,"key":"Mummified Hand"},{"floor":8,"key":"Question Card"},{"floor":9,"key":"MawBank"},{"floor":10,"key":"Peace Pipe"}],"event_choices":[{"damage_healed":0,"gold_gain":0,"player_choice":"Success","damage_taken":26,"relics_obtained":["Kunai"],"max_hp_gain":0,"max_hp_loss":0,"event_name":"Scrap Ooze","floor":3,"gold_loss":0},{"damage_healed":0,"gold_gain":0,"player_choice":"Donut","damage_taken":0,"max_hp_gain":5,"max_hp_loss":0,"event_name":"Big Fish","floor":4,"gold_loss":0},{"damage_healed":0,"gold_gain":0,"cards_transformed":["Strike_R"],"player_choice":"Transformed","damage_taken":0,"max_hp_gain":0,"max_hp_loss":0,"event_name":"Transmorgrifier","floor":12,"gold_loss":0,"cards_obtained":["Berserk"]}],"is_beta":false,"boss_relics":[],"items_purged_floors":[],"is_endless":false,"potions_floor_spawned":[5,8,14],"killed_by":"Hexaghost","ascension_level":19}