{"gold_per_floor":[109,259,259,259,259,259,295,295,295,295,326,401,419,101,101,101],"floor_reached":16,"playtime":237,"items_purged":[],"score":252,"play_id":"e348e812-71cf-4f5a-b5fe-a905dad9819f","local_time":"20201015212359","is_ascension_mode":true,"campfire_choices":[{"data":"Bash","floor":6,"key":"SMITH"},{"data":"Clash","floor":8,"key":"SMITH"},{"data":"Pummel","floor":15,"key":"SMITH"}],"neow_cost":"NONE","seed_source_timestamp":277597526088100,"circlet_count":0,"master_deck":["AscendersBane","Strike_R","Strike_R","Strike_R","Strike_R","Defend_R","Defend_R","Defend_R","Defend_R","Bash+1","Clash+1","Doubt","Injury","Armaments+1","Burning Pact+1","Intimidate+1","Pummel+1"],"relics":["Burning Blood","NeowsBlessing","Du-Vu Doll","Golden Idol","Toxic Egg 2","Pear","Sundial","Matryoshka"],"potions_floor_usage":[],"damage_taken":[{"damage":0,"enemies":"2 Louse","floor":1,"turns":1},{"damage":0,"enemies":"Lagavulin","floor":7,"turns":1},{"damage":10,"enemies":"3 Sentries","floor":11,"turns":3},{"damage":0,"enemies":"Small Slimes","floor":13,"turns":4},{"damage":74,"enemies":"Hexaghost","floor":16,"turns":9}],"seed_played":"4506321411211275243","potions_obtained":[{"floor":13,"key":"Dexterity Potion"}],"is_trial":false,"path_per_floor":["M","?","?","?","?","R","E","R","T","?","E","?","M","$","R","B"],"character_chosen":"IRONCLAD","items_purchased":["Matryoshka","Pummel"],"campfire_rested":0,"item_purchase_floors":[14,14],"current_hp_per_floor":[74,74,79,74,74,74,80,80,90,83,79,68,74,74,74,0],"gold":101,"neow_bonus":"THREE_ENEMY_KILL","is_prod":false,"is_daily":false,"chose_seed":false,"campfire_upgraded":3,"win_rate":0,"timestamp":1602811439,"path_taken":["M","?","?","?","?","R","E","R","T","?","E","?","M","$","R","BOSS"],"build_version":"2020-07-30","purchased_purges":0,"victory":false,"max_hp_per_floor":[75,75,80,80,80,80,80,80,90,90,90,90,90,90,90,90],"card_choices":[{"not_picked":["Warcry","Inflame"],"picked":"Clash","floor":1},{"not_picked":["Entrench+1","Dark Embrace"],"picked":"Armaments+1","floor":7},{"not_picked":["Searing Blow","Clash"],"picked":"Burning Pact+1","floor":11},{"not_picked":["Iron Wave","Clash"],"picked":"Intimidate+1","floor":13}],"player_experience":1218704,"relics_obtained":[{"floor":7,"key":"Toxic Egg 2"},{"floor":9,"key":"Pear"},{"floor":11,"key":"Sundial"}],"event_choices":[{"damage_healed":0,"gold_gain":150,"player_choice":"AGREE","damage_taken":0,"max_hp_gain":0,"max_hp_loss":0,"event_name":"Liars Game","floor":2,"gold_loss":0,"cards_obtained":["Doubt"]},{"damage_healed":0,"gold_gain":0,"player_choice":"Donut","damage_taken":0,"max_hp_gain":5,"max_hp_loss":0,"event_name":"Big Fish","floor":3,"gold_loss":0},{"damage_healed":0,"gold_gain":0,"player_choice":"Success","damage_taken":5,"relics_obtained":["Du-Vu Doll"],"max_hp_gain":0,"max_hp_loss":0,"event_name":"Scrap Ooze","floor":4,"gold_loss":0},{"damage_healed":0,"gold_gain":0,"player_choice":"Take Wound","damage_taken":0,"relics_obtained":["Golden Idol"],"max_hp_gain":0,"max_hp_loss":0,"event_name":"Golden Idol","floor":5,"gold_loss":0,"cards_obtained":["Injury"]},{"cards_removed":["Strike_R"],"damage_healed":0,"gold_gain":0,"player_choice":"Card Removal","damage_taken":7,"max_hp_gain":0,"max_hp_loss":0,"event_name":"Golden Wing","floor":10,"gold_loss":0},{"damage_healed":0,"gold_gain":75,"player_choice":"Gather Gold","damage_taken":11,"max_hp_gain":0,"max_hp_loss":0,"event_name":"World of Goop","floor":12,"gold_loss":0}],"is_beta":false,"boss_relics":[],"items_purged_floors":[],"is_endless":false,"potions_floor_spawned":[13],"killed_by":"Hexaghost","ascension_level":19}