{"gold_per_floor":[112,112,122,6,6,31,31,64,133,161,180,16,16,46,46,117,117,132,132,132,182,102,102,102],"floor_reached":24,"playtime":693,"items_purged":["Strike_R"],"score":486,"play_id":"6f53ddff-2cd0-4151-a1a0-df05e240f1e7","local_time":"20201023174307","is_ascension_mode":true,"campfire_choices":[{"data":"Rampage","floor":7,"key":"SMITH"},{"data":"Flame Barrier","floor":13,"key":"SMITH"},{"floor":15,"key":"REST"},{"data":"Double Tap","floor":23,"key":"SMITH"}],"neow_cost":"NONE","seed_source_timestamp":339704076475600,"circlet_count":0,"master_deck":["AscendersBane","Strike_R","Strike_R","Strike_R","Strike_R","Defend_R","Defend_R","Defend_R","Defend_R","Bash","Flame Barrier+1","Iron Wave","Rampage+1","Rage","Shrug It Off","Headbutt","Double Tap+1","Necronomicurse","Decay"],"relics":["Burning Blood","NeowsBlessing","Orichalcum","Singing Bowl","Shuriken","Oddly Smooth Stone","Nunchaku","Vajra","Black Star","Necronomicon"],"potions_floor_usage":[8,16],"damage_taken":[{"damage":0,"enemies":"2 Louse","floor":1,"turns":1},{"damage":0,"enemies":"Cultist","floor":3,"turns":1},{"damage":0,"enemies":"Lagavulin","floor":6,"turns":2},{"damage":23,"enemies":"Gremlin Nob","floor":8,"turns":5},{"damage":25,"enemies":"Lagavulin","floor":10,"turns":6},{"damage":0,"enemies":"Jaw Worm","floor":11,"turns":4},{"damage":38,"enemies":"Gremlin Nob","floor":14,"turns":5},{"damage":54,"enemies":"The Guardian","floor":16,"turns":11},{"damage":1,"enemies":"Chosen","floor":18,"turns":4},{"damage":6,"enemies":"2 Thieves","floor":22,"turns":4},{"damage":54,"enemies":"Gremlin Leader","floor":24,"turns":7}],"seed_played":"3631902309487492177","potions_obtained":[{"floor":1,"key":"BloodPotion"},{"floor":3,"key":"Ancient Potion"}],"is_trial":false,"path_per_floor":["M","?","M","$","?","E","R","E","T","E","M","$","R","E","R","B",null,"M","?","?","?","M","R","E"],"character_chosen":"IRONCLAD","items_purchased":["Rampage","Nunchaku"],"campfire_rested":1,"item_purchase_floors":[4,12],"current_hp_per_floor":[74,74,75,75,80,80,80,65,65,46,52,52,52,20,44,12,65,72,51,51,51,53,53,0],"gold":102,"neow_bonus":"THREE_ENEMY_KILL","is_prod":false,"is_daily":false,"chose_seed":false,"campfire_upgraded":3,"win_rate":0,"timestamp":1603489387,"path_taken":["M","?","M","?","?","E","R","E","T","E","M","$","R","E","R","BOSS","M","?","?","?","?","R","E"],"build_version":"2020-07-30","purchased_purges":1,"victory":false,"max_hp_per_floor":[75,75,75,75,80,80,80,82,82,82,82,82,82,82,82,82,82,84,84,84,84,86,86,86],"card_choices":[{"not_picked":["Intimidate","Shrug It Off"],"picked":"Flame Barrier","floor":1},{"not_picked":["Flame Barrier","Perfected Strike","Warcry"],"picked":"SKIP","floor":3},{"not_picked":["Headbutt","Iron Wave","Wild Strike"],"picked":"SKIP","floor":6},{"not_picked":["Fiend Fire","Dark Embrace","Havoc"],"picked":"Singing Bowl","floor":8},{"not_picked":["Fire Breathing","Feel No Pain"],"picked":"Rage","floor":10},{"not_picked":["Sword Boomerang","Reckless Charge"],"picked":"Shrug It Off","floor":11},{"not_picked":["Berserk","Clash"],"picked":"Headbutt","floor":14},{"not_picked":["Impervious","Brutality"],"picked":"Double Tap","floor":16},{"not_picked":["Power Through","Armaments","Combust"],"picked":"Singing Bowl","floor":18},{"not_picked":["Iron Wave","Disarm","Bloodletting"],"picked":"Singing Bowl","floor":22}],"player_experience":1226118,"relics_obtained":[{"floor":6,"key":"Orichalcum"},{"floor":8,"key":"Singing Bowl"},{"floor":9,"key":"Shuriken"},{"floor":10,"key":"Oddly Smooth Stone"},{"floor":14,"key":"Vajra"},{"floor":19,"key":"Necronomicon"}],"event_choices":[{"damage_healed":0,"gold_gain":0,"player_choice":"1 cards matched","damage_taken":0,"max_hp_gain":0,"max_hp_loss":0,"event_name":"Match and Keep!","floor":2,"gold_loss":0,"cards_obtained":["Iron Wave"]},{"damage_healed":0,"gold_gain":0,"player_choice":"Donut","damage_taken":0,"max_hp_gain":5,"max_hp_loss":0,"event_name":"Big Fish","floor":5,"gold_loss":0},{"damage_healed":0,"gold_gain":0,"player_choice":"Obtained Book","damage_taken":21,"max_hp_gain":0,"max_hp_loss":0,"event_name":"Cursed Tome","floor":19,"gold_loss":0},{"damage_healed":0,"gold_gain":0,"player_choice":"Smashed Altar","damage_taken":0,"max_hp_gain":0,"max_hp_loss":0,"event_name":"Forgotten Altar","floor":20,"gold_loss":0,"cards_obtained":["Decay"]},{"damage_healed":0,"gold_gain":50,"player_choice":"Pray","damage_taken":0,"max_hp_gain":0,"max_hp_loss":0,"event_name":"Golden Shrine","floor":21,"gold_loss":0}],"is_beta":false,"boss_relics":[{"not_picked":["Snecko Eye","Mark of Pain"],"picked":"Black Star"}],"items_purged_floors":[4],"is_endless":false,"potions_floor_spawned":[1,3,6],"killed_by":"Gremlin Leader","ascension_level":20}