{"gold_per_floor":[118,132,57,57,57,90,0,0,75,101,112,262,287,302,302,302],"floor_reached":16,"playtime":375,"items_purged":[],"score":216,"play_id":"f8886bd5-5a0c-489f-9a90-e9dc538f5f81","local_time":"20201023174938","is_ascension_mode":true,"campfire_choices":[{"data":"Bludgeon","floor":8,"key":"SMITH"},{"data":"Panacea","floor":15,"key":"SMITH"}],"neow_cost":"NONE","seed_source_timestamp":340413503490400,"circlet_count":0,"master_deck":["AscendersBane","Strike_R","Strike_R","Strike_R+1","Strike_R","Defend_R+1","Defend_R+1","Defend_R","Defend_R","Bash","Bludgeon+1","Clothesline+1","Panacea+1","Doubt"],"relics":["Burning Blood","Singing Bowl","Kunai","War Paint","MealTicket"],"potions_floor_usage":[10,16,16],"damage_taken":[{"damage":3,"enemies":"Small Slimes","floor":1,"turns":3},{"damage":0,"enemies":"Jaw Worm","floor":2,"turns":3},{"damage":8,"enemies":"Gremlin Nob","floor":6,"turns":3},{"damage":40,"enemies":"3 Sentries","floor":10,"turns":8},{"damage":0,"enemies":"2 Louse","floor":11,"turns":3},{"damage":11,"enemies":"Looter","floor":14,"turns":2},{"damage":25,"enemies":"Hexaghost","floor":16,"turns":9}],"seed_played":"-6019688170514383261","potions_obtained":[{"floor":2,"key":"HeartOfIron"},{"floor":6,"key":"Block Potion"},{"floor":14,"key":"EssenceOfSteel"}],"is_trial":false,"path_per_floor":["M","M","?","$","?","E","$","R","T","E","M","?","T","M","R","B"],"character_chosen":"IRONCLAD","items_purchased":["Panacea"],"campfire_rested":0,"item_purchase_floors":[7],"current_hp_per_floor":[71,75,75,75,52,52,52,52,52,20,28,28,28,25,25,0],"gold":302,"neow_bonus":"ONE_RANDOM_RARE_CARD","is_prod":false,"is_daily":false,"chose_seed":false,"campfire_upgraded":2,"win_rate":0,"timestamp":1603489778,"path_taken":["M","M","?","$","?","E","?","R","T","E","M","?","?","M","R","BOSS"],"build_version":"2020-07-30","purchased_purges":0,"victory":false,"max_hp_per_floor":[75,75,75,75,75,77,77,77,77,79,81,81,81,83,83,83],"card_choices":[{"not_picked":["Twin Strike","Reckless Charge"],"picked":"Clothesline","floor":1},{"not_picked":["Havoc","Clothesline","Thunderclap"],"picked":"SKIP","floor":2},{"not_picked":["Feel No Pain","Flex","Thunderclap"],"picked":"Singing Bowl","floor":6},{"not_picked":["Havoc","Heavy Blade","Thunderclap"],"picked":"Singing Bowl","floor":10},{"not_picked":["Iron Wave","Pommel Strike","Headbutt"],"picked":"Singing Bowl","floor":11},{"not_picked":["Rupture","Cleave","Iron Wave"],"picked":"Singing Bowl","floor":14}],"player_experience":1226811,"relics_obtained":[{"floor":6,"key":"Singing Bowl"},{"floor":9,"key":"Kunai"},{"floor":10,"key":"War Paint"},{"floor":13,"key":"MealTicket"}],"event_choices":[{"cards_removed":["Strike_R"],"damage_healed":0,"gold_gain":0,"player_choice":"Card Removal","damage_taken":0,"max_hp_gain":0,"max_hp_loss":0,"event_name":"The Cleric","floor":3,"gold_loss":75},{"damage_healed":0,"gold_gain":0,"player_choice":"Entered Light","damage_taken":23,"max_hp_gain":0,"max_hp_loss":0,"event_name":"Shining Light","floor":5,"gold_loss":0,"cards_upgraded":["Clothesline","Strike_R"]},{"damage_healed":0,"gold_gain":150,"player_choice":"AGREE","damage_taken":0,"max_hp_gain":0,"max_hp_loss":0,"event_name":"Liars Game","floor":12,"gold_loss":0,"cards_obtained":["Doubt"]}],"is_beta":false,"boss_relics":[],"items_purged_floors":[],"is_endless":false,"potions_floor_spawned":[2,6,14],"killed_by":"Hexaghost","ascension_level":20}