{"gold_per_floor":[119,194,194,212,48,80,90,118,145,145,145,295,311,311,311,311],"floor_reached":16,"playtime":589,"items_purged":[],"score":270,"play_id":"e2b2d177-b23a-401a-9687-bbcef0a5c65d","local_time":"20201227232808","is_ascension_mode":true,"campfire_choices":[{"floor":10,"key":"REST"},{"data":"Juggernaut","floor":15,"key":"SMITH"}],"neow_cost":"NONE","seed_source_timestamp":359596074127000,"circlet_count":0,"master_deck":["AscendersBane","Strike_R","Strike_R","Strike_R","Strike_R","Defend_R","Defend_R","Defend_R","Defend_R","Bash","Iron Wave","Combust","Clash","Juggernaut+1","Second Wind","Inflame","Doubt"],"relics":["Burning Blood","NeowsBlessing","Membership Card","Juzu Bracelet","Tiny Chest","Art of War","Magic Flower"],"potions_floor_usage":[7,8,14],"damage_taken":[{"damage":0,"enemies":"Small Slimes","floor":1,"turns":1},{"damage":0,"enemies":"Cultist","floor":4,"turns":1},{"damage":0,"enemies":"Lagavulin","floor":6,"turns":1},{"damage":0,"enemies":"Jaw Worm","floor":7,"turns":2},{"damage":56,"enemies":"Gremlin Nob","floor":8,"turns":5},{"damage":5,"enemies":"2 Fungi Beasts","floor":13,"turns":4},{"damage":0,"enemies":"Gremlin Gang","floor":14,"turns":1},{"damage":55,"enemies":"The Guardian","floor":16,"turns":8}],"seed_played":"-4001032932011876021","potions_obtained":[{"floor":4,"key":"LiquidMemories"},{"floor":6,"key":"Energy Potion"},{"floor":7,"key":"SmokeBomb"}],"is_trial":false,"path_per_floor":["M","?","?","M","$","E","M","E","T","R","?","?","M","M","R","B"],"character_chosen":"IRONCLAD","items_purchased":["Membership Card"],"campfire_rested":1,"item_purchase_floors":[5],"current_hp_per_floor":[74,63,63,69,69,75,75,25,25,47,42,42,46,55,55,0],"gold":311,"neow_bonus":"THREE_ENEMY_KILL","is_prod":false,"is_daily":false,"chose_seed":false,"campfire_upgraded":1,"win_rate":0,"timestamp":1609129688,"path_taken":["M","?","?","M","$","E","M","E","T","R","?","?","M","M","R","BOSS"],"build_version":"2020-12-22","purchased_purges":0,"victory":false,"max_hp_per_floor":[75,75,75,75,75,75,75,75,75,75,75,75,75,75,75,75],"card_choices":[{"not_picked":["Havoc","True Grit"],"picked":"Iron Wave","floor":1},{"not_picked":["Shrug It Off","Twin Strike"],"picked":"Clash","floor":4},{"not_picked":["Hemokinesis","Armaments"],"picked":"Juggernaut","floor":6},{"not_picked":["Thunderclap","Seeing Red"],"picked":"Second Wind","floor":7},{"not_picked":["Demon Form","Seeing Red"],"picked":"Inflame","floor":8},{"not_picked":["Pommel Strike","Twin Strike","Burning Pact"],"picked":"SKIP","floor":13}],"player_experience":1237743,"relics_obtained":[{"floor":6,"key":"Juzu Bracelet"},{"floor":8,"key":"Tiny Chest"},{"floor":9,"key":"Art of War"}],"event_choices":[{"damage_healed":0,"gold_gain":75,"player_choice":"Gather Gold","damage_taken":11,"max_hp_gain":0,"max_hp_loss":0,"event_name":"World of Goop","floor":2,"gold_loss":0},{"damage_healed":0,"gold_gain":0,"cards_transformed":["Strike_R"],"player_choice":"Transformed","damage_taken":0,"max_hp_gain":0,"max_hp_loss":0,"event_name":"Transmorgrifier","floor":3,"gold_loss":0,"cards_obtained":["Combust"]},{"damage_healed":0,"gold_gain":0,"player_choice":"Success","damage_taken":5,"relics_obtained":["Magic Flower"],"max_hp_gain":0,"max_hp_loss":0,"event_name":"Scrap Ooze","floor":11,"gold_loss":0},{"damage_healed":0,"gold_gain":150,"player_choice":"AGREE","damage_taken":0,"max_hp_gain":0,"max_hp_loss":0,"event_name":"Liars Game","floor":12,"gold_loss":0,"cards_obtained":["Doubt"]}],"is_beta":false,"boss_relics":[],"items_purged_floors":[],"is_endless":false,"potions_floor_spawned":[4,6,7,14],"killed_by":"The Guardian","ascension_level":20}