{"gold_per_floor":[31,91,156,156,195,249,249,319,319,379,454,472,228,270,270,373,373,420,420,420,472,547,547,607,645,671,341,366],"floor_reached":28,"playtime":1257,"items_purged":["Strike_R"],"score":550,"play_id":"ba52c6e5-9d04-41ae-b81f-041ee26e5be4","local_time":"20201227234957","is_ascension_mode":true,"campfire_choices":[{"data":"HandOfGreed","floor":7.0,"key":"SMITH"},{"floor":15,"key":"REST"},{"floor":23,"key":"REST"}],"neow_cost":"NO_GOLD","seed_source_timestamp":360196033834200,"circlet_count":0,"master_deck":["AscendersBane","Strike_R","Strike_R+1","Strike_R","Strike_R+1","Defend_R","Defend_R","Defend_R","Defend_R","Bash","HandOfGreed+1","Thunderclap","Cleave","Seeing Red","Rage","Shrug It Off+1","Spot Weakness","Whirlwind+1"],"special_seed":0,"relics":["Burning Blood","Paper Frog","Ice Cream","Whetstone","Ancient Tea Set","CeramicFish","Sozu","Regal Pillow","Potion Belt","Tiny Chest","Bronze Scales","Lantern"],"potions_floor_usage":[16,18],"damage_taken":[{"damage":4.0,"enemies":"Jaw Worm","floor":1.0,"turns":3.0},{"damage":7.0,"enemies":"Small Slimes","floor":2.0,"turns":4.0},{"damage":1.0,"enemies":"Cultist","floor":5.0,"turns":3.0},{"damage":31.0,"enemies":"Gremlin Nob","floor":6.0,"turns":4.0},{"damage":15.0,"enemies":"Exordium Thugs","floor":8.0,"turns":5.0},{"damage":15,"enemies":"Lagavulin","floor":10,"turns":5},{"damage":1,"enemies":"2 Fungi Beasts","floor":12,"turns":3},{"damage":0,"enemies":"Large Slime","floor":14,"turns":2},{"damage":27,"enemies":"The Guardian","floor":16,"turns":8},{"damage":0,"enemies":"Chosen","floor":18,"turns":2},{"damage":31,"enemies":"3 Byrds","floor":21,"turns":6},{"damage":10,"enemies":"Centurion and Healer","floor":22,"turns":5},{"damage":0,"enemies":"Gremlin Leader","floor":24,"turns":3},{"damage":69,"enemies":"Cultist and Chosen","floor":25,"turns":7},{"damage":22,"enemies":"Sentry and Sphere","floor":28,"turns":3}],"seed_played":"8341388808913889435","potions_obtained":[{"floor":6.0,"key":"SkillPotion"},{"floor":8.0,"key":"Fire Potion"},{"floor":10,"key":"Strength Potion"}],"is_trial":false,"path_per_floor":["M","M","?","T","M","E","R","M","T","E","?","M","$","M","R","B",null,"M","T","$","M","M","R","E","M","T","$","M"],"character_chosen":"IRONCLAD","items_purchased":["CeramicFish","Bronze Scales","Lantern"],"campfire_rested":2,"item_purchase_floors":[13,27,27],"current_hp_per_floor":[70,69,69,69,74,49,49,40,40,31,20,25,25,31,53,32,64,70,70,70,45,41,75,75,12,12,12,0],"gold":366,"neow_bonus":"RANDOM_COLORLESS_2","is_prod":false,"is_daily":false,"chose_seed":false,"campfire_upgraded":1,"win_rate":0,"timestamp":1609130997,"path_taken":["M","M","?","?","M","E","R","M","T","E","?","?","$","M","R","BOSS","M","?","$","M","M","R","E","M","T","?","?"],"build_version":"2020-12-22","purchased_purges":1,"victory":false,"max_hp_per_floor":[75,75,75,75,75,75,75,75,75,75,75,75,75,75,75,75,75,75,75,75,75,75,75,75,75,75,75,75],"card_choices":[{"not_picked":["Mayhem","Thinking Ahead"],"picked":"HandOfGreed","floor":0.0},{"not_picked":["Havoc","Clothesline","Pummel"],"picked":"SKIP","floor":1.0},{"not_picked":["True Grit","Clothesline"],"picked":"Thunderclap","floor":2.0},{"not_picked":["True Grit","Berserk","Heavy Blade"],"picked":"SKIP","floor":5.0},{"not_picked":["Demon Form","Clothesline"],"picked":"Cleave","floor":6.0},{"not_picked":["Shrug It Off","Entrench"],"picked":"Seeing Red","floor":8.0},{"not_picked":["Burning Pact","Pummel"],"picked":"Rage","floor":10},{"not_picked":["Fire Breathing","Searing Blow","Perfected Strike"],"picked":"SKIP","floor":12},{"not_picked":["Flex","Thunderclap","Iron Wave"],"picked":"SKIP","floor":14},{"not_picked":["Rampage","Headbutt+1"],"picked":"Shrug It Off+1","floor":18},{"not_picked":["Pummel","Reckless Charge"],"picked":"Spot Weakness","floor":21},{"not_picked":["Metallicize","Cleave"],"picked":"Whirlwind+1","floor":22},{"not_picked":["Second Wind","Thunderclap","Sentinel"],"picked":"SKIP","floor":24},{"not_picked":["Twin Strike","Whirlwind+1","Inflame"],"picked":"SKIP","floor":25}],"player_experience":1238332,"relics_obtained":[{"floor":4.0,"key":"Paper Frog"},{"floor":6.0,"key":"Ice Cream"},{"floor":9.0,"key":"Whetstone"},{"floor":10,"key":"Ancient Tea Set"},{"floor":19,"key":"Regal Pillow"},{"floor":24,"key":"Potion Belt"},{"floor":26,"key":"Tiny Chest"}],"event_choices":[{"damage_healed":0.0,"max_hp_gain":0.0,"max_hp_loss":0.0,"gold_gain":65.0,"event_name":"Golden Wing","player_choice":"Gained Gold","floor":3.0,"gold_loss":0.0,"damage_taken":0.0},{"damage_healed":0,"gold_gain":75,"player_choice":"Gather Gold","damage_taken":11,"max_hp_gain":0,"max_hp_loss":0,"event_name":"World of Goop","floor":11,"gold_loss":0}],"is_beta":false,"boss_relics":[{"not_picked":["Astrolabe","Cursed Key"],"picked":"Sozu"}],"items_purged_floors":[13],"is_endless":false,"potions_floor_spawned":[6,8,10,14,18,25],"killed_by":"Sentry and Sphere","ascension_level":20}