{"gold_per_floor":[111,123,123,142,166,166,21,21,89,166,180,41,71,84,84,84],"floor_reached":16,"playtime":442,"items_purged":[],"score":105,"play_id":"ba4376d5-c963-4a58-bf75-5d0517862630","local_time":"20210207223138","is_ascension_mode":true,"campfire_choices":[{"data":"Corruption","floor":6,"key":"SMITH"},{"data":"Bash","floor":8,"key":"SMITH"},{"data":"Feed","floor":15,"key":"SMITH"}],"neow_cost":"","seed_source_timestamp":0,"circlet_count":0,"master_deck":["Strike_R","Strike_R","Strike_R","Strike_R","Strike_R","Defend_R","Defend_R","Defend_R","Defend_R","Bash+1","Seeing Red","Iron Wave","Bandage Up","Corruption+1","Warcry","Cleave","Limit Break","Feed+1"],"relics":["Burning Blood","Strawberry","Juzu Bracelet","Meat on the Bone","Gremlin Horn"],"potions_floor_usage":[11,13,16],"damage_taken":[{"damage":6,"enemies":"Jaw Worm","floor":1,"turns":6},{"damage":1,"enemies":"Cultist","floor":2,"turns":3},{"damage":0,"enemies":"Small Slimes","floor":4,"turns":4},{"damage":14,"enemies":"Gremlin Gang","floor":11,"turns":4},{"damage":25,"enemies":"Gremlin Nob","floor":13,"turns":4},{"damage":12,"enemies":"Looter","floor":14,"turns":4},{"damage":67,"enemies":"The Guardian","floor":16,"turns":8}],"seed_played":"762488074872","potions_obtained":[{"floor":1,"key":"Fire Potion"},{"floor":11,"key":"FearPotion"},{"floor":13,"key":"LiquidBronze"}],"is_trial":true,"path_per_floor":["M","M","?","M","T","R","$","R","T","?","M","$","E","M","R","B"],"character_chosen":"IRONCLAD","items_purchased":["Juzu Bracelet","Limit Break"],"campfire_rested":0,"item_purchase_floors":[7,12],"current_hp_per_floor":[80,80,80,80,87,87,87,87,87,87,83,83,64,65,65,2],"gold":84,"neow_bonus":"","is_prod":false,"is_daily":false,"chose_seed":true,"campfire_upgraded":3,"win_rate":0,"timestamp":1612755098,"path_taken":["M","M","?","?","?","R","$","R","T","?","M","?","E","M","R","BOSS"],"build_version":"2020-12-22","purchased_purges":0,"victory":false,"max_hp_per_floor":[80,80,80,80,87,87,87,87,87,87,87,87,87,90,90,90],"card_choices":[{"not_picked":["Dark Embrace","Second Wind"],"picked":"Seeing Red","floor":1},{"not_picked":["Dual Wield","Bloodletting"],"picked":"Iron Wave","floor":2},{"not_picked":["Iron Wave","True Grit"],"picked":"Warcry","floor":4},{"not_picked":["Disarm","Whirlwind"],"picked":"Cleave","floor":11},{"not_picked":["Sword Boomerang","Spot Weakness"],"picked":"Feed","floor":13},{"not_picked":["Iron Wave","Clash","Thunderclap"],"picked":"SKIP","floor":14}],"player_experience":1274492,"relics_obtained":[{"floor":5,"key":"Strawberry"},{"floor":9,"key":"Meat on the Bone"},{"floor":13,"key":"Gremlin Horn"}],"event_choices":[{"damage_healed":0,"gold_gain":0,"player_choice":"2 cards matched","damage_taken":0,"max_hp_gain":0,"max_hp_loss":0,"event_name":"Match and Keep!","floor":3,"gold_loss":0,"cards_obtained":["Bandage Up","Corruption"]},{"damage_healed":0,"gold_gain":77,"player_choice":"Gained Gold","damage_taken":0,"max_hp_gain":0,"max_hp_loss":0,"event_name":"Golden Wing","floor":10,"gold_loss":0}],"is_beta":false,"boss_relics":[],"items_purged_floors":[],"is_endless":false,"potions_floor_spawned":[1,11,13],"killed_by":"The Guardian","ascension_level":1}