{"gold_per_floor":[118,118,118,118,32,32,62,62,62,96,114,114,128,203,203,281,281,281],"floor_reached":18,"playtime":543,"items_purged":[],"score":432,"play_id":"d5f2df6e-9476-4411-92b0-15342ddb608a","local_time":"20210205235628","is_ascension_mode":true,"campfire_choices":[{"data":"Rupture","floor":6,"key":"SMITH"},{"data":"Double Tap","floor":8,"key":"SMITH"},{"data":"Spot Weakness","floor":12,"key":"SMITH"},{"data":"Rupture","floor":15,"key":"SMITH"}],"neow_cost":"NONE","seed_source_timestamp":1840425469545000,"circlet_count":0,"master_deck":["AscendersBane","Strike_R","Strike_R","Strike_R","Strike_R","Defend_R","Defend_R","Defend_R","Defend_R","Bash","Hemokinesis","Regret","Thunderclap","Rupture+1","Double Tap+1","Spot Weakness+1","Rupture+1"],"relics":["Burning Blood","NeowsBlessing","Pantograph","Happy Flower","Boot","Kunai","Eternal Feather","Mark of Pain"],"potions_floor_usage":[16,16],"damage_taken":[{"damage":0,"enemies":"Small Slimes","floor":1,"turns":1},{"damage":2,"enemies":"3 Sentries","floor":7,"turns":2},{"damage":0,"enemies":"Gremlin Nob","floor":10,"turns":1},{"damage":16,"enemies":"Jaw Worm","floor":11,"turns":3},{"damage":2,"enemies":"Cultist","floor":13,"turns":2},{"damage":51,"enemies":"Hexaghost","floor":16,"turns":6},{"damage":64,"enemies":"3 Byrds","floor":18,"turns":6}],"seed_played":"-5457958620414767333","potions_obtained":[{"floor":1,"key":"AttackPotion"},{"floor":7,"key":"DuplicationPotion"}],"is_trial":false,"path_per_floor":["M","?","?","?","$","R","E","R","T","E","M","R","M","?","R","B",null,"M"],"character_chosen":"IRONCLAD","items_purchased":["Rupture"],"campfire_rested":0,"item_purchase_floors":[5],"current_hp_per_floor":[74,74,56,56,56,56,60,60,60,66,56,65,69,58,67,30,64,0],"gold":281,"neow_bonus":"THREE_ENEMY_KILL","is_prod":false,"is_daily":false,"chose_seed":false,"campfire_upgraded":4,"win_rate":0,"timestamp":1612587388,"path_taken":["M","?","?","?","$","R","E","R","T","E","M","R","?","?","R","BOSS","M"],"build_version":"2020-12-22","purchased_purges":0,"victory":false,"max_hp_per_floor":[75,75,75,75,75,75,75,75,75,75,75,75,75,75,75,75,75,75],"card_choices":[{"not_picked":["Warcry","Dropkick"],"picked":"Hemokinesis","floor":1},{"not_picked":["Pummel","Pommel Strike"],"picked":"Double Tap","floor":7},{"not_picked":["Warcry","Sever Soul","Seeing Red"],"picked":"SKIP","floor":10},{"not_picked":["Fire Breathing","Pommel Strike"],"picked":"Spot Weakness","floor":11},{"not_picked":["Pommel Strike","Thunderclap"],"picked":"Rupture","floor":13}],"player_experience":1271679,"relics_obtained":[{"floor":7,"key":"Boot"},{"floor":9,"key":"Kunai"},{"floor":10,"key":"Eternal Feather"}],"event_choices":[{"damage_healed":0,"gold_gain":0,"player_choice":"Box","damage_taken":0,"relics_obtained":["Pantograph"],"max_hp_gain":0,"max_hp_loss":0,"event_name":"Big Fish","floor":2,"gold_loss":0,"cards_obtained":["Regret"]},{"damage_healed":0,"gold_gain":0,"player_choice":"Success","damage_taken":18,"relics_obtained":["Happy Flower"],"max_hp_gain":0,"max_hp_loss":0,"event_name":"Scrap Ooze","floor":3,"gold_loss":0},{"damage_healed":0,"gold_gain":0,"cards_transformed":["Strike_R"],"player_choice":"Transformed","damage_taken":0,"max_hp_gain":0,"max_hp_loss":0,"event_name":"Transmorgrifier","floor":4,"gold_loss":0,"cards_obtained":["Thunderclap"]},{"damage_healed":0,"gold_gain":75,"player_choice":"Gather Gold","damage_taken":11,"max_hp_gain":0,"max_hp_loss":0,"event_name":"World of Goop","floor":14,"gold_loss":0}],"is_beta":false,"boss_relics":[{"not_picked":["Velvet Choker","Philosopher\u0027s Stone"],"picked":"Mark of Pain"}],"items_purged_floors":[],"is_endless":false,"potions_floor_spawned":[1,7,13],"killed_by":"3 Byrds","ascension_level":20}