{"gold_per_floor":[112,112,132,132,57,57,89,89,89,114,132,149,176,191,191,265,315,335,335,260,276,288,288,318,318,394,394],"floor_reached":27,"playtime":1074,"items_purged":["Pain"],"score":502,"play_id":"ad43cdee-71d3-4861-a91c-e3dcdda87cae","local_time":"20210206001447","is_ascension_mode":true,"campfire_choices":[{"data":"Clothesline","floor":6,"key":"SMITH"},{"data":"Shrug It Off","floor":8,"key":"SMITH"},{"data":"Pommel Strike","floor":15,"key":"SMITH"},{"floor":23,"key":"REST"}],"neow_cost":"NONE","seed_source_timestamp":1840994802486200,"circlet_count":0,"master_deck":["AscendersBane","Strike_R","Strike_R","Strike_R","Strike_R","Strike_R","Defend_R+1","Defend_R","Defend_R","Defend_R+1","Bash+1","Pommel Strike+1","Clothesline+1","Shrug It Off+1","Shockwave+1","Infernal Blade","Immolate","Thunderclap","Ghostly Armor","Shame"],"relics":["Philosopher\u0027s Stone","WarpedTongs","Potion Belt","Eternal Feather","War Paint","Singing Bowl","Tiny House","Blue Candle","StrikeDummy","Charon\u0027s Ashes","Matryoshka"],"potions_floor_usage":[7,10,16,18,22,27],"damage_taken":[{"damage":8,"enemies":"Jaw Worm","floor":1,"turns":4},{"damage":0,"enemies":"Cultist","floor":3,"turns":3},{"damage":4,"enemies":"Gremlin Nob","floor":7,"turns":3},{"damage":14,"enemies":"3 Sentries","floor":10,"turns":5},{"damage":0,"enemies":"Small Slimes","floor":11,"turns":2},{"damage":2,"enemies":"Exordium Thugs","floor":12,"turns":4},{"damage":4,"enemies":"Lagavulin","floor":13,"turns":6},{"damage":14,"enemies":"Lots of Slimes","floor":14,"turns":5},{"damage":20,"enemies":"Hexaghost","floor":16,"turns":8},{"damage":45,"enemies":"3 Byrds","floor":18,"turns":5},{"damage":0,"enemies":"Chosen","floor":21,"turns":3},{"damage":5,"enemies":"3 Cultists","floor":22,"turns":3},{"damage":27,"enemies":"Gremlin Leader","floor":24,"turns":6},{"damage":39,"enemies":"Slavers","floor":27,"turns":3}],"seed_played":"5761191693216242591","potions_obtained":[{"floor":1,"key":"Fire Potion"},{"floor":7,"key":"AttackPotion"},{"floor":14,"key":"EssenceOfSteel"},{"floor":16,"key":"SteroidPotion"},{"floor":17,"key":"Ancient Potion"},{"floor":21,"key":"Explosive Potion"},{"floor":22,"key":"Weak Potion"}],"is_trial":false,"path_per_floor":["M","?","M","?","$","R","E","R","T","E","M","M","E","M","R","B",null,"M","?","?","M","M","R","E","?","T","E"],"character_chosen":"IRONCLAD","items_purchased":[],"campfire_rested":1,"item_purchase_floors":[],"current_hp_per_floor":[60,60,60,60,60,60,56,56,56,42,42,40,38,26,35,15,68,23,23,23,25,22,57,32,32,32,0],"gold":394,"neow_bonus":"BOSS_RELIC","is_prod":false,"is_daily":false,"chose_seed":false,"campfire_upgraded":3,"win_rate":0,"timestamp":1612588487,"path_taken":["M","?","?","?","?","R","E","R","T","E","?","M","E","M","R","BOSS","M","?","?","M","M","R","E","?","T","E"],"build_version":"2020-12-22","purchased_purges":1,"victory":false,"max_hp_per_floor":[75,75,75,75,75,75,75,75,75,75,75,75,77,79,79,79,84,84,84,84,86,88,88,90,90,90,90],"card_choices":[{"not_picked":["Spot Weakness","Rage"],"picked":"Pommel Strike","floor":1},{"not_picked":["Bloodletting","Sword Boomerang"],"picked":"Clothesline","floor":3},{"not_picked":["Clothesline","Havoc"],"picked":"Shrug It Off","floor":7},{"not_picked":["Clash","Entrench"],"picked":"Shockwave","floor":10},{"not_picked":["Dark Embrace","Bloodletting"],"picked":"Infernal Blade","floor":11},{"not_picked":["Armaments","Sentinel","Clash"],"picked":"SKIP","floor":12},{"not_picked":["Burning Pact","Headbutt","Flex"],"picked":"Singing Bowl","floor":13},{"not_picked":["Armaments","Feel No Pain","Perfected Strike"],"picked":"Singing Bowl","floor":14},{"not_picked":["Double Tap","Impervious"],"picked":"Immolate","floor":16},{"not_picked":["Clothesline","Body Slam"],"picked":"Thunderclap","floor":17},{"not_picked":["Burning Pact","Clothesline"],"picked":"Ghostly Armor","floor":18},{"not_picked":["Thunderclap","Havoc","Cleave"],"picked":"Singing Bowl","floor":21},{"not_picked":["Pommel Strike","Dark Embrace","True Grit"],"picked":"Singing Bowl","floor":22},{"not_picked":["Headbutt","Feel No Pain","Armaments"],"picked":"Singing Bowl","floor":24}],"player_experience":1272222,"relics_obtained":[{"floor":7,"key":"Potion Belt"},{"floor":9,"key":"Eternal Feather"},{"floor":10,"key":"War Paint"},{"floor":13,"key":"Singing Bowl"},{"floor":24,"key":"StrikeDummy"},{"floor":26,"key":"Matryoshka"}],"event_choices":[{"damage_healed":0,"gold_gain":0,"player_choice":"Upgraded","damage_taken":0,"max_hp_gain":0,"max_hp_loss":0,"event_name":"Upgrade Shrine","floor":2,"gold_loss":0,"cards_upgraded":["Bash"]},{"damage_healed":0,"gold_gain":0,"player_choice":"Rummage","damage_taken":0,"relics_obtained":["WarpedTongs"],"max_hp_gain":0,"max_hp_loss":0,"event_name":"Accursed Blacksmith","floor":4,"gold_loss":0,"cards_obtained":["Pain"]},{"damage_healed":0,"gold_gain":0,"player_choice":"Opened","damage_taken":0,"relics_obtained":["Blue Candle"],"max_hp_gain":0,"max_hp_loss":0,"event_name":"The Mausoleum","floor":19,"gold_loss":0,"cards_obtained":["Writhe"]},{"cards_removed":["Writhe"],"damage_healed":0,"gold_gain":0,"player_choice":"Gave Gold","damage_taken":0,"max_hp_gain":0,"max_hp_loss":0,"event_name":"Beggar","floor":20,"gold_loss":75},{"damage_healed":0,"gold_gain":0,"player_choice":"Stole Relic","damage_taken":0,"relics_obtained":["Charon\u0027s Ashes"],"max_hp_gain":0,"max_hp_loss":0,"event_name":"Addict","floor":25,"gold_loss":0,"cards_obtained":["Shame"]}],"is_beta":false,"boss_relics":[{"not_picked":["Cursed Key","Runic Cube"],"picked":"Tiny House"}],"items_purged_floors":[5],"is_endless":false,"potions_floor_spawned":[1,7,14,16,21,22],"killed_by":"Slavers","ascension_level":20}