{"gold_per_floor":[118,118,129,139,150,184,79,79,124,136,148,171,209,186,198,210],"floor_reached":16,"playtime":766,"items_purged":[],"score":220,"play_id":"d6c4728e-ead9-40f2-bfc4-fabfd93cdd5c","local_time":"20210131204359","is_ascension_mode":true,"campfire_choices":[{"floor":11,"key":"REST"},{"data":"Reaper","floor":15,"key":"SMITH"}],"neow_cost":"","seed_source_timestamp":0,"circlet_count":0,"master_deck":["AscendersBane","Strike_R","Strike_R","Strike_R","Strike_R","Strike_R","Defend_R","Defend_R","Defend_R","Defend_R","Bash","Inflame+1","Inflame","Ghostly Armor","Disarm","Reaper+1","Dark Shackles"],"relics":["Burning Blood","Paper Frog","Oddly Smooth Stone","MawBank","Lantern"],"potions_floor_usage":[6,13,16,16],"damage_taken":[{"damage":8,"enemies":"2 Louse","floor":1,"turns":3},{"damage":18,"enemies":"Cultist","floor":3,"turns":5},{"damage":9,"enemies":"Jaw Worm","floor":4,"turns":3},{"damage":17,"enemies":"2 Fungi Beasts","floor":5,"turns":4},{"damage":33,"enemies":"3 Sentries","floor":6,"turns":9},{"damage":12,"enemies":"3 Louse","floor":12,"turns":6},{"damage":32,"enemies":"Lagavulin","floor":13,"turns":9},{"damage":79,"enemies":"Slime Boss","floor":16,"turns":10}],"seed_played":"18451301","potions_obtained":[{"floor":1,"key":"ElixirPotion"},{"floor":5,"key":"Strength Potion"},{"floor":6,"key":"SpeedPotion"},{"floor":13,"key":"Strength Potion"}],"is_trial":true,"path_per_floor":["M","?","M","M","M","E","$","?","T","$","R","M","E","?","R","B"],"character_chosen":"IRONCLAD","items_purchased":["Dark Shackles"],"campfire_rested":1,"item_purchase_floors":[7],"current_hp_per_floor":[66,66,54,51,40,13,13,8,8,8,30,33,22,40,40,0],"gold":210,"neow_bonus":"","is_prod":false,"is_daily":false,"chose_seed":true,"campfire_upgraded":1,"win_rate":0,"timestamp":1612143839,"path_taken":["M","?","M","M","?","E","$","?","T","?","R","M","E","?","R","BOSS"],"build_version":"2020-12-22","purchased_purges":0,"victory":false,"max_hp_per_floor":[75,75,75,75,75,75,75,75,75,75,75,75,75,75,75,75],"card_choices":[{"not_picked":["Sever Soul","Warcry"],"picked":"Inflame","floor":1},{"not_picked":["Searing Blow","Uppercut"],"picked":"Inflame","floor":3},{"not_picked":["Wild Strike","Carnage"],"picked":"Ghostly Armor","floor":4},{"not_picked":["Sentinel","Clash"],"picked":"Disarm","floor":5},{"not_picked":["Anger","Dual Wield"],"picked":"Reaper","floor":6},{"not_picked":["Rupture","Uppercut","Twin Strike"],"picked":"SKIP","floor":12},{"not_picked":["Rampage","Uppercut","Bloodletting"],"picked":"SKIP","floor":13}],"player_experience":1259594,"relics_obtained":[{"floor":6,"key":"Paper Frog"},{"floor":9,"key":"MawBank"},{"floor":13,"key":"Lantern"}],"event_choices":[{"damage_healed":0,"gold_gain":0,"player_choice":"Forge","damage_taken":0,"max_hp_gain":0,"max_hp_loss":0,"event_name":"Accursed Blacksmith","floor":2,"gold_loss":0,"cards_upgraded":["Inflame"]},{"damage_healed":0,"gold_gain":0,"player_choice":"Success","damage_taken":5,"relics_obtained":["Oddly Smooth Stone"],"max_hp_gain":0,"max_hp_loss":0,"event_name":"Scrap Ooze","floor":8,"gold_loss":0},{"damage_healed":18,"gold_gain":0,"player_choice":"Healed","damage_taken":0,"max_hp_gain":0,"max_hp_loss":0,"event_name":"The Cleric","floor":14,"gold_loss":35}],"is_beta":false,"boss_relics":[],"items_purged_floors":[],"is_endless":false,"potions_floor_spawned":[1,5,6,13],"killed_by":"Slime Boss","ascension_level":20}