{"gold_per_floor":[115,38,38,56,131,166,316,316,341,369,44,56,56,76,76,151,151,163,163,163,163,182,213,213,245,300,318,338,348,348,367,367,445,495,514,514,155,155,172,201,213,259,271,309,321,333,380,113,113,113,113,113,113,113,143,143],"floor_reached":56,"playtime":3031,"items_purged":["Doubt"],"score":2693,"play_id":"9b090b82-1e9a-4f04-b610-bcf2ae7bd552","local_time":"20210213004611","is_ascension_mode":true,"campfire_choices":[{"data":"Seeing Red","floor":13.0,"key":"SMITH"},{"data":"Rupture","floor":15.0,"key":"SMITH"},{"data":"Bash","floor":24.0,"key":"SMITH"},{"data":"Feel No Pain","floor":32.0,"key":"SMITH"},{"floor":41.0,"key":"RECALL"},{"data":"Demon Form","floor":49,"key":"SMITH"},{"data":"Metallicize","floor":53,"key":"SMITH"}],"neow_cost":"CURSE","seed_source_timestamp":2445755895489000,"circlet_count":0,"master_deck":["AscendersBane","Strike_R","Strike_R","Strike_R","Defend_R","Defend_R","Defend_R","Defend_R","Bash+1","Metallicize+1","Pommel Strike","Immolate","Rupture+1","Offering","Disarm+1","Seeing Red+1","Disarm","Havoc","Corruption+1","Havoc","Writhe","Feel No Pain","Feel No Pain+1","Seeing Red+1","Demon Form+1","Warcry","Impervious","Second Wind"],"special_seed":0,"relics":["Burning Blood","Eternal Feather","Juzu Bracelet","Dead Branch","Ancient Tea Set","Snecko Eye","Kunai","Blue Candle","Bottled Tornado","Orichalcum","Tiny House","Oddly Smooth Stone","Chemical X","MawBank","Mango","Blood Vial","InkBottle","HornCleat","Boot"],"potions_floor_usage":[55,56],"damage_taken":[{"damage":5.0,"enemies":"Cultist","floor":1.0,"turns":3.0},{"damage":1.0,"enemies":"Small Slimes","floor":4.0,"turns":2.0},{"damage":22.0,"enemies":"3 Sentries","floor":6.0,"turns":4.0},{"damage":29.0,"enemies":"Lagavulin","floor":10.0,"turns":6.0},{"damage":6.0,"enemies":"2 Louse","floor":12.0,"turns":3.0},{"damage":13.0,"enemies":"Blue Slaver","floor":14.0,"turns":2.0},{"damage":33.0,"enemies":"Hexaghost","floor":16.0,"turns":9.0},{"damage":21.0,"enemies":"3 Byrds","floor":18.0,"turns":2.0},{"damage":0.0,"enemies":"Spheric Guardian","floor":22.0,"turns":2.0},{"damage":11.0,"enemies":"Gremlin Leader","floor":23.0,"turns":4.0},{"damage":6.0,"enemies":"Book of Stabbing","floor":25.0,"turns":2.0},{"damage":16.0,"enemies":"Chosen and Byrds","floor":27.0,"turns":4.0},{"damage":7.0,"enemies":"Snake Plant","floor":28.0,"turns":3.0},{"damage":6.0,"enemies":"Shelled Parasite and Fungi","floor":29.0,"turns":4.0},{"damage":2.0,"enemies":"Snecko","floor":31.0,"turns":3.0},{"damage":10.0,"enemies":"Collector","floor":33.0,"turns":2.0},{"damage":12.0,"enemies":"3 Darklings","floor":35.0,"turns":2.0},{"damage":6.0,"enemies":"Orb Walker","floor":39.0,"turns":3.0},{"damage":7.0,"enemies":"Nemesis","floor":40.0,"turns":5.0},{"damage":10.0,"enemies":"Reptomancer","floor":42.0,"turns":3.0},{"damage":10,"enemies":"Giant Head","floor":44,"turns":3},{"damage":1,"enemies":"Nemesis","floor":47,"turns":3},{"damage":9,"enemies":"Time Eater","floor":50,"turns":4},{"damage":10,"enemies":"Donu and Deca","floor":51,"turns":4},{"damage":58,"enemies":"Shield and Spear","floor":55,"turns":6},{"damage":59,"enemies":"The Heart","floor":56,"turns":5}],"seed_played":"-5382891578994785372","potions_obtained":[{"floor":1.0,"key":"Regen Potion"},{"floor":3.0,"key":"BlessingOfTheForge"},{"floor":4.0,"key":"Weak Potion"},{"floor":18.0,"key":"FairyPotion"},{"floor":22.0,"key":"BloodPotion"},{"floor":39.0,"key":"SneckoOil"},{"floor":47,"key":"Energy Potion"}],"is_trial":false,"path_per_floor":["M","$","?","M","?","E","?","?","T","E","$","M","R","M","R","B",null,"M","?","?","?","M","E","R","E","T","M","M","M","?","M","R","B",null,"M","?","$","?","M","E","R","E","T","E","?","?","E","$","R","B","B",null,"R","$","E","B"],"character_chosen":"IRONCLAD","items_purchased":["Immolate","Ancient Tea Set","Seeing Red","Oddly Smooth Stone","Chemical X","Warcry","HornCleat"],"campfire_rested":0,"item_purchase_floors":[2,11,11,37,37,37,48],"current_hp_per_floor":[69,69,69,74,63,47,47,72,72,49,49,49,58,51,63,36,65,50,50,50,50,56,51,63,63,63,53,52,52,52,56,71,67,78,72,72,72,72,72,71,76,86,86,82,82,82,89,89,90,87,85,89,90,90,56,0],"gold":143,"neow_bonus":"TRANSFORM_TWO_CARDS","is_prod":false,"is_daily":false,"chose_seed":false,"campfire_upgraded":6,"win_rate":0,"timestamp":1613195171,"path_taken":["M","$","?","?","?","E","?","?","T","E","?","M","R","M","R","BOSS","M","?","?","?","M","E","R","E","T","M","M","M","?","M","R","BOSS","M","?","$","?","M","E","R","E","T","E","?","?","E","$","R","BOSS","BOSS","R","$","E","BOSS"],"build_version":"2020-12-22","purchased_purges":1,"victory":false,"max_hp_per_floor":[75,75,75,75,75,75,75,75,75,75,75,75,75,75,75,75,75,75,75,75,75,75,75,75,75,75,75,75,75,75,75,75,75,80,80,80,80,76,76,76,76,90,90,90,90,90,90,90,90,90,90,90,90,90,90,90],"card_choices":[{"not_picked":["Perfected Strike","Body Slam"],"picked":"Pommel Strike","floor":1.0},{"not_picked":["Combust","Perfected Strike"],"picked":"Rupture","floor":4.0},{"not_picked":["Anger","Perfected Strike"],"picked":"Offering","floor":6.0},{"not_picked":["Searing Blow","Armaments"],"picked":"Disarm","floor":10.0},{"not_picked":["Perfected Strike","Sword Boomerang"],"picked":"Disarm","floor":12.0},{"not_picked":["Whirlwind","Heavy Blade"],"picked":"Havoc","floor":14.0},{"not_picked":["Impervious","Offering"],"picked":"Corruption","floor":16.0},{"not_picked":["Clothesline","Uppercut"],"picked":"Havoc","floor":18.0},{"not_picked":["Headbutt","Pommel Strike","Havoc"],"picked":"SKIP","floor":22.0},{"not_picked":["Headbutt","Havoc","Heavy Blade"],"picked":"SKIP","floor":23.0},{"not_picked":["Cleave","Sever Soul","Pommel Strike"],"picked":"SKIP","floor":25.0},{"not_picked":["Clothesline","Pommel Strike"],"picked":"Feel No Pain","floor":27.0},{"not_picked":["Heavy Blade+1","Power Through","Corruption"],"picked":"SKIP","floor":28.0},{"not_picked":["Shrug It Off","Headbutt"],"picked":"Feel No Pain","floor":29.0},{"not_picked":["Body Slam","Shrug It Off","Pommel Strike"],"picked":"SKIP","floor":31.0},{"not_picked":["Corruption","Feed"],"picked":"Demon Form","floor":33.0},{"not_picked":["Cleave","Wild Strike+1","Uppercut+1"],"picked":"SKIP","floor":35.0},{"not_picked":["Heavy Blade","Spot Weakness","True Grit"],"picked":"SKIP","floor":39.0},{"not_picked":["Uppercut","Pummel"],"picked":"Impervious","floor":40.0},{"not_picked":["Feel No Pain","Double Tap"],"picked":"Second Wind","floor":42.0},{"not_picked":["Burning Pact","Sword Boomerang","Uppercut"],"picked":"SKIP","floor":44},{"not_picked":["Infernal Blade","Clothesline","Bloodletting"],"picked":"SKIP","floor":47},{"not_picked":["Feel No Pain","Warcry+1","Armaments"],"picked":"SKIP","floor":55}],"player_experience":1293253,"relics_obtained":[{"floor":6.0,"key":"Eternal Feather"},{"floor":9.0,"key":"Juzu Bracelet"},{"floor":10.0,"key":"Dead Branch"},{"floor":23.0,"key":"Blue Candle"},{"floor":25.0,"key":"Bottled Tornado"},{"floor":26.0,"key":"Orichalcum"},{"floor":40.0,"key":"MawBank"},{"floor":42.0,"key":"Mango"},{"floor":44,"key":"Blood Vial"},{"floor":47,"key":"InkBottle"},{"floor":55,"key":"Boot"}],"event_choices":[{"damage_healed":0.0,"max_hp_gain":0.0,"max_hp_loss":0.0,"gold_gain":0.0,"event_name":"Lab","player_choice":"Got Potions","floor":3.0,"gold_loss":0.0,"damage_taken":0.0},{"damage_healed":0.0,"max_hp_gain":0.0,"max_hp_loss":0.0,"gold_gain":75.0,"event_name":"World of Goop","player_choice":"Gather Gold","floor":5.0,"gold_loss":0.0,"damage_taken":11.0},{"damage_healed":0.0,"max_hp_gain":0.0,"max_hp_loss":0.0,"gold_gain":150.0,"event_name":"Liars Game","player_choice":"AGREE","floor":7.0,"gold_loss":0.0,"damage_taken":0.0,"cards_obtained":["Doubt"]},{"damage_healed":25.0,"max_hp_gain":0.0,"max_hp_loss":0.0,"gold_gain":0.0,"event_name":"Big Fish","player_choice":"Banana","floor":8.0,"gold_loss":0.0,"damage_taken":0.0},{"damage_healed":0.0,"max_hp_gain":0.0,"max_hp_loss":0.0,"gold_gain":0.0,"event_name":"WeMeetAgain","player_choice":"Gave Potion","floor":19.0,"gold_loss":0.0,"damage_taken":0.0,"relics_obtained":["Kunai"]},{"damage_healed":0.0,"max_hp_gain":0.0,"max_hp_loss":0.0,"gold_gain":0.0,"event_name":"Accursed Blacksmith","player_choice":"Forge","floor":20.0,"gold_loss":0.0,"damage_taken":0.0,"cards_upgraded":["Corruption"]},{"damage_healed":0.0,"max_hp_gain":0.0,"max_hp_loss":0.0,"gold_gain":0.0,"cards_transformed":["Perfected Strike","Pain"],"event_name":"Drug Dealer","player_choice":"Became Test Subject","floor":21.0,"gold_loss":0.0,"damage_taken":0.0,"cards_obtained":["Clash","Writhe"]},{"damage_healed":0.0,"max_hp_gain":0.0,"max_hp_loss":0.0,"gold_gain":0.0,"event_name":"Duplicator","player_choice":"Copied","floor":30.0,"gold_loss":0.0,"damage_taken":0.0,"cards_obtained":["Seeing Red"]},{"cards_removed":["Clash"],"damage_healed":0.0,"max_hp_gain":0.0,"max_hp_loss":0.0,"gold_gain":0.0,"event_name":"Falling","player_choice":"Removed Attack","floor":36.0,"gold_loss":0.0,"damage_taken":0.0},{"damage_healed":0.0,"max_hp_gain":0.0,"max_hp_loss":4.0,"gold_gain":0.0,"event_name":"Winding Halls","player_choice":"Max HP","floor":38.0,"gold_loss":0.0,"damage_taken":0.0},{"damage_healed":0,"gold_gain":0,"player_choice":"Ignored","damage_taken":0,"max_hp_gain":0,"max_hp_loss":0,"event_name":"Tomb of Lord Red Mask","floor":45,"gold_loss":0},{"damage_healed":0,"gold_gain":0,"player_choice":"Memory 1","damage_taken":0,"max_hp_gain":0,"max_hp_loss":0,"event_name":"SensoryStone","floor":46,"gold_loss":0}],"is_beta":false,"boss_relics":[{"not_picked":["Fusion Hammer","Black Blood"],"picked":"Snecko Eye"},{"not_picked":["Philosopher\u0027s Stone","Velvet Choker"],"picked":"Tiny House"}],"items_purged_floors":[11],"is_endless":false,"potions_floor_spawned":[1,4,18,22,27,28,29,31,39,47],"killed_by":"The Heart","ascension_level":20}