{"gold_per_floor":[364,364,18,50,10,43,43,78,78,78,112,70,109,109,109,188,188,205,205,217,233,233,233,158,158,158,158,158],"floor_reached":28,"playtime":809,"items_purged":["Pain"],"score":448,"play_id":"4549187e-1ea5-43e2-924d-d9cce20861a7","local_time":"20210212235511","is_ascension_mode":true,"campfire_choices":[{"floor":7,"key":"REST"},{"floor":10,"key":"REST"},{"floor":15,"key":"REST"},{"floor":23,"key":"REST"},{"floor":25,"key":"REST"}],"neow_cost":"CURSE","seed_source_timestamp":2444935082699900,"circlet_count":0,"master_deck":["AscendersBane","Strike_R","Strike_R","Strike_R","Strike_R","Defend_R","Defend_R","Defend_R","Defend_R","Bash","Parasite","Metallicize","HandOfGreed","Flash of Steel","Evolve+1","Spot Weakness","Fire Breathing","Metallicize+1","Limit Break","Bash","Fire Breathing+1","Decay"],"relics":["Burning Blood","WarpedTongs","Membership Card","Calipers","Singing Bowl","Red Skull","SlaversCollar","Self Forming Clay","White Beast Statue"],"potions_floor_usage":[11,16,18,20,21,21],"damage_taken":[{"damage":8,"enemies":"Cultist","floor":1,"turns":5},{"damage":4,"enemies":"2 Louse","floor":4,"turns":3},{"damage":56,"enemies":"Gremlin Nob","floor":6,"turns":5},{"damage":6,"enemies":"Small Slimes","floor":8,"turns":4},{"damage":13,"enemies":"3 Sentries","floor":11,"turns":5},{"damage":13,"enemies":"3 Louse","floor":13,"turns":3},{"damage":20,"enemies":"Slime Boss","floor":16,"turns":6},{"damage":34,"enemies":"3 Byrds","floor":18,"turns":4},{"damage":36,"enemies":"Spheric Guardian","floor":20,"turns":7},{"damage":24,"enemies":"Snake Plant","floor":21,"turns":3},{"damage":73,"enemies":"Gremlin Leader","floor":28,"turns":4}],"seed_played":"4219646646503393652","potions_obtained":[{"floor":1,"key":"BloodPotion"},{"floor":8,"key":"EssenceOfSteel"},{"floor":11,"key":"Swift Potion"},{"floor":16,"key":"ColorlessPotion"},{"floor":18,"key":"GamblersBrew"},{"floor":21,"key":"Fruit Juice"}],"is_trial":false,"path_per_floor":["M","?","$","M","$","E","R","M","T","R","E","$","M","?","R","B",null,"M","?","M","M","?","R","?","R","T","T","E"],"character_chosen":"IRONCLAD","items_purchased":["Membership Card","HandOfGreed","Flash of Steel","Spot Weakness","Metallicize"],"campfire_rested":5,"item_purchase_floors":[3,3,3,5,12],"current_hp_per_floor":[66,66,66,68,68,18,40,40,40,62,57,57,52,28,51,37,69,43,43,15,18,18,44,44,70,70,70,0],"gold":158,"neow_bonus":"TWO_FIFTY_GOLD","is_prod":false,"is_daily":false,"chose_seed":false,"campfire_upgraded":0,"win_rate":0,"timestamp":1613192111,"path_taken":["M","?","$","?","?","E","R","M","T","R","E","$","M","?","R","BOSS","M","?","?","M","?","R","?","R","T","?","E"],"build_version":"2020-12-22","purchased_purges":1,"victory":false,"max_hp_per_floor":[75,75,75,75,75,75,75,75,75,75,77,77,79,79,79,79,79,81,81,83,88,88,88,88,88,88,88,88],"card_choices":[{"not_picked":["True Grit","Warcry"],"picked":"Metallicize","floor":1},{"not_picked":["Wild Strike","True Grit"],"picked":"Evolve","floor":4},{"not_picked":["Carnage","Rupture"],"picked":"Fire Breathing","floor":6},{"not_picked":["Heavy Blade","Sever Soul","Seeing Red"],"picked":"SKIP","floor":8},{"not_picked":["Bloodletting","Seeing Red","Twin Strike"],"picked":"Singing Bowl","floor":11},{"not_picked":["Perfected Strike","Second Wind","Clothesline"],"picked":"Singing Bowl","floor":13},{"not_picked":["Reaper","Double Tap"],"picked":"Limit Break","floor":16},{"not_picked":["True Grit","Pommel Strike","Clash"],"picked":"Singing Bowl","floor":18},{"not_picked":["Uppercut","Heavy Blade","Headbutt"],"picked":"Singing Bowl","floor":20},{"not_picked":["Clothesline","True Grit"],"picked":"Fire Breathing+1","floor":21}],"player_experience":1292444,"relics_obtained":[{"floor":6,"key":"Calipers"},{"floor":9,"key":"Singing Bowl"},{"floor":11,"key":"Red Skull"},{"floor":26,"key":"Self Forming Clay"},{"floor":27,"key":"White Beast Statue"}],"event_choices":[{"damage_healed":0,"gold_gain":0,"player_choice":"Rummage","damage_taken":0,"relics_obtained":["WarpedTongs"],"max_hp_gain":0,"max_hp_loss":0,"event_name":"Accursed Blacksmith","floor":2,"gold_loss":0,"cards_obtained":["Pain"]},{"damage_healed":0,"gold_gain":0,"player_choice":"Entered Light","damage_taken":24,"max_hp_gain":0,"max_hp_loss":0,"event_name":"Shining Light","floor":14,"gold_loss":0,"cards_upgraded":["Evolve","Metallicize"]},{"damage_healed":0,"gold_gain":0,"player_choice":"1 cards matched","damage_taken":0,"max_hp_gain":0,"max_hp_loss":0,"event_name":"Match and Keep!","floor":19,"gold_loss":0,"cards_obtained":["Bash"]},{"damage_healed":0,"gold_gain":0,"player_choice":"Smashed Altar","damage_taken":0,"max_hp_gain":0,"max_hp_loss":0,"event_name":"Forgotten Altar","floor":22,"gold_loss":0,"cards_obtained":["Decay"]},{"cards_removed":["Strike_R"],"damage_healed":0,"gold_gain":0,"player_choice":"Gave Gold","damage_taken":0,"max_hp_gain":0,"max_hp_loss":0,"event_name":"Beggar","floor":24,"gold_loss":75}],"is_beta":false,"boss_relics":[{"not_picked":["Runic Cube","Black Blood"],"picked":"SlaversCollar"}],"items_purged_floors":[3],"is_endless":false,"potions_floor_spawned":[1,8,11,16,18,21],"killed_by":"Gremlin Leader","ascension_level":20}