{"gold_per_floor":[110,110,120,120,132,167,167,197,220,220,51,51,51,69,69,163,163,176,176,120,120,141,141],"floor_reached":23,"playtime":1175,"items_purged":[],"score":398,"play_id":"7e4d5c5c-3050-4039-b2fb-a61d3783eda9","local_time":"20210211125921","is_ascension_mode":true,"campfire_choices":[{"data":"Bash","floor":7,"key":"SMITH"},{"floor":10,"key":"REST"},{"data":"Demon Form","floor":15,"key":"SMITH"}],"neow_cost":"PERCENT_DAMAGE","seed_source_timestamp":2318804353294600,"circlet_count":0,"master_deck":["AscendersBane","Strike_R","Strike_R","Strike_R","Defend_R","Defend_R","Defend_R","Defend_R","Bash+1","Demon Form+1","Rampage+1","Feel No Pain","Battle Trance","Dropkick","Ghostly Armor","Shrug It Off","Injury","Anger","Juggernaut","Feel No Pain","Havoc","Warcry"],"relics":["Burning Blood","Art of War","Akabeko","Unceasing Top","Blood Vial","Bronze Scales","Golden Idol","SlaversCollar"],"potions_floor_usage":[6,8,14,21,23],"damage_taken":[{"damage":4,"enemies":"Jaw Worm","floor":1,"turns":5},{"damage":7,"enemies":"2 Louse","floor":3,"turns":4},{"damage":4,"enemies":"Small Slimes","floor":5,"turns":4},{"damage":5,"enemies":"Lagavulin","floor":6,"turns":7},{"damage":23,"enemies":"3 Sentries","floor":8,"turns":11},{"damage":9,"enemies":"Red Slaver","floor":14,"turns":4},{"damage":20,"enemies":"Slime Boss","floor":16,"turns":7},{"damage":0,"enemies":"3 Byrds","floor":18,"turns":3},{"damage":0,"enemies":"Shell Parasite","floor":21,"turns":1},{"damage":48,"enemies":"Snecko","floor":22,"turns":7},{"damage":39,"enemies":"Slavers","floor":23,"turns":3}],"seed_played":"6819703593910453838","potions_obtained":[{"floor":1,"key":"Weak Potion"},{"floor":5,"key":"BlessingOfTheForge"},{"floor":8,"key":"SpeedPotion"},{"floor":16,"key":"Dexterity Potion"},{"floor":19,"key":"SmokeBomb"}],"is_trial":false,"path_per_floor":["M","?","M","?","M","E","R","E","T","R","$","?","$","M","R","B",null,"M","?","$","M","M","E"],"character_chosen":"IRONCLAD","items_purchased":["Bronze Scales","Havoc"],"campfire_rested":1,"item_purchase_floors":[11,20],"current_hp_per_floor":[52,52,51,46,48,49,49,32,32,54,54,54,54,53,53,41,67,75,75,75,75,33,0],"gold":141,"neow_bonus":"TRANSFORM_TWO_CARDS","is_prod":false,"is_daily":false,"chose_seed":false,"campfire_upgraded":2,"win_rate":0,"timestamp":1613066361,"path_taken":["M","?","M","?","M","E","R","E","T","R","?","?","?","M","R","BOSS","M","?","$","?","M","E"],"build_version":"2020-12-22","purchased_purges":0,"victory":false,"max_hp_per_floor":[75,75,75,75,75,75,75,75,75,75,75,75,75,75,75,75,75,75,75,75,75,75,75],"card_choices":[{"not_picked":["Blood for Blood","Rage"],"picked":"Feel No Pain","floor":1},{"not_picked":["Flex","Whirlwind"],"picked":"Battle Trance","floor":3},{"not_picked":["Rupture","Sever Soul"],"picked":"Dropkick","floor":5},{"not_picked":["Body Slam","Demon Form"],"picked":"Ghostly Armor","floor":6},{"not_picked":["Pommel Strike","Headbutt"],"picked":"Shrug It Off","floor":8},{"not_picked":["Twin Strike","Clothesline"],"picked":"Anger","floor":14},{"not_picked":["Berserk","Barricade"],"picked":"Juggernaut","floor":16},{"not_picked":["Reckless Charge","Intimidate"],"picked":"Feel No Pain","floor":18},{"not_picked":["Dark Embrace","Iron Wave"],"picked":"Warcry","floor":22}],"player_experience":1282342,"relics_obtained":[{"floor":6,"key":"Akabeko"},{"floor":8,"key":"Unceasing Top"},{"floor":9,"key":"Blood Vial"}],"event_choices":[{"damage_healed":0,"gold_gain":0,"player_choice":"Grow","damage_taken":0,"max_hp_gain":0,"max_hp_loss":0,"event_name":"Living Wall","floor":2,"gold_loss":0,"cards_upgraded":["Rampage"]},{"damage_healed":0,"gold_gain":0,"player_choice":"Success","damage_taken":5,"relics_obtained":["Art of War"],"max_hp_gain":0,"max_hp_loss":0,"event_name":"Scrap Ooze","floor":4,"gold_loss":0},{"damage_healed":0,"gold_gain":0,"player_choice":"Take Wound","damage_taken":0,"relics_obtained":["Golden Idol"],"max_hp_gain":0,"max_hp_loss":0,"event_name":"Golden Idol","floor":12,"gold_loss":0,"cards_obtained":["Injury"]},{"damage_healed":0,"gold_gain":0,"player_choice":"Got Potions","damage_taken":0,"max_hp_gain":0,"max_hp_loss":0,"event_name":"Lab","floor":19,"gold_loss":0}],"is_beta":false,"boss_relics":[{"not_picked":["Snecko Eye","Busted Crown"],"picked":"SlaversCollar"}],"items_purged_floors":[],"is_endless":false,"potions_floor_spawned":[1,5,8,16],"killed_by":"Slavers","ascension_level":20}