{"gold_per_floor":[113,113,140,140,140,171,171,200,224,240,240,1,29,44,44,142,142,160,160,179,193,208,235,235,235,235,235,60,70,404,416,416,515,565,577,588,608,141,0,0,31,31,57,90,90,90,90,105,105,105],"floor_reached":51,"playtime":1453,"items_purged":[],"score":1025,"play_id":"693e92ef-4c43-40e2-9630-b35c0bfcf2fd","local_time":"20210912210835","is_ascension_mode":true,"campfire_choices":[{"data":"Perfected Strike","floor":7,"key":"SMITH"},{"data":"Armaments","floor":11,"key":"SMITH"},{"data":"Bash","floor":15,"key":"SMITH"},{"floor":24,"key":"REST"},{"data":"J.A.X.","floor":27,"key":"SMITH"},{"data":"Cleave","floor":32,"key":"SMITH"},{"floor":40,"key":"DIG"},{"floor":45,"key":"DIG"},{"floor":47,"key":"DIG"},{"floor":49,"key":"REST"}],"neow_cost":"NONE","seed_source_timestamp":1520523361100,"circlet_count":0,"master_deck":["Strike_R+1","Strike_R","Strike_R","Strike_R","Strike_R","Defend_R","Defend_R","Defend_R+1","Defend_R","Bash+1","Perfected Strike","Perfected Strike+1","Havoc+1","Armaments+1","True Grit","Pommel Strike+1","Cleave+1","J.A.X.+1","Pommel Strike","Sword Boomerang","Perfected Strike+1","Wild Strike+1","Shrug It Off","Havoc+1"],"relics":["Burning Blood","NeowsBlessing","Letter Opener","Anchor","Toy Ornithopter","Blood Vial","Bottled Flame","Happy Flower","Meat on the Bone","Bag of Preparation","Mark of Pain","Centennial Puzzle","Art of War","Omamori","Old Coin","Tiny House","Shovel","Orichalcum","Red Mask","War Paint","Strawberry","Singing Bowl","Bronze Scales","Shuriken","StoneCalendar","Champion Belt"],"potions_floor_usage":[13,33,33,37,50,50],"damage_taken":[{"damage":0,"enemies":"Jaw Worm","floor":1,"turns":1},{"damage":0,"enemies":"Lagavulin","floor":6,"turns":1},{"damage":0,"enemies":"Gremlin Nob","floor":8,"turns":1},{"damage":0,"enemies":"Small Slimes","floor":10,"turns":2},{"damage":0,"enemies":"3 Sentries","floor":13,"turns":4},{"damage":0,"enemies":"2 Louse","floor":14,"turns":2},{"damage":27,"enemies":"Slime Boss","floor":16,"turns":8},{"damage":0,"enemies":"Shell Parasite","floor":18,"turns":3},{"damage":0,"enemies":"Spheric Guardian","floor":20,"turns":3},{"damage":27,"enemies":"Centurion and Healer","floor":21,"turns":4},{"damage":2,"enemies":"Cultist and Chosen","floor":22,"turns":4},{"damage":37,"enemies":"Slavers","floor":23,"turns":6},{"damage":11,"enemies":"Snake Plant","floor":29,"turns":2},{"damage":16,"enemies":"Gremlin Leader","floor":30,"turns":4},{"damage":11,"enemies":"Shelled Parasite and Fungi","floor":31,"turns":2},{"damage":73,"enemies":"Collector","floor":33,"turns":7},{"damage":0,"enemies":"Orb Walker","floor":35,"turns":2},{"damage":0,"enemies":"3 Shapes","floor":36,"turns":3},{"damage":11,"enemies":"Writhing Mass","floor":37,"turns":4},{"damage":26,"enemies":"Reptomancer","floor":41,"turns":5},{"damage":35,"enemies":"Nemesis","floor":44,"turns":5},{"damage":8,"enemies":"4 Shapes","floor":48,"turns":5},{"damage":111,"enemies":"Awakened One","floor":50,"turns":10}],"seed_played":"1965124499895399560","potions_obtained":[{"floor":6,"key":"SpeedPotion"},{"floor":10,"key":"PowerPotion"},{"floor":16,"key":"Strength Potion"},{"floor":29,"key":"LiquidMemories"},{"floor":30,"key":"Regen Potion"},{"floor":33,"key":"DuplicationPotion"},{"floor":34,"key":"EssenceOfSteel"},{"floor":36,"key":"CultistPotion"},{"floor":46,"key":"FairyPotion"}],"is_trial":false,"path_per_floor":["M","?","T","?","?","E","R","E","T","M","R","$","E","M","R","B",null,"M","?","M","M","M","E","R","?","T","R","$","M","E","M","R","B",null,"M","M","M","$","?","R","E","T","T","E","R","?","R","M","R","B",null],"character_chosen":"IRONCLAD","items_purchased":["Meat on the Bone","Pommel Strike","Omamori","Shovel","Orichalcum"],"campfire_rested":2,"item_purchase_floors":[12,28,28,38,38],"current_hp_per_floor":[80,80,80,80,68,74,74,80,80,80,80,80,80,80,80,59,80,80,80,80,59,65,48,72,72,72,72,72,69,61,58,58,20,85,85,85,80,80,80,80,69,69,69,56,56,56,56,58,86,38],"gold":105,"neow_bonus":"THREE_ENEMY_KILL","is_prod":false,"is_daily":false,"chose_seed":false,"campfire_upgraded":5,"win_rate":0,"timestamp":1631473715,"path_taken":["M","?","?","?","?","E","R","E","T","M","R","$","E","M","R","BOSS","M","?","?","?","M","E","R","?","T","R","?","M","E","M","R","BOSS","M","?","M","$","?","R","E","?","T","E","R","?","R","M","R","BOSS"],"build_version":"2020-12-22","purchased_purges":0,"victory":true,"max_hp_per_floor":[80,80,80,80,80,80,80,80,80,80,80,80,80,80,80,80,80,80,80,80,80,80,80,80,80,80,80,80,80,80,80,80,80,85,85,85,85,85,85,85,92,92,92,94,94,94,94,96,96,96],"card_choices":[{"not_picked":["Metallicize","Clash"],"picked":"Perfected Strike","floor":1},{"not_picked":["Rampage","Shockwave"],"picked":"Perfected Strike","floor":6},{"not_picked":["Perfected Strike","Body Slam"],"picked":"Havoc","floor":8},{"not_picked":["True Grit","Burning Pact"],"picked":"Armaments","floor":10},{"not_picked":["Spot Weakness","Seeing Red"],"picked":"True Grit","floor":13},{"not_picked":["Warcry","Clothesline","Feel No Pain"],"picked":"SKIP","floor":14},{"not_picked":["Clothesline","Cleave"],"picked":"Pommel Strike+1","floor":18},{"not_picked":["Heavy Blade","Blood for Blood","Anger"],"picked":"SKIP","floor":20},{"not_picked":["Corruption","Searing Blow","Anger+1"],"picked":"SKIP","floor":21},{"not_picked":["Body Slam","Heavy Blade+1"],"picked":"Cleave","floor":22},{"not_picked":["Power Through","Thunderclap","Brutality"],"picked":"SKIP","floor":23},{"not_picked":["Flex","Feel No Pain+1"],"picked":"Sword Boomerang","floor":29},{"not_picked":["Entrench+1","Rampage"],"picked":"Perfected Strike+1","floor":30},{"not_picked":["Headbutt","Power Through","Second Wind+1"],"picked":"SKIP","floor":31},{"not_picked":["Iron Wave","Heavy Blade"],"picked":"Wild Strike+1","floor":34},{"not_picked":["Clash+1","Limit Break"],"picked":"Shrug It Off","floor":35},{"not_picked":["Anger","Ghostly Armor"],"picked":"Havoc+1","floor":36},{"not_picked":["Searing Blow","True Grit+1","Heavy Blade+1"],"picked":"SKIP","floor":37},{"not_picked":["Ghostly Armor+1","Berserk","Clash+1"],"picked":"SKIP","floor":41},{"not_picked":["Pummel+1","Evolve+1","Thunderclap"],"picked":"Singing Bowl","floor":44},{"not_picked":["Inflame+1","Rupture+1","Warcry+1"],"picked":"Singing Bowl","floor":48}],"player_experience":1621704,"relics_obtained":[{"floor":3,"key":"Anchor"},{"floor":6,"key":"Blood Vial"},{"floor":8,"key":"Bottled Flame"},{"floor":9,"key":"Happy Flower"},{"floor":13,"key":"Bag of Preparation"},{"floor":23,"key":"Centennial Puzzle"},{"floor":26,"key":"Art of War"},{"floor":30,"key":"Old Coin"},{"floor":40,"key":"War Paint"},{"floor":41,"key":"Strawberry"},{"floor":42,"key":"Singing Bowl"},{"floor":43,"key":"Bronze Scales"},{"floor":44,"key":"Shuriken"},{"floor":45,"key":"StoneCalendar"},{"floor":47,"key":"Champion Belt"}],"event_choices":[{"damage_healed":0,"gold_gain":0,"player_choice":"Box","damage_taken":0,"relics_obtained":["Letter Opener"],"max_hp_gain":0,"max_hp_loss":0,"event_name":"Big Fish","floor":2,"gold_loss":0,"cards_obtained":["Regret"]},{"cards_removed":["Regret"],"damage_healed":0,"gold_gain":0,"player_choice":"Forget","damage_taken":0,"max_hp_gain":0,"max_hp_loss":0,"event_name":"Living Wall","floor":4,"gold_loss":0},{"damage_healed":0,"gold_gain":0,"player_choice":"Success","damage_taken":12,"relics_obtained":["Toy Ornithopter"],"max_hp_gain":0,"max_hp_loss":0,"event_name":"Scrap Ooze","floor":5,"gold_loss":0},{"damage_healed":0,"gold_gain":0,"player_choice":"0 cards matched","damage_taken":0,"max_hp_gain":0,"max_hp_loss":0,"event_name":"Match and Keep!","floor":19,"gold_loss":0,"cards_obtained":[]},{"damage_healed":0,"gold_gain":0,"player_choice":"Obtain J.A.X.","damage_taken":0,"max_hp_gain":0,"max_hp_loss":0,"event_name":"Drug Dealer","floor":25,"gold_loss":0,"cards_obtained":["J.A.X."]},{"damage_healed":0,"gold_gain":0,"player_choice":"Paid","damage_taken":0,"relics_obtained":["Red Mask"],"max_hp_gain":0,"max_hp_loss":0,"event_name":"Tomb of Lord Red Mask","floor":39,"gold_loss":141},{"damage_healed":0,"gold_gain":0,"player_choice":"Got Potions","damage_taken":0,"max_hp_gain":0,"max_hp_loss":0,"event_name":"Lab","floor":46,"gold_loss":0}],"is_beta":false,"boss_relics":[{"not_picked":["Ectoplasm","Fusion Hammer"],"picked":"Mark of Pain"},{"not_picked":["Astrolabe","Snecko Eye"],"picked":"Tiny House"}],"items_purged_floors":[],"is_endless":false,"potions_floor_spawned":[6,10,16,29,30,31,33,35,36,48],"ascension_level":1}