{"gold_per_floor":[112,112,131,150,161,161,161,161,242,242,259,293,293,293,293,398,398,418],"floor_reached":18,"playtime":544,"items_purged":[],"score":162,"play_id":"d1a3fc48-ea5f-4f71-bd6a-bbc12daf21d2","local_time":"20210914103327","is_ascension_mode":false,"campfire_choices":[{"data":"Limit Break","floor":6,"key":"SMITH"},{"data":"Bash","floor":10,"key":"SMITH"},{"data":"Juggernaut","floor":13,"key":"SMITH"},{"data":"Sword Boomerang","floor":15,"key":"SMITH"}],"neow_cost":"NONE","seed_source_timestamp":9523636319900,"circlet_count":0,"master_deck":["Strike_R","Strike_R","Strike_R","Defend_R+1","Defend_R+1","Defend_R","Bash+1","Sword Boomerang+1","Dropkick","Limit Break+1","Juggernaut+1","Shrug It Off","Metallicize"],"relics":["Burning Blood","Empty Cage"],"potions_floor_usage":[11,12,18],"damage_taken":[{"damage":2,"enemies":"Small Slimes","floor":1,"turns":6},{"damage":1,"enemies":"Cultist","floor":3,"turns":3},{"damage":0,"enemies":"2 Louse","floor":4,"turns":3},{"damage":10,"enemies":"Looter","floor":5,"turns":2},{"damage":0,"enemies":"Blue Slaver","floor":11,"turns":3},{"damage":6,"enemies":"Gremlin Nob","floor":12,"turns":4},{"damage":59,"enemies":"The Guardian","floor":16,"turns":14},{"damage":21,"enemies":"3 Byrds","floor":18,"turns":7}],"seed_played":"-5088072525842902584","potions_obtained":[{"floor":3,"key":"Swift Potion"},{"floor":4,"key":"BlessingOfTheForge"},{"floor":12,"key":"Dexterity Potion"}],"is_trial":false,"path_per_floor":["M","?","M","M","M","R","?","?","T","R","M","E","R","?","R","B",null,"M"],"character_chosen":"IRONCLAD","items_purchased":[],"campfire_rested":0,"item_purchase_floors":[],"current_hp_per_floor":[88,88,88,88,84,84,84,66,66,66,72,72,72,77,77,24,93,78],"gold":418,"neow_bonus":"TEN_PERCENT_HP_BONUS","is_prod":false,"is_daily":false,"chose_seed":false,"campfire_upgraded":4,"win_rate":0,"timestamp":1631608407,"path_taken":["M","?","M","?","M","R","?","?","T","R","M","E","R","?","R","BOSS","M"],"build_version":"2020-12-22","purchased_purges":0,"victory":false,"max_hp_per_floor":[88,88,88,88,88,88,88,88,88,88,88,88,88,93,93,93,93,93],"card_choices":[{"not_picked":["Thunderclap","True Grit"],"picked":"Sword Boomerang","floor":1},{"not_picked":["Burning Pact","Pommel Strike"],"picked":"Dropkick","floor":3},{"not_picked":["Armaments","Thunderclap"],"picked":"Limit Break","floor":4},{"not_picked":["Wild Strike","Sentinel","Twin Strike"],"picked":"SKIP","floor":5},{"not_picked":["Clothesline","Twin Strike"],"picked":"Juggernaut","floor":11},{"not_picked":["Perfected Strike","Armaments"],"picked":"Shrug It Off","floor":12},{"not_picked":["Twin Strike","Combust"],"picked":"Metallicize","floor":18}],"player_experience":1627477,"relics_obtained":[],"event_choices":[{"cards_removed":["Strike_R"],"damage_healed":0,"gold_gain":0,"player_choice":"Purged","damage_taken":0,"max_hp_gain":0,"max_hp_loss":0,"event_name":"Purifier","floor":2,"gold_loss":0},{"damage_healed":0,"gold_gain":0,"player_choice":"Fled","damage_taken":0,"max_hp_gain":0,"max_hp_loss":0,"event_name":"Scrap Ooze","floor":7,"gold_loss":0},{"damage_healed":0,"gold_gain":0,"player_choice":"Entered Light","damage_taken":18,"max_hp_gain":0,"max_hp_loss":0,"event_name":"Shining Light","floor":8,"gold_loss":0,"cards_upgraded":["Defend_R","Defend_R"]},{"damage_healed":0,"gold_gain":0,"player_choice":"Donut","damage_taken":0,"max_hp_gain":5,"max_hp_loss":0,"event_name":"Big Fish","floor":14,"gold_loss":0}],"is_beta":false,"boss_relics":[{"not_picked":["Fusion Hammer","Sozu"],"picked":"Empty Cage"}],"items_purged_floors":[],"is_endless":false,"potions_floor_spawned":[3,4,12],"killed_by":"3 Byrds","ascension_level":0}