{"gold_per_floor":[117,67,67,21,39,39,71,89,159,178,206,216,242,261,261,358,358,372,372,392,392,392,421,421,421],"floor_reached":25,"playtime":898,"items_purged":[],"score":334,"play_id":"98728922-a8e0-42c7-b6e3-aab3ce4120a8","local_time":"20210912203955","is_ascension_mode":true,"campfire_choices":[{"data":"Armaments","floor":15,"key":"SMITH"}],"neow_cost":"NONE","seed_source_timestamp":370248489100,"circlet_count":0,"master_deck":["Strike_R","Strike_R","Strike_R","Strike_R","Defend_R","Defend_R","Defend_R","Defend_R","Bash","Iron Wave","Shrug It Off","Armaments+1","Body Slam","Clash","Shrug It Off","Havoc","Flex","Writhe"],"relics":["Burning Blood","NeowsBlessing","Juzu Bracelet","Sundial","Anchor","Nunchaku","Fusion Hammer","Vajra","Nilry\u0027s Codex","Matryoshka"],"potions_floor_usage":[16,23,23,24],"damage_taken":[{"damage":0,"enemies":"Jaw Worm","floor":1,"turns":1},{"damage":0,"enemies":"Cultist","floor":5,"turns":1},{"damage":0,"enemies":"3 Sentries","floor":7,"turns":2},{"damage":0,"enemies":"Small Slimes","floor":8,"turns":4},{"damage":3,"enemies":"Red Slaver","floor":10,"turns":4},{"damage":18,"enemies":"Lagavulin","floor":11,"turns":9},{"damage":0,"enemies":"Looter","floor":12,"turns":3},{"damage":28,"enemies":"Gremlin Nob","floor":13,"turns":5},{"damage":1,"enemies":"3 Louse","floor":14,"turns":3},{"damage":0,"enemies":"Hexaghost","floor":16,"turns":11},{"damage":11,"enemies":"Spheric Guardian","floor":18,"turns":4},{"damage":0,"enemies":"Chosen","floor":20,"turns":3},{"damage":40,"enemies":"Slavers","floor":23,"turns":9},{"damage":0,"enemies":"Sentry and Sphere","floor":24,"turns":1},{"damage":44,"enemies":"Gremlin Leader","floor":25,"turns":6}],"seed_played":"1599609078228045597","potions_obtained":[{"floor":7,"key":"EssenceOfSteel"},{"floor":11,"key":"PowerPotion"},{"floor":12,"key":"SmokeBomb"},{"floor":16,"key":"GamblersBrew"}],"is_trial":false,"path_per_floor":["M","?","?","$","M","$","E","M","T","M","E","M","E","M","R","B",null,"M","?","M","?","?","E","M","E"],"character_chosen":"IRONCLAD","items_purchased":["Shrug It Off"],"campfire_rested":0,"item_purchase_floors":[4],"current_hp_per_floor":[80,80,80,80,80,80,80,80,80,80,68,74,52,57,57,63,80,75,75,80,80,64,30,36,0],"gold":421,"neow_bonus":"THREE_ENEMY_KILL","is_prod":false,"is_daily":false,"chose_seed":false,"campfire_upgraded":1,"win_rate":0,"timestamp":1631471995,"path_taken":["M","?","?","$","?","?","E","M","T","M","E","M","E","M","R","BOSS","M","?","M","?","?","E","M","E"],"build_version":"2020-12-22","purchased_purges":0,"victory":false,"max_hp_per_floor":[80,80,80,80,80,80,80,80,80,80,80,80,80,80,80,80,80,80,80,80,80,80,80,80,80],"card_choices":[{"not_picked":["True Grit","Bloodletting"],"picked":"Iron Wave","floor":1},{"not_picked":["Body Slam","True Grit"],"picked":"Armaments","floor":5},{"not_picked":["Offering","Dark Embrace"],"picked":"Body Slam","floor":7},{"not_picked":["Sword Boomerang","Anger"],"picked":"Clash","floor":8},{"not_picked":["Twin Strike","Warcry","Body Slam"],"picked":"SKIP","floor":10},{"not_picked":["Warcry","Perfected Strike","Bloodletting"],"picked":"SKIP","floor":11},{"not_picked":["Body Slam","Anger"],"picked":"Shrug It Off","floor":12},{"not_picked":["Body Slam","Brutality"],"picked":"Havoc","floor":13},{"not_picked":["Feel No Pain","Dropkick","Armaments"],"picked":"SKIP","floor":14},{"not_picked":["Iron Wave","Heavy Blade+1"],"picked":"Flex","floor":18},{"not_picked":["Headbutt","Searing Blow+1","Havoc"],"picked":"SKIP","floor":20},{"not_picked":["Offering","Body Slam","Whirlwind"],"picked":"SKIP","floor":23}],"player_experience":1620603,"relics_obtained":[{"floor":7,"key":"Juzu Bracelet"},{"floor":9,"key":"Sundial"},{"floor":11,"key":"Anchor"},{"floor":13,"key":"Nunchaku"},{"floor":22,"key":"Nilry\u0027s Codex"},{"floor":23,"key":"Matryoshka"}],"event_choices":[{"cards_removed":["Strike_R"],"damage_healed":0,"gold_gain":0,"player_choice":"Card Removal","damage_taken":0,"max_hp_gain":0,"max_hp_loss":0,"event_name":"The Cleric","floor":2,"gold_loss":50},{"damage_healed":0,"gold_gain":0,"player_choice":"Ignored","damage_taken":0,"max_hp_gain":0,"max_hp_loss":0,"event_name":"NoteForYourself","floor":3,"gold_loss":0},{"damage_healed":0,"gold_gain":0,"player_choice":"Opened","damage_taken":0,"relics_obtained":["Vajra"],"max_hp_gain":0,"max_hp_loss":0,"event_name":"The Mausoleum","floor":19,"gold_loss":0,"cards_obtained":["Writhe"]},{"damage_healed":0,"gold_gain":0,"player_choice":"Full Heal","damage_taken":0,"max_hp_gain":0,"max_hp_loss":0,"event_name":"Wheel of Change","floor":21,"gold_loss":0},{"damage_healed":0,"gold_gain":0,"player_choice":"Obtained Book","damage_taken":16,"max_hp_gain":0,"max_hp_loss":0,"event_name":"Cursed Tome","floor":22,"gold_loss":0}],"is_beta":false,"boss_relics":[{"not_picked":["Tiny House","Empty Cage"],"picked":"Fusion Hammer"}],"items_purged_floors":[],"is_endless":false,"potions_floor_spawned":[7,11,12,16,20],"killed_by":"Gremlin Leader","ascension_level":1}