{"gold_per_floor":[111,111,121,141,155,155,230,230,277,296,306,256,256,272,272,377,377,389,404,145,158,169,169,169,169,194,194,204,220,145,52,52,155,155,165,165,214,72,72,72,84,101,124,160,160],"floor_reached":45,"playtime":2265,"items_purged":["Strike_R"],"score":459,"play_id":"6b2f7fca-e815-4998-b019-033ea85663a7","local_time":"20211110180636","is_ascension_mode":false,"campfire_choices":[{"data":"Feed","floor":6.0,"key":"SMITH"},{"data":"Feel No Pain","floor":8.0,"key":"SMITH"},{"data":"Flame Barrier","floor":15.0,"key":"SMITH"},{"floor":23,"key":"REST"},{"data":"Disarm","floor":25,"key":"SMITH"},{"data":"Shockwave","floor":27,"key":"SMITH"},{"floor":32,"key":"REST"},{"data":"Feel No Pain","floor":40,"key":"SMITH"}],"neow_cost":"CURSE","seed_source_timestamp":1417170288900,"circlet_count":0,"master_deck":["Strike_R","Strike_R","Strike_R","Defend_R","Defend_R","Bash","Feed+1","Pommel Strike","Metallicize","Feel No Pain+1","Warcry","Flame Barrier+1","Feel No Pain+1","Disarm+1","Limit Break","Body Slam+1","Shockwave+1","Bandage Up","True Grit","Metallicize","Infernal Blade","Infernal Blade+1","Impervious","Trip","Reaper","Blood for Blood","Immolate","Wild Strike","Clash","Thunderclap+1"],"special_seed":0,"relics":["Burning Blood"],"potions_floor_usage":[22,29,33,33,42,44,44],"damage_taken":[{"damage":12.0,"enemies":"Jaw Worm","floor":1.0,"turns":6.0},{"damage":3.0,"enemies":"2 Louse","floor":3.0,"turns":6.0},{"damage":8.0,"enemies":"Cultist","floor":4.0,"turns":5.0},{"damage":2.0,"enemies":"Exordium Wildlife","floor":5.0,"turns":3.0},{"damage":18.0,"enemies":"3 Louse","floor":10.0,"turns":2.0},{"damage":21.0,"enemies":"Gremlin Gang","floor":11.0,"turns":6.0},{"damage":39.0,"enemies":"Exordium Thugs","floor":14.0,"turns":9.0},{"damage":50.0,"enemies":"Hexaghost","floor":16.0,"turns":15.0},{"damage":23.0,"enemies":"Shell Parasite","floor":18.0,"turns":15.0},{"damage":9,"enemies":"Spheric Guardian","floor":19,"turns":6},{"damage":21,"enemies":"Snake Plant","floor":21,"turns":9},{"damage":40,"enemies":"Snecko","floor":22,"turns":10},{"damage":27,"enemies":"Centurion and Healer","floor":28,"turns":13},{"damage":41,"enemies":"Sentry and Sphere","floor":29,"turns":15},{"damage":93,"enemies":"Collector","floor":33,"turns":19},{"damage":24,"enemies":"3 Shapes","floor":35,"turns":13},{"damage":14,"enemies":"3 Darklings","floor":41,"turns":9},{"damage":141,"enemies":"Maw","floor":42,"turns":14},{"damage":21,"enemies":"Writhing Mass","floor":44,"turns":11},{"damage":23,"enemies":"Reptomancer","floor":45,"turns":2}],"seed_played":"-6741838857212264685","potions_obtained":[{"floor":1.0,"key":"Fire Potion"},{"floor":4.0,"key":"BloodPotion"},{"floor":10.0,"key":"PowerPotion"},{"floor":11.0,"key":"CultistPotion"},{"floor":21,"key":"Explosive Potion"},{"floor":22,"key":"LiquidBronze"},{"floor":28,"key":"Ancient Potion"},{"floor":29,"key":"Swift Potion"},{"floor":35,"key":"DistilledChaos"},{"floor":42,"key":"ColorlessPotion"},{"floor":44,"key":"Weak Potion"}],"is_trial":false,"path_per_floor":["M","?","M","M","M","R","?","R","T","M","M","?","?","M","R","B",null,"M","M","$","M","M","R","T","R","T","R","M","M","?","$","R","B",null,"M","?","T","$","?","R","M","M","T","M","E"],"character_chosen":"IRONCLAD","items_purchased":["Bandage Up","True Grit","Metallicize","Trip","Immolate"],"campfire_rested":2,"item_purchase_floors":[20,20,20,31,38],"current_hp_per_floor":[77,77,83,84,91,91,82,82,82,74,63,63,63,34,34,10,104,91,92,92,85,59,95,95,95,95,95,82,55,55,55,93,14,132,123,123,123,123,123,123,136,15,15,8,0],"gold":160,"neow_bonus":"THREE_RARE_CARDS","is_prod":false,"is_daily":false,"chose_seed":false,"campfire_upgraded":6,"win_rate":0,"timestamp":1636563996,"path_taken":["M","?","M","M","M","R","?","R","T","?","M","?","?","M","R","BOSS","M","?","$","M","M","R","?","R","T","R","?","M","?","$","R","BOSS","M","?","?","$","?","R","M","?","T","M","E"],"build_version":"2020-12-22","purchased_purges":1,"victory":false,"max_hp_per_floor":[83,83,86,89,92,92,92,92,92,96,100,100,100,104,104,104,104,108,112,112,116,120,120,120,120,120,120,124,128,128,128,128,132,132,132,132,132,132,132,132,136,140,140,140,140],"card_choices":[{"not_picked":["Juggernaut","Immolate"],"picked":"Feed","floor":0.0},{"not_picked":["Perfected Strike","Reckless Charge"],"picked":"Pommel Strike","floor":1.0},{"not_picked":["Flex","Perfected Strike"],"picked":"Metallicize","floor":3.0},{"not_picked":["Wild Strike","Heavy Blade"],"picked":"Feel No Pain","floor":4.0},{"not_picked":["Twin Strike","Pommel Strike"],"picked":"Warcry","floor":5.0},{"not_picked":["Pommel Strike","Burning Pact"],"picked":"Flame Barrier","floor":10.0},{"not_picked":["Shrug It Off","Carnage"],"picked":"Feel No Pain","floor":11.0},{"not_picked":["Rage","Heavy Blade"],"picked":"Disarm","floor":14.0},{"not_picked":["Corruption","Brutality"],"picked":"Limit Break","floor":16.0},{"not_picked":["Fire Breathing","Clothesline"],"picked":"Body Slam+1","floor":18.0},{"not_picked":["Iron Wave+1","Pommel Strike"],"picked":"Shockwave","floor":19},{"not_picked":["Clothesline","Twin Strike+1"],"picked":"Infernal Blade","floor":21},{"not_picked":["Anger","True Grit","Iron Wave"],"picked":"SKIP","floor":22},{"not_picked":["Reckless Charge+1","Sword Boomerang"],"picked":"Infernal Blade+1","floor":28},{"not_picked":["Uppercut","Sword Boomerang"],"picked":"Impervious","floor":29},{"not_picked":["Bludgeon","Immolate"],"picked":"Reaper","floor":33},{"not_picked":["True Grit+1","Iron Wave"],"picked":"Blood for Blood","floor":35},{"not_picked":["Cleave+1","True Grit+1"],"picked":"Clash","floor":41},{"not_picked":["Clash+1","Sword Boomerang"],"picked":"Thunderclap+1","floor":42},{"not_picked":["Wild Strike","Anger","Sword Boomerang+1"],"picked":"SKIP","floor":44}],"player_experience":1660057,"relics_obtained":[],"event_choices":[{"damage_healed":0.0,"max_hp_gain":0.0,"max_hp_loss":0.0,"gold_gain":0.0,"event_name":"Golden Idol","player_choice":"Ignored","floor":2.0,"gold_loss":0.0,"damage_taken":0.0},{"damage_healed":0.0,"max_hp_gain":0.0,"max_hp_loss":0.0,"gold_gain":75.0,"event_name":"FaceTrader","player_choice":"Touch","floor":7.0,"gold_loss":0.0,"damage_taken":9.0},{"cards_removed":["Decay"],"damage_healed":0.0,"max_hp_gain":0.0,"max_hp_loss":0.0,"gold_gain":0.0,"event_name":"The Cleric","player_choice":"Card Removal","floor":12.0,"gold_loss":50.0,"damage_taken":0.0},{"damage_healed":0.0,"max_hp_gain":0.0,"max_hp_loss":0.0,"gold_gain":0.0,"event_name":"Wheel of Change","player_choice":"Relic","floor":13.0,"gold_loss":0.0,"damage_taken":0.0},{"cards_removed":["Defend_R"],"damage_healed":0,"gold_gain":0,"player_choice":"Gave Gold","damage_taken":0,"max_hp_gain":0,"max_hp_loss":0,"event_name":"Beggar","floor":30,"gold_loss":75},{"cards_removed":["Strike_R"],"damage_healed":0,"gold_gain":0,"player_choice":"Removed Attack","damage_taken":0,"max_hp_gain":0,"max_hp_loss":0,"event_name":"Falling","floor":36,"gold_loss":0},{"damage_healed":0,"gold_gain":0,"cards_transformed":["Defend_R"],"player_choice":"Transformed","damage_taken":0,"max_hp_gain":0,"max_hp_loss":0,"event_name":"Transmorgrifier","floor":39,"gold_loss":0,"cards_obtained":["Wild Strike"]}],"is_beta":false,"boss_relics":[{"not_picked":["Velvet Choker","Runic Pyramid","Runic Cube"]},{"not_picked":["Mark of Pain","Snecko Eye","Cursed Key"]}],"items_purged_floors":[20],"is_endless":false,"potions_floor_spawned":[1,4,10,11,21,22,28,29,35,42,44],"killed_by":"Reptomancer","ascension_level":0}