{"gold_per_floor":[116,116,25,25,25,25,35,35,35,35,54,71,84,94,94,193,193,213,413,430,450,450],"floor_reached":22,"playtime":656,"items_purged":[],"score":178,"play_id":"63182058-1276-4d60-b2ff-81e31ed8bd9f","local_time":"20211110172829","is_ascension_mode":false,"campfire_choices":[{"data":"Inflame","floor":6.0,"key":"SMITH"},{"data":"Limit Break","floor":8.0,"key":"SMITH"},{"data":"Pummel","floor":10.0,"key":"SMITH"},{"data":"Double Tap","floor":15.0,"key":"SMITH"}],"neow_cost":"PERCENT_DAMAGE","seed_source_timestamp":642006391700,"circlet_count":0,"master_deck":["Strike_R","Strike_R","Strike_R","Strike_R","Defend_R","Defend_R","Defend_R","Defend_R","Bash","Double Tap+1","Shrug It Off","Limit Break+1","Inflame+1","Cleave","Pummel+1","Intimidate","Exhume","Limit Break","Shrug It Off"],"special_seed":0,"relics":["Burning Blood"],"potions_floor_usage":[22,22],"damage_taken":[{"damage":1.0,"enemies":"Jaw Worm","floor":1.0,"turns":4.0},{"damage":1.0,"enemies":"Cultist","floor":7.0,"turns":4.0},{"damage":2.0,"enemies":"2 Louse","floor":11.0,"turns":2.0},{"damage":0.0,"enemies":"Gremlin Gang","floor":12.0,"turns":2.0},{"damage":7.0,"enemies":"Looter","floor":13.0,"turns":4.0},{"damage":5.0,"enemies":"Lots of Slimes","floor":14.0,"turns":2.0},{"damage":52.0,"enemies":"Hexaghost","floor":16.0,"turns":8.0},{"damage":24.0,"enemies":"2 Thieves","floor":18.0,"turns":4.0},{"damage":8.0,"enemies":"Chosen","floor":20.0,"turns":6.0},{"damage":36.0,"enemies":"Snecko","floor":21.0,"turns":7.0},{"damage":48,"enemies":"Snake Plant","floor":22,"turns":4}],"seed_played":"7418865866883102454","potions_obtained":[{"floor":12.0,"key":"DuplicationPotion"},{"floor":14.0,"key":"Regen Potion"},{"floor":18.0,"key":"PowerPotion"},{"floor":20.0,"key":"BlessingOfTheForge"}],"is_trial":false,"path_per_floor":["M","?","$","T","?","R","M","R","T","R","M","M","M","M","R","B",null,"M","?","M","M","M"],"character_chosen":"IRONCLAD","items_purchased":["Inflame","Cleave"],"campfire_rested":0,"item_purchase_floors":[3,3],"current_hp_per_floor":[61,61,61,61,61,61,66,66,66,66,70,76,75,76,76,30,80,62,62,60,30,0],"gold":450,"neow_bonus":"THREE_RARE_CARDS","is_prod":false,"is_daily":false,"chose_seed":false,"campfire_upgraded":4,"win_rate":0,"timestamp":1636561709,"path_taken":["M","?","$","?","?","R","M","R","T","R","?","?","M","M","R","BOSS","M","?","?","M","M"],"build_version":"2020-12-22","purchased_purges":0,"victory":false,"max_hp_per_floor":[80,80,80,80,80,80,80,80,80,80,80,80,80,80,80,80,80,80,80,80,80,80],"card_choices":[{"not_picked":["Impervious","Bludgeon"],"picked":"Double Tap","floor":0.0},{"not_picked":["Perfected Strike","Wild Strike"],"picked":"Shrug It Off","floor":1.0},{"not_picked":["Second Wind","Body Slam"],"picked":"Pummel","floor":7.0},{"not_picked":["Armaments","True Grit","Iron Wave"],"picked":"SKIP","floor":11.0},{"not_picked":["Twin Strike","Iron Wave"],"picked":"Intimidate","floor":12.0},{"not_picked":["Body Slam","Twin Strike"],"picked":"Exhume","floor":13.0},{"not_picked":["Pommel Strike","Dark Embrace","Cleave"],"picked":"SKIP","floor":14.0},{"not_picked":["Reaper","Barricade"],"picked":"Limit Break","floor":16.0},{"not_picked":["Warcry","Blood for Blood"],"picked":"Shrug It Off","floor":18.0},{"not_picked":["Anger+1","Iron Wave","Second Wind"],"picked":"SKIP","floor":20.0},{"not_picked":["Clothesline","Havoc","Carnage"],"picked":"SKIP","floor":21}],"player_experience":1659401,"relics_obtained":[],"event_choices":[{"damage_healed":0.0,"max_hp_gain":0.0,"max_hp_loss":0.0,"gold_gain":0.0,"cards_transformed":["Strike_R"],"event_name":"Transmorgrifier","player_choice":"Transformed","floor":2.0,"gold_loss":0.0,"damage_taken":0.0,"cards_obtained":["Limit Break"]},{"damage_healed":0.0,"max_hp_gain":0.0,"max_hp_loss":0.0,"gold_gain":0.0,"event_name":"FaceTrader","player_choice":"Leave","floor":5.0,"gold_loss":0.0,"damage_taken":0.0},{"damage_healed":0.0,"max_hp_gain":0.0,"max_hp_loss":0.0,"gold_gain":200.0,"event_name":"Wheel of Change","player_choice":"Gold","floor":19.0,"gold_loss":0.0,"damage_taken":0.0}],"is_beta":false,"boss_relics":[{"not_picked":["Runic Pyramid","SlaversCollar","Empty Cage"]}],"items_purged_floors":[],"is_endless":false,"potions_floor_spawned":[12,14,18,20],"killed_by":"Snake Plant","ascension_level":0}