{"gold_per_floor":[116,116,116,116,136,136,156,171,197,210,89,89,106,116,116,116],"floor_reached":16,"playtime":467,"items_purged":[],"score":94,"play_id":"da67a528-0065-4348-84f1-7d4ab2d596e4","local_time":"20211123232137","is_ascension_mode":false,"campfire_choices":[{"data":"Bash","floor":6,"key":"SMITH"},{"data":"Discovery","floor":12,"key":"SMITH"},{"data":"Metallicize","floor":15,"key":"SMITH"}],"neow_cost":"NONE","seed_source_timestamp":252432470351500,"circlet_count":0,"master_deck":["Strike_R","Strike_R","Strike_R","Strike_R","Strike_R","Defend_R","Defend_R","Defend_R","Defend_R","Bash+1","Cleave","Feel No Pain","Clash","Rage","Feel No Pain","Discovery+1","True Grit","Metallicize+1"],"relics":["Burning Blood"],"potions_floor_usage":[10,16],"damage_taken":[{"damage":8,"enemies":"Jaw Worm","floor":1,"turns":4},{"damage":0,"enemies":"2 Louse","floor":5,"turns":2},{"damage":0,"enemies":"Cultist","floor":7,"turns":2},{"damage":13,"enemies":"2 Fungi Beasts","floor":8,"turns":3},{"damage":12,"enemies":"Gremlin Gang","floor":10,"turns":5},{"damage":2,"enemies":"Looter","floor":13,"turns":3},{"damage":6,"enemies":"2 Fungi Beasts","floor":14,"turns":3},{"damage":81,"enemies":"Hexaghost","floor":16,"turns":16}],"seed_played":"2781000014463391127","potions_obtained":[{"floor":5,"key":"Weak Potion"},{"floor":7,"key":"Energy Potion"},{"floor":14,"key":"Regen Potion"}],"is_trial":false,"path_per_floor":["M","?","?","T","M","R","M","M","T","M","$","R","M","M","R","B"],"character_chosen":"IRONCLAD","items_purchased":["Feel No Pain","Discovery"],"campfire_rested":0,"item_purchase_floors":[11,11],"current_hp_per_floor":[86,86,86,86,88,88,88,81,81,75,75,75,79,79,79,0],"gold":116,"neow_bonus":"TEN_PERCENT_HP_BONUS","is_prod":false,"is_daily":false,"chose_seed":false,"campfire_upgraded":3,"win_rate":0,"timestamp":1637706097,"path_taken":["M","?","?","?","?","R","M","M","T","M","$","R","M","M","R","BOSS"],"build_version":"2020-12-22","purchased_purges":0,"victory":false,"max_hp_per_floor":[88,88,88,88,88,88,88,88,88,88,88,88,88,88,88,88],"card_choices":[{"not_picked":["Heavy Blade","Entrench"],"picked":"Cleave","floor":1},{"not_picked":["Havoc","Perfected Strike","Cleave"],"picked":"SKIP","floor":5},{"not_picked":["Warcry","Armaments"],"picked":"Feel No Pain","floor":7},{"not_picked":["Anger","Pommel Strike"],"picked":"Clash","floor":8},{"not_picked":["Pommel Strike","True Grit"],"picked":"Rage","floor":10},{"not_picked":["Perfected Strike","Warcry"],"picked":"True Grit","floor":13},{"not_picked":["Sword Boomerang","Second Wind"],"picked":"Metallicize","floor":14}],"player_experience":1676042,"relics_obtained":[],"event_choices":[{"damage_healed":0,"gold_gain":0,"player_choice":"Fled","damage_taken":0,"max_hp_gain":0,"max_hp_loss":0,"event_name":"Scrap Ooze","floor":2,"gold_loss":0},{"damage_healed":0,"gold_gain":0,"player_choice":"Ignored","damage_taken":0,"max_hp_gain":0,"max_hp_loss":0,"event_name":"Liars Game","floor":3,"gold_loss":0}],"is_beta":false,"boss_relics":[],"items_purged_floors":[],"is_endless":false,"potions_floor_spawned":[5,7,14],"killed_by":"Hexaghost","ascension_level":0}