{"gold_per_floor":[111,122,53,53,53,96,121,140,194,215,215,251,272,312,312,443,443,468,393,408,107,130,165,165,204,250,291,36,50,125,139,139,268,268,293,293,293,293,74,74,98,98,124,4,27,65,65,65,65,65],"floor_reached":51,"playtime":1434,"items_purged":["Injury","Strike_R","Strike_R","Strike_R"],"score":889,"play_id":"de11e77d-a9fe-4c45-a95f-b0650aa031c0","local_time":"20211205230121","is_ascension_mode":true,"campfire_choices":[{"floor":15,"key":"REST"},{"floor":24,"key":"REST"},{"data":"Feed","floor":32,"key":"SMITH"},{"data":"Dropkick","floor":40,"key":"SMITH"},{"floor":49,"key":"REST"}],"neow_cost":"NONE","seed_source_timestamp":1287050836322600,"circlet_count":0,"master_deck":["Strike_R","Strike_R","Defend_R+1","Defend_R","Defend_R+1","Bash+1","Dropkick+1","Dropkick+1","True Grit","Feed+1","Thunderclap","Shockwave+1"],"relics":["Busted Crown","Golden Idol","Darkstone Periapt","Potion Belt","Nunchaku","StrikeDummy","Black Star","CaptainsWheel","PreservedInsect","Orichalcum","Shuriken","Eternal Feather","MealTicket","Anchor","Strawberry","Tiny Chest","SlaversCollar","The Courier","War Paint","Blood Vial","Lantern","Regal Pillow","Frozen Egg 2"],"potions_floor_usage":[3,6,8,12,12,14,14,16,16,16,18,18,18,23,23,29,33,33,33,50,50,50],"damage_taken":[{"damage":0,"enemies":"Cultist","floor":1,"turns":2},{"damage":1,"enemies":"Jaw Worm","floor":2,"turns":3},{"damage":8,"enemies":"Gremlin Nob","floor":6,"turns":3},{"damage":0,"enemies":"Small Slimes","floor":7,"turns":2},{"damage":8,"enemies":"Gremlin Gang","floor":8,"turns":4},{"damage":3,"enemies":"3 Louse","floor":10,"turns":5},{"damage":14,"enemies":"Lagavulin","floor":12,"turns":5},{"damage":2,"enemies":"2 Fungi Beasts","floor":13,"turns":3},{"damage":14,"enemies":"3 Sentries","floor":14,"turns":6},{"damage":39,"enemies":"The Guardian","floor":16,"turns":10},{"damage":9,"enemies":"Spheric Guardian","floor":18,"turns":4},{"damage":13,"enemies":"2 Thieves","floor":20,"turns":4},{"damage":19,"enemies":"Snake Plant","floor":22,"turns":6},{"damage":8,"enemies":"Gremlin Leader","floor":23,"turns":6},{"damage":8,"enemies":"Book of Stabbing","floor":25,"turns":4},{"damage":0,"enemies":"Gremlin Leader","floor":27,"turns":3},{"damage":15,"enemies":"Snecko","floor":29,"turns":5},{"damage":4,"enemies":"Centurion and Healer","floor":31,"turns":4},{"damage":71,"enemies":"Automaton","floor":33,"turns":12},{"damage":3,"enemies":"Orb Walker","floor":35,"turns":4},{"damage":8,"enemies":"3 Shapes","floor":41,"turns":5},{"damage":23,"enemies":"Spire Growth","floor":45,"turns":6},{"damage":25,"enemies":"Reptomancer","floor":46,"turns":6},{"damage":182,"enemies":"Time Eater","floor":50,"turns":15}],"seed_played":"5766835209281709459","potions_obtained":[{"floor":1,"key":"EntropicBrew"},{"floor":6,"key":"Strength Potion"},{"floor":8,"key":"Fruit Juice"},{"floor":14,"key":"FearPotion"},{"floor":16,"key":"EntropicBrew"},{"floor":22,"key":"PowerPotion"},{"floor":29,"key":"DistilledChaos"},{"floor":31,"key":"SpeedPotion"},{"floor":33,"key":"FairyPotion"},{"floor":45,"key":"BloodPotion"},{"floor":46,"key":"Dexterity Potion"}],"is_trial":false,"path_per_floor":["M","M","$","?","?","E","M","M","T","M","T","E","M","E","R","B",null,"M","$","M","$","M","E","R","E","T","E","$","M","?","M","R","B",null,"M","?","T","?","$","R","M","?","T","$","M","E","T","$","R","B",null],"character_chosen":"IRONCLAD","items_purchased":["Dropkick","CaptainsWheel","Tiny Chest","War Paint"],"campfire_rested":3,"item_purchase_floors":[3,21,28,39],"current_hp_per_floor":[80,79,79,79,63,55,55,52,52,49,49,35,33,19,44,5,85,76,76,66,66,50,45,73,65,65,75,90,78,68,67,76,9,114,115,115,115,115,118,118,114,114,114,122,103,84,84,99,130,43],"gold":65,"neow_bonus":"BOSS_RELIC","is_prod":false,"is_daily":false,"chose_seed":false,"campfire_upgraded":2,"win_rate":0,"timestamp":1638741681,"path_taken":["M","M","$","?","?","E","?","M","T","M","?","E","M","E","R","BOSS","M","$","M","$","M","E","R","E","T","E","$","M","?","?","R","BOSS","M","?","?","?","$","R","M","?","T","?","M","E","?","$","R","BOSS"],"build_version":"2020-12-22","purchased_purges":4,"victory":true,"max_hp_per_floor":[80,80,80,80,80,80,80,85,85,85,85,85,85,85,85,85,85,85,85,88,88,91,94,94,94,94,104,104,107,107,110,110,114,114,118,118,118,118,118,118,122,122,122,122,126,130,130,130,130,134],"card_choices":[{"not_picked":["Dual Wield"],"picked":"SKIP","floor":1},{"not_picked":[],"picked":"Dropkick","floor":2},{"not_picked":["Clothesline"],"picked":"SKIP","floor":6},{"not_picked":["Entrench"],"picked":"SKIP","floor":7},{"not_picked":["True Grit"],"picked":"SKIP","floor":8},{"not_picked":[],"picked":"True Grit","floor":8},{"not_picked":["Sword Boomerang"],"picked":"SKIP","floor":10},{"not_picked":["Fire Breathing"],"picked":"SKIP","floor":12},{"not_picked":["Fire Breathing"],"picked":"SKIP","floor":12},{"not_picked":["Pummel"],"picked":"SKIP","floor":13},{"not_picked":["Clash"],"picked":"SKIP","floor":14},{"not_picked":[],"picked":"Feed","floor":16},{"not_picked":["Armaments+1"],"picked":"SKIP","floor":18},{"not_picked":[],"picked":"Thunderclap","floor":20},{"not_picked":["Shockwave+1"],"picked":"SKIP","floor":22},{"not_picked":[],"picked":"Shockwave+1","floor":22},{"not_picked":["Clothesline"],"picked":"SKIP","floor":23},{"not_picked":["Searing Blow"],"picked":"SKIP","floor":25},{"not_picked":["Thunderclap"],"picked":"SKIP","floor":27},{"not_picked":["Searing Blow"],"picked":"SKIP","floor":29},{"not_picked":["Warcry"],"picked":"SKIP","floor":31},{"not_picked":["Sword Boomerang"],"picked":"SKIP","floor":35},{"not_picked":["Warcry+1"],"picked":"SKIP","floor":41},{"not_picked":["Iron Wave"],"picked":"SKIP","floor":45},{"not_picked":["True Grit+1"],"picked":"SKIP","floor":46}],"player_experience":1700027,"relics_obtained":[{"floor":6,"key":"Darkstone Periapt"},{"floor":9,"key":"Potion Belt"},{"floor":12,"key":"Nunchaku"},{"floor":14,"key":"StrikeDummy"},{"floor":23,"key":"PreservedInsect"},{"floor":23,"key":"Orichalcum"},{"floor":25,"key":"Shuriken"},{"floor":25,"key":"Eternal Feather"},{"floor":26,"key":"MealTicket"},{"floor":27,"key":"Anchor"},{"floor":27,"key":"Strawberry"},{"floor":37,"key":"The Courier"},{"floor":43,"key":"Blood Vial"},{"floor":46,"key":"Lantern"},{"floor":46,"key":"Regal Pillow"},{"floor":47,"key":"Frozen Egg 2"}],"event_choices":[{"damage_healed":0,"gold_gain":0,"player_choice":"Take Wound","damage_taken":0,"relics_obtained":["Golden Idol"],"max_hp_gain":0,"max_hp_loss":0,"event_name":"Golden Idol","floor":4,"gold_loss":0,"cards_obtained":["Injury"]},{"damage_healed":0,"gold_gain":0,"player_choice":"Entered Light","damage_taken":16,"max_hp_gain":0,"max_hp_loss":0,"event_name":"Shining Light","floor":5,"gold_loss":0,"cards_upgraded":["Dropkick","Bash"]},{"damage_healed":0,"gold_gain":75,"player_choice":"Touch","damage_taken":10,"max_hp_gain":0,"max_hp_loss":0,"event_name":"FaceTrader","floor":30,"gold_loss":0},{"damage_healed":0,"gold_gain":0,"player_choice":"Memory 1","damage_taken":0,"max_hp_gain":0,"max_hp_loss":0,"event_name":"SensoryStone","floor":36,"gold_loss":0},{"damage_healed":0,"gold_gain":0,"player_choice":"Ignored","damage_taken":0,"max_hp_gain":0,"max_hp_loss":0,"event_name":"Tomb of Lord Red Mask","floor":38,"gold_loss":0},{"cards_removed":["Defend_R"],"damage_healed":0,"gold_gain":0,"player_choice":"Removed Skill","damage_taken":0,"max_hp_gain":0,"max_hp_loss":0,"event_name":"Falling","floor":42,"gold_loss":0}],"is_beta":false,"boss_relics":[{"not_picked":["Calling Bell","Mark of Pain"],"picked":"Black Star"},{"not_picked":["Sozu","Cursed Key"],"picked":"SlaversCollar"}],"items_purged_floors":[19,28,39,44],"is_endless":false,"potions_floor_spawned":[1,6,7,8,14,16,22,29,31,33,45,46],"ascension_level":1}