{"gold_per_floor":[113,131,306,162,162,162,182,182,182,182,208,208,227,243,243,341,341,360,375,126,141,158,158,158,158,158,158,18,18,52,15,15,112,112,131,144,162,162],"floor_reached":38,"playtime":1525,"items_purged":["Doubt","Strike_R"],"score":469,"play_id":"127ae494-fb75-47a2-9077-43ca980d2c91","local_time":"20211129212100","is_ascension_mode":false,"campfire_choices":[{"data":"Bash","floor":6,"key":"SMITH"},{"data":"True Grit","floor":8,"key":"SMITH"},{"data":"Headbutt","floor":10,"key":"SMITH"},{"data":"Impervious","floor":12,"key":"SMITH"},{"data":"Reaper","floor":15,"key":"SMITH"},{"floor":23,"key":"REST"},{"data":"Feed","floor":27,"key":"SMITH"},{"data":"Limit Break","floor":32,"key":"SMITH"}],"neow_cost":"NONE","seed_source_timestamp":762545243706600,"circlet_count":0,"master_deck":["Strike_R","Strike_R","Strike_R","Defend_R","Defend_R","Defend_R","Defend_R","Bash+1","Infernal Blade","Headbutt+1","Limit Break+1","True Grit+1","Impervious+1","Intimidate","Reaper+1","Feed+1","Feel No Pain+1","Corruption","Disarm","Reckless Charge","Carnage","Havoc","Barricade","J.A.X.","Exhume","Fire Breathing","Warcry+1","Burning Pact+1","Havoc+1"],"relics":["Burning Blood"],"potions_floor_usage":[11,18,18,33,38],"damage_taken":[{"damage":5,"enemies":"Jaw Worm","floor":1,"turns":7},{"damage":1,"enemies":"Cultist","floor":2,"turns":3},{"damage":2,"enemies":"Small Slimes","floor":7,"turns":3},{"damage":13,"enemies":"3 Sentries","floor":11,"turns":9},{"damage":6,"enemies":"Exordium Wildlife","floor":13,"turns":3},{"damage":0,"enemies":"3 Louse","floor":14,"turns":3},{"damage":86,"enemies":"Slime Boss","floor":16,"turns":18},{"damage":33,"enemies":"3 Byrds","floor":18,"turns":9},{"damage":48,"enemies":"Spheric Guardian","floor":19,"turns":9},{"damage":7,"enemies":"Snecko","floor":21,"turns":7},{"damage":9,"enemies":"Cultist and Chosen","floor":22,"turns":10},{"damage":16,"enemies":"Book of Stabbing","floor":30,"turns":8},{"damage":100,"enemies":"Collector","floor":33,"turns":8},{"damage":44,"enemies":"Orb Walker","floor":35,"turns":6},{"damage":45,"enemies":"3 Shapes","floor":36,"turns":6},{"damage":28,"enemies":"Spire Growth","floor":37,"turns":9},{"damage":27,"enemies":"Writhing Mass","floor":38,"turns":4}],"seed_played":"-6483809177328562766","potions_obtained":[{"floor":2,"key":"SteroidPotion"},{"floor":7,"key":"EssenceOfSteel"},{"floor":16,"key":"Swift Potion"},{"floor":19,"key":"PowerPotion"},{"floor":30,"key":"Energy Potion"}],"is_trial":false,"path_per_floor":["M","M","?","$","?","R","M","R","T","R","E","R","M","M","R","B",null,"M","M","$","M","M","R","?","?","T","R","$","?","E","$","R","B",null,"M","M","M","M"],"character_chosen":"IRONCLAD","items_purchased":["Limit Break","Disarm","Reckless Charge","Barricade","Fire Breathing"],"campfire_rested":1,"item_purchase_floors":[4,20,20,28,31],"current_hp_per_floor":[88,88,88,88,88,88,88,88,88,88,81,81,81,87,87,22,88,64,25,25,34,41,71,71,100,100,100,100,100,104,104,104,10,104,70,49,50,23],"gold":162,"neow_bonus":"TEN_PERCENT_HP_BONUS","is_prod":false,"is_daily":false,"chose_seed":false,"campfire_upgraded":7,"win_rate":0,"timestamp":1638217260,"path_taken":["M","M","?","$","?","R","?","R","T","R","E","R","M","M","R","BOSS","M","M","$","M","M","R","?","?","T","R","?","?","E","?","R","BOSS","M","?","?","M"],"build_version":"2020-12-22","purchased_purges":2,"victory":false,"max_hp_per_floor":[88,88,88,88,88,88,88,88,88,88,88,88,88,88,88,88,88,91,94,94,97,100,100,100,100,100,100,100,100,104,104,104,104,104,108,112,116,116],"card_choices":[{"not_picked":["Sword Boomerang","Warcry"],"picked":"Infernal Blade","floor":1},{"not_picked":["Cleave","Havoc"],"picked":"Headbutt","floor":2},{"not_picked":["Armaments","Twin Strike"],"picked":"True Grit","floor":7},{"not_picked":["Warcry","Intimidate"],"picked":"Impervious","floor":11},{"not_picked":["Thunderclap","Armaments"],"picked":"Intimidate","floor":13},{"not_picked":["Headbutt","Warcry"],"picked":"Reaper","floor":14},{"not_picked":["Fiend Fire","Bludgeon"],"picked":"Feed","floor":16},{"not_picked":["Clash+1","Pommel Strike"],"picked":"Feel No Pain+1","floor":18},{"not_picked":["Sword Boomerang","Headbutt+1"],"picked":"Corruption","floor":19},{"not_picked":["Pommel Strike+1","Headbutt"],"picked":"Carnage","floor":21},{"not_picked":["Rampage+1","Perfected Strike"],"picked":"Havoc","floor":22},{"not_picked":["Feed","Combust"],"picked":"Exhume","floor":30},{"not_picked":["Evolve+1","Flex+1"],"picked":"Warcry+1","floor":35},{"not_picked":["Headbutt","Body Slam"],"picked":"Burning Pact+1","floor":36},{"not_picked":["Heavy Blade+1","Anger+1"],"picked":"Havoc+1","floor":37}],"player_experience":1680243,"relics_obtained":[],"event_choices":[{"damage_healed":0,"gold_gain":175,"player_choice":"AGREE","damage_taken":0,"max_hp_gain":0,"max_hp_loss":0,"event_name":"Liars Game","floor":3,"gold_loss":0,"cards_obtained":["Doubt"]},{"cards_removed":["Strike_R"],"damage_healed":0,"gold_gain":0,"player_choice":"Card Removal","damage_taken":0,"max_hp_gain":0,"max_hp_loss":0,"event_name":"Wheel of Change","floor":5,"gold_loss":0},{"damage_healed":0,"gold_gain":0,"player_choice":"Ignored","damage_taken":0,"max_hp_gain":0,"max_hp_loss":0,"event_name":"The Mausoleum","floor":24,"gold_loss":0},{"damage_healed":33,"gold_gain":0,"player_choice":"Heal","damage_taken":0,"max_hp_gain":0,"max_hp_loss":0,"event_name":"The Library","floor":25,"gold_loss":0},{"damage_healed":0,"gold_gain":0,"player_choice":"Obtain J.A.X.","damage_taken":0,"max_hp_gain":0,"max_hp_loss":0,"event_name":"Drug Dealer","floor":29,"gold_loss":0,"cards_obtained":["J.A.X."]}],"is_beta":false,"boss_relics":[{"not_picked":["Calling Bell","Velvet Choker","Mark of Pain"]},{"not_picked":["Pandora\u0027s Box","Philosopher\u0027s Stone","Coffee Dripper"]}],"items_purged_floors":[4,20],"is_endless":false,"potions_floor_spawned":[2,7,16,19,30],"killed_by":"Writhing Mass","ascension_level":0}