{"gold_per_floor":[115,34,53,128,98,98,117,117,164,12,12,12,23,41,41,142,142,155,155,55,75,87,87,104,119,119,130,130,140,140,56,56,159,159,174,174,174,185,203,203,214,214,214,232,232,10,35,35],"floor_reached":48,"playtime":1837,"items_purged":["Strike_R","Strike_R","Strike_R"],"score":454,"play_id":"d2a7a1fa-f93a-481f-92ba-dd90884598e0","local_time":"20211129181917","is_ascension_mode":false,"campfire_choices":[{"data":"Rampage","floor":6.0,"key":"SMITH"},{"data":"Spot Weakness","floor":8.0,"key":"SMITH"},{"data":"Rage","floor":11.0,"key":"SMITH"},{"data":"Armaments","floor":15.0,"key":"SMITH"},{"data":"Demon Form","floor":23.0,"key":"SMITH"},{"floor":28,"key":"REST"},{"data":"Heavy Blade","floor":30,"key":"SMITH"},{"floor":32,"key":"REST"},{"floor":40,"key":"REST"},{"floor":42,"key":"REST"},{"floor":45,"key":"REST"}],"neow_cost":"NONE","seed_source_timestamp":751316437819700,"circlet_count":0,"master_deck":["Strike_R","Defend_R","Defend_R","Defend_R","Defend_R","Bash","Armaments+1","Rampage+1","Spot Weakness+1","Battle Trance","Rage+1","Disarm","Demon Form+1","Whirlwind","Heavy Blade+1","Blind","Berserk","Panacea","Bludgeon","Sword Boomerang+1","Sword Boomerang+1","Dropkick+1","Dramatic Entrance","Juggernaut","Parasite"],"special_seed":0,"relics":["Black Blood"],"potions_floor_usage":[27,33,39,44,47],"damage_taken":[{"damage":1.0,"enemies":"Cultist","floor":1.0,"turns":3.0},{"damage":2.0,"enemies":"Small Slimes","floor":3.0,"turns":4.0},{"damage":0.0,"enemies":"2 Louse","floor":7.0,"turns":3.0},{"damage":12.0,"enemies":"Exordium Thugs","floor":13.0,"turns":4.0},{"damage":9.0,"enemies":"3 Louse","floor":14.0,"turns":5.0},{"damage":16.0,"enemies":"The Guardian","floor":16.0,"turns":10.0},{"damage":21.0,"enemies":"Shell Parasite","floor":18.0,"turns":8.0},{"damage":8.0,"enemies":"Chosen","floor":21.0,"turns":6.0},{"damage":21.0,"enemies":"Snake Plant","floor":22.0,"turns":6.0},{"damage":39.0,"enemies":"Sentry and Sphere","floor":24.0,"turns":7.0},{"damage":12.0,"enemies":"Snecko","floor":25.0,"turns":4.0},{"damage":28,"enemies":"Shelled Parasite and Fungi","floor":27,"turns":7},{"damage":19,"enemies":"Centurion and Healer","floor":29,"turns":6},{"damage":59,"enemies":"Collector","floor":33,"turns":7},{"damage":40,"enemies":"3 Darklings","floor":35,"turns":6},{"damage":33,"enemies":"Orb Walker","floor":38,"turns":5},{"damage":81,"enemies":"Jaw Worm Horde","floor":39,"turns":7},{"damage":32,"enemies":"Maw","floor":41,"turns":8},{"damage":48,"enemies":"Sphere and 2 Shapes","floor":44,"turns":6},{"damage":37,"enemies":"Nemesis","floor":47,"turns":9},{"damage":71,"enemies":"Writhing Mass","floor":48,"turns":8}],"seed_played":"3408764225461031837","potions_obtained":[{"floor":3.0,"key":"Explosive Potion"},{"floor":5.0,"key":"AttackPotion"},{"floor":5.0,"key":"Regen Potion"},{"floor":13.0,"key":"FairyPotion"},{"floor":18.0,"key":"SpeedPotion"},{"floor":27,"key":"SteroidPotion"},{"floor":41,"key":"ColorlessPotion"},{"floor":44,"key":"HeartOfIron"},{"floor":47,"key":"FairyPotion"}],"is_trial":false,"path_per_floor":["M","$","M","?","?","R","M","R","T","$","R","?","M","M","R","B",null,"M","?","$","M","M","R","M","M","T","M","R","M","R","$","R","B",null,"M","?","?","M","M","R","M","R","T","M","R","$","E","M"],"character_chosen":"IRONCLAD","items_purchased":["Rampage","Rage","Blind","Dramatic Entrance"],"campfire_rested":5,"item_purchase_floors":[2,10,31,46],"current_hp_per_floor":[88,88,88,77,77,77,83,83,83,83,83,83,77,74,74,64,88,79,79,79,83,74,74,47,47,47,31,57,50,50,50,76,29,88,60,60,60,39,19,45,25,51,51,15,41,41,16,0],"gold":35,"neow_bonus":"TEN_PERCENT_HP_BONUS","is_prod":false,"is_daily":false,"chose_seed":false,"campfire_upgraded":6,"win_rate":0,"timestamp":1638206357,"path_taken":["M","$","M","?","?","R","?","R","T","?","R","?","?","M","R","BOSS","M","?","$","M","M","R","M","M","T","M","R","M","R","$","R","BOSS","M","?","?","?","M","R","M","R","T","M","R","$","E","M"],"build_version":"2020-12-22","purchased_purges":3,"victory":false,"max_hp_per_floor":[88,88,88,88,88,88,88,88,88,88,88,88,88,88,88,88,88,88,88,88,88,88,88,88,88,88,88,88,88,88,88,88,88,88,88,88,88,88,88,88,88,88,88,88,88,88,88,88],"card_choices":[{"not_picked":["Entrench","Sever Soul"],"picked":"Armaments","floor":1.0},{"not_picked":["Bloodletting","Seeing Red"],"picked":"Spot Weakness","floor":3.0},{"not_picked":["Body Slam","Flex"],"picked":"Battle Trance","floor":7.0},{"not_picked":["Pommel Strike","Twin Strike"],"picked":"Disarm","floor":13.0},{"not_picked":["Seeing Red","Warcry","Anger"],"picked":"SKIP","floor":14.0},{"not_picked":["Corruption","Offering"],"picked":"Demon Form","floor":16.0},{"not_picked":["Metallicize","Flex+1"],"picked":"Whirlwind","floor":18.0},{"not_picked":["Burning Pact","Cleave","Spot Weakness"],"picked":"SKIP","floor":21.0},{"not_picked":["Sentinel","Perfected Strike+1","Cleave"],"picked":"SKIP","floor":22.0},{"not_picked":["Dark Embrace+1","Inflame"],"picked":"Heavy Blade","floor":24.0},{"not_picked":["Havoc","Armaments+1","Intimidate"],"picked":"SKIP","floor":25.0},{"not_picked":["Anger","Flex+1","Armaments"],"picked":"SKIP","floor":27},{"not_picked":["Pommel Strike","Dual Wield","Clash"],"picked":"SKIP","floor":29},{"not_picked":["Exhume","Barricade"],"picked":"Berserk","floor":33},{"not_picked":["Dual Wield","Wild Strike+1","Uppercut+1"],"picked":"SKIP","floor":35},{"not_picked":["Jack Of All Trades","Dark Shackles"],"picked":"Panacea","floor":36},{"not_picked":["Combust+1","Wild Strike"],"picked":"Sword Boomerang+1","floor":38},{"not_picked":["Warcry","Perfected Strike","Sword Boomerang"],"picked":"SKIP","floor":39},{"not_picked":["Havoc+1","Heavy Blade"],"picked":"Sword Boomerang+1","floor":41},{"not_picked":["True Grit+1","Armaments+1"],"picked":"Dropkick+1","floor":44},{"not_picked":["Sword Boomerang","Sever Soul"],"picked":"Juggernaut","floor":47}],"player_experience":1676674,"relics_obtained":[],"event_choices":[{"damage_healed":0.0,"max_hp_gain":0.0,"max_hp_loss":0.0,"gold_gain":75.0,"event_name":"World of Goop","player_choice":"Gather Gold","floor":4.0,"gold_loss":0.0,"damage_taken":11.0},{"damage_healed":0.0,"max_hp_gain":0.0,"max_hp_loss":0.0,"gold_gain":0.0,"event_name":"The Woman in Blue","player_choice":"Bought 2 Potions","floor":5.0,"gold_loss":0.0,"damage_taken":0.0},{"damage_healed":0.0,"max_hp_gain":0.0,"max_hp_loss":0.0,"gold_gain":0.0,"event_name":"WeMeetAgain","player_choice":"Ignored","floor":12.0,"gold_loss":0.0,"damage_taken":0.0},{"damage_healed":0.0,"max_hp_gain":0.0,"max_hp_loss":0.0,"gold_gain":0.0,"event_name":"The Mausoleum","player_choice":"Ignored","floor":19.0,"gold_loss":0.0,"damage_taken":0.0},{"damage_healed":0,"gold_gain":0,"player_choice":"Memory 1","damage_taken":0,"max_hp_gain":0,"max_hp_loss":0,"event_name":"SensoryStone","floor":36,"gold_loss":0},{"damage_healed":0,"gold_gain":0,"cards_transformed":["Strike_R"],"player_choice":"Transformed","damage_taken":0,"max_hp_gain":0,"max_hp_loss":0,"event_name":"Transmorgrifier","floor":37,"gold_loss":0,"cards_obtained":["Bludgeon"]}],"is_beta":false,"boss_relics":[{"not_picked":["Pandora\u0027s Box","Cursed Key"],"picked":"Black Blood"},{"not_picked":["Velvet Choker","Mark of Pain","Astrolabe"]}],"items_purged_floors":[10,20,46],"is_endless":false,"potions_floor_spawned":[3,13,18,25,27,29,41,44,47],"killed_by":"Writhing Mass","ascension_level":0}