{"gold_per_floor":[117,128,82,97,59,87,87,112,187,198,226,226,238,250,250,346,346,366,393,169,169,183,211,211,244,269,269,289,301,328,342,342,437,437,450,450,461,29,42,69,19,19,88,135,166,166,166,27,27,27],"floor_reached":51,"playtime":2084,"items_purged":["Strike_R","Bash","Defend_R"],"score":977,"play_id":"a0e003cc-a784-4336-9bd8-675c7f8c9a3c","local_time":"20211206223607","is_ascension_mode":true,"campfire_choices":[{"data":"Juggernaut","floor":7.0,"key":"SMITH"},{"data":"Body Slam","floor":15.0,"key":"SMITH"},{"data":"True Grit","floor":24.0,"key":"SMITH"},{"data":"Corruption","floor":27.0,"key":"SMITH"},{"data":"Panacea","floor":32.0,"key":"SMITH"},{"data":"Feel No Pain","floor":42.0,"key":"SMITH"},{"data":"Offering","floor":49.0,"key":"SMITH"}],"neow_cost":"NONE","seed_source_timestamp":1371164890204600,"circlet_count":0,"master_deck":["Strike_R+1","Strike_R+1","Defend_R","Defend_R","Defend_R","Juggernaut+1","Shrug It Off","Feel No Pain+1","True Grit+1","Warcry","Metallicize","Warcry","Immolate","Body Slam+1","Corruption+1","Power Through","Hologram","Acrobatics+1","Panacea+1","Vault","True Grit","Madness","Protect+1","Concentrate+1","Dramatic Entrance","Madness","Madness","Offering+1"],"special_seed":0,"relics":["Burning Blood","FossilizedHelix","Whetstone","Self Forming Clay","Bottled Tornado","Black Star","Orichalcum","PrismaticShard","Ornamental Fan","Smiling Mask","Dream Catcher","Dead Branch","Vajra","Kunai","Nunchaku","Snecko Eye","Ancient Tea Set","Happy Flower","Bag of Marbles","Prayer Wheel","Sundial","Torii","Frozen Egg 2","Centennial Puzzle"],"potions_floor_usage":[50,50,50],"damage_taken":[{"damage":1.0,"enemies":"Cultist","floor":1.0,"turns":4.0},{"damage":2.0,"enemies":"Small Slimes","floor":2.0,"turns":4.0},{"damage":1.0,"enemies":"Jaw Worm","floor":4.0,"turns":5.0},{"damage":34.0,"enemies":"Gremlin Nob","floor":6.0,"turns":6.0},{"damage":0.0,"enemies":"3 Sentries","floor":8.0,"turns":5.0},{"damage":7.0,"enemies":"3 Louse","floor":10.0,"turns":3.0},{"damage":11.0,"enemies":"Gremlin Nob","floor":11.0,"turns":5.0},{"damage":1.0,"enemies":"Large Slime","floor":13.0,"turns":4.0},{"damage":0.0,"enemies":"Blue Slaver","floor":14.0,"turns":3.0},{"damage":4.0,"enemies":"The Guardian","floor":16.0,"turns":11.0},{"damage":9.0,"enemies":"3 Byrds","floor":18.0,"turns":5.0},{"damage":0.0,"enemies":"Chosen","floor":22.0,"turns":4.0},{"damage":11.0,"enemies":"Slavers","floor":23.0,"turns":7.0},{"damage":2.0,"enemies":"Gremlin Leader","floor":25.0,"turns":5.0},{"damage":4.0,"enemies":"Shelled Parasite and Fungi","floor":28.0,"turns":4.0},{"damage":0.0,"enemies":"Cultist and Chosen","floor":29.0,"turns":5.0},{"damage":0.0,"enemies":"Book of Stabbing","floor":30.0,"turns":3.0},{"damage":2.0,"enemies":"3 Cultists","floor":31.0,"turns":3.0},{"damage":10.0,"enemies":"Champ","floor":33.0,"turns":5.0},{"damage":0.0,"enemies":"Orb Walker","floor":35.0,"turns":2.0},{"damage":0.0,"enemies":"3 Darklings","floor":37.0,"turns":3.0},{"damage":0.0,"enemies":"Maw","floor":39.0,"turns":4.0},{"damage":0.0,"enemies":"Giant Head","floor":40.0,"turns":2.0},{"damage":0.0,"enemies":"2 Orb Walkers","floor":44.0,"turns":3.0},{"damage":0.0,"enemies":"Nemesis","floor":45.0,"turns":4.0},{"damage":32,"enemies":"Awakened One","floor":50,"turns":6}],"seed_played":"4428428262779440335","potions_obtained":[{"floor":1.0,"key":"PowerPotion"},{"floor":6.0,"key":"Block Potion"},{"floor":11.0,"key":"SpeedPotion"},{"floor":14.0,"key":"ElixirPotion"},{"floor":16.0,"key":"Fruit Juice"},{"floor":18.0,"key":"Swift Potion"},{"floor":22.0,"key":"Weak Potion"},{"floor":28.0,"key":"FairyPotion"},{"floor":29.0,"key":"DuplicationPotion"},{"floor":45.0,"key":"AttackPotion"}],"is_trial":false,"path_per_floor":["M","M","$","M","$","E","R","E","T","M","E","?","M","M","R","B",null,"M","T","$","?","M","E","R","E","T","R","M","M","E","M","R","B",null,"M","?","M","$","M","E","$","R","T","?","E","?","?","$","R","B",null],"character_chosen":"IRONCLAD","items_purchased":["True Grit","Metallicize","PrismaticShard","Ancient Tea Set","Happy Flower","Madness","Offering"],"campfire_rested":0,"item_purchase_floors":[3,5,20,38,38,38,48],"current_hp_per_floor":[80,80,80,80,80,52,52,58,58,57,52,52,57,63,63,70,85,82,82,82,82,85,80,80,84,84,84,85,85,85,85,85,81,85,85,85,85,85,85,85,85,85,85,85,85,85,74,74,74,48],"gold":27,"neow_bonus":"ONE_RANDOM_RARE_CARD","is_prod":false,"is_daily":false,"chose_seed":false,"campfire_upgraded":7,"win_rate":0,"timestamp":1638826567,"path_taken":["M","?","$","M","$","E","R","E","T","M","E","?","M","M","R","BOSS","M","?","$","?","M","E","R","E","T","R","M","M","E","M","R","BOSS","M","?","?","$","M","E","$","R","T","?","E","?","?","$","R","BOSS"],"build_version":"2020-12-22","purchased_purges":3,"victory":true,"max_hp_per_floor":[80,80,80,80,80,80,80,80,80,80,80,80,80,80,80,85,85,85,85,85,85,85,85,85,85,85,85,85,85,85,85,85,85,85,85,85,85,85,85,85,85,85,85,85,85,85,85,85,85,85],"card_choices":[{"not_picked":["Reckless Charge","Armaments"],"picked":"Shrug It Off","floor":1.0},{"not_picked":["Headbutt","Cleave"],"picked":"Feel No Pain","floor":2.0},{"not_picked":["Power Through","Clash"],"picked":"Warcry","floor":4.0},{"not_picked":["Heavy Blade","Brutality","Cleave"],"picked":"SKIP","floor":6.0},{"not_picked":["Clash","Brutality","Power Through"],"picked":"SKIP","floor":8.0},{"not_picked":["Twin Strike","Armaments"],"picked":"Warcry","floor":10.0},{"not_picked":["Twin Strike","Rampage","Evolve"],"picked":"SKIP","floor":11.0},{"not_picked":["Body Slam","Combust","Clothesline"],"picked":"SKIP","floor":13.0},{"not_picked":["Combust","Clothesline"],"picked":"Body Slam","floor":13.0},{"not_picked":["Clash","Reckless Charge","Spot Weakness"],"picked":"SKIP","floor":14.0},{"not_picked":["Reaper","Fiend Fire"],"picked":"Corruption","floor":16.0},{"not_picked":["Cleave","Clothesline","Spot Weakness"],"picked":"SKIP","floor":18.0},{"not_picked":["Iron Wave","Rampage+1","Cold Snap+1"],"picked":"SKIP","floor":22.0},{"not_picked":["Heavy Blade+1","Dark Shackles+1"],"picked":"Hologram","floor":23.0},{"not_picked":["Go for the Eyes","Ball Lightning+1","Eviscerate"],"picked":"SKIP","floor":25.0},{"not_picked":["Halt","Caltrops+1"],"picked":"Acrobatics+1","floor":28.0},{"not_picked":["Mind Blast","Leap+1","Evolve"],"picked":"SKIP","floor":29.0},{"not_picked":["Thunderclap+1","A Thousand Cuts","Anger"],"picked":"SKIP","floor":30.0},{"not_picked":["Prepared+1","Meditate"],"picked":"Panacea","floor":31.0},{"not_picked":["Immolate","Hyperbeam"],"picked":"Vault","floor":33.0},{"not_picked":["Rebound","Crescendo","Armaments"],"picked":"SKIP","floor":35.0},{"not_picked":["Trip+1","DeceiveReality"],"picked":"True Grit","floor":37.0},{"not_picked":["WreathOfFlame+1","Stack+1"],"picked":"Protect+1","floor":39.0},{"not_picked":["CarveReality","Cold Snap+1"],"picked":"Concentrate+1","floor":40.0},{"not_picked":["FlyingSleeves","True Grit","Auto Shields"],"picked":"SKIP","floor":45.0},{"not_picked":["Metamorphosis","Mind Blast"],"picked":"Dramatic Entrance","floor":46.0}],"player_experience":1703051,"relics_obtained":[{"floor":6.0,"key":"FossilizedHelix"},{"floor":8.0,"key":"Whetstone"},{"floor":9.0,"key":"Self Forming Clay"},{"floor":11.0,"key":"Bottled Tornado"},{"floor":19.0,"key":"Orichalcum"},{"floor":23.0,"key":"Ornamental Fan"},{"floor":23.0,"key":"Smiling Mask"},{"floor":25.0,"key":"Dream Catcher"},{"floor":25.0,"key":"Dead Branch"},{"floor":26.0,"key":"Vajra"},{"floor":30.0,"key":"Kunai"},{"floor":30.0,"key":"Nunchaku"},{"floor":40.0,"key":"Bag of Marbles"},{"floor":40.0,"key":"Prayer Wheel"},{"floor":43.0,"key":"Sundial"},{"floor":44.0,"key":"Torii"},{"floor":45.0,"key":"Frozen Egg 2"},{"floor":45.0,"key":"Centennial Puzzle"}],"event_choices":[{"damage_healed":0.0,"max_hp_gain":0.0,"max_hp_loss":0.0,"gold_gain":0.0,"event_name":"Match and Keep!","player_choice":"1 cards matched","floor":12.0,"gold_loss":0.0,"damage_taken":0.0,"cards_obtained":["Immolate"]},{"damage_healed":0.0,"max_hp_gain":0.0,"max_hp_loss":0.0,"gold_gain":0.0,"cards_transformed":["Strike_R"],"event_name":"Transmorgrifier","player_choice":"Transformed","floor":21.0,"gold_loss":0.0,"damage_taken":0.0,"cards_obtained":["Power Through"]},{"cards_removed":["Strike_R"],"damage_healed":0.0,"max_hp_gain":0.0,"max_hp_loss":0.0,"gold_gain":0.0,"event_name":"Bonfire Elementals","player_choice":"Offered Basic","floor":36.0,"gold_loss":0.0,"damage_taken":0.0},{"damage_healed":0.0,"max_hp_gain":0.0,"max_hp_loss":0.0,"gold_gain":0.0,"event_name":"Mysterious Sphere","player_choice":"Fight","floor":44.0,"gold_loss":0.0,"damage_taken":0.0},{"damage_healed":0.0,"max_hp_gain":0.0,"max_hp_loss":0.0,"gold_gain":0.0,"event_name":"SensoryStone","player_choice":"Memory 1","floor":46.0,"gold_loss":0.0,"damage_taken":0.0},{"damage_healed":0.0,"max_hp_gain":0.0,"max_hp_loss":0.0,"gold_gain":0.0,"event_name":"Winding Halls","player_choice":"Embrace Madness","floor":47.0,"gold_loss":0.0,"damage_taken":11.0,"cards_obtained":["Madness","Madness"]}],"is_beta":false,"boss_relics":[{"not_picked":["Busted Crown","Astrolabe"],"picked":"Black Star"},{"not_picked":["Pandora\u0027s Box","Runic Pyramid"],"picked":"Snecko Eye"}],"items_purged_floors":[20,38,41],"is_endless":false,"potions_floor_spawned":[1,6,11,14,16,18,22,28,29,33,37,39,45],"ascension_level":1}