{"gold_per_floor":[113,125,125,125,138,63,63,74,99,113,13,0],"floor_reached":12,"playtime":195,"items_purged":["Strike_R","Strike_R"],"score":70,"play_id":"216dc03b-9774-419f-8afa-1f64f914907c","local_time":"20211129222507","is_ascension_mode":false,"campfire_choices":[{"data":"True Grit","floor":7,"key":"SMITH"}],"neow_cost":"NONE","seed_source_timestamp":767693318409400,"circlet_count":0,"master_deck":["Strike_R","Strike_R","Strike_R+1","Defend_R","Defend_R","Defend_R","Defend_R+1","Bash","Second Wind","Second Wind","True Grit+1"],"special_seed":0,"relics":["Burning Blood","NeowsBlessing","Nunchaku"],"potions_floor_usage":[],"damage_taken":[{"damage":0,"enemies":"2 Louse","floor":1,"turns":1},{"damage":0,"enemies":"Jaw Worm","floor":2,"turns":1},{"damage":0,"enemies":"Cultist","floor":5,"turns":1},{"damage":14,"enemies":"3 Louse","floor":8,"turns":4},{"damage":4,"enemies":"Blue Slaver","floor":10,"turns":4},{"damage":10,"enemies":"Looter","floor":12,"turns":5}],"seed_played":"-5371798579603310717","potions_obtained":[{"floor":1,"key":"PowerPotion"},{"floor":5,"key":"Fire Potion"},{"floor":10,"key":"GamblersBrew"}],"is_trial":false,"path_per_floor":["M","M","?","?","M","$","R","M","T","M","$","M"],"character_chosen":"IRONCLAD","items_purchased":[],"campfire_rested":0,"item_purchase_floors":[],"current_hp_per_floor":[80,80,80,64,70,70,70,62,62,64,64,60],"gold":0,"neow_bonus":"THREE_ENEMY_KILL","is_prod":false,"is_daily":false,"chose_seed":false,"campfire_upgraded":1,"win_rate":0,"timestamp":1638221107,"path_taken":["M","M","?","?","M","?","R","M","T","M","$","M"],"build_version":"2020-12-22","purchased_purges":2,"victory":false,"max_hp_per_floor":[80,80,80,80,80,80,80,80,80,80,80,80],"card_choices":[{"not_picked":["Inflame","Bloodletting"],"picked":"Second Wind","floor":1},{"not_picked":["Clash","Thunderclap"],"picked":"Second Wind","floor":2},{"not_picked":["Heavy Blade","Dropkick"],"picked":"True Grit","floor":5},{"not_picked":["Hemokinesis","Sword Boomerang","Heavy Blade"],"picked":"SKIP","floor":8},{"not_picked":["Searing Blow","Anger","Dark Embrace"],"picked":"SKIP","floor":10}],"player_experience":1682331,"relics_obtained":[{"floor":9,"key":"Nunchaku"}],"event_choices":[{"damage_healed":0,"gold_gain":0,"player_choice":"Ignored","damage_taken":0,"max_hp_gain":0,"max_hp_loss":0,"event_name":"Liars Game","floor":3,"gold_loss":0},{"damage_healed":0,"gold_gain":0,"player_choice":"Entered Light","damage_taken":16,"max_hp_gain":0,"max_hp_loss":0,"event_name":"Shining Light","floor":4,"gold_loss":0,"cards_upgraded":["Strike_R","Defend_R"]}],"is_beta":false,"boss_relics":[],"items_purged_floors":[6,11],"is_endless":false,"potions_floor_spawned":[1,5,10],"killed_by":"Looter","ascension_level":0}