{"gold_per_floor":[116,36,36,36,56,56,85,85,85,85,35,52,52,52,64,178,190,222,234,259,287,299,311],"floor_reached":23,"playtime":514,"items_purged":[],"score":196,"play_id":"211282f7-0a99-49fa-ace6-adcd5c7c9aa9","local_time":"20211206233900","is_ascension_mode":true,"campfire_choices":[{"data":"Limit Break","floor":6,"key":"SMITH"},{"data":"Spot Weakness","floor":8,"key":"SMITH"},{"data":"Defend_R","floor":10,"key":"PURGE"},{"data":"Feel No Pain","floor":15,"key":"PURGE"}],"neow_cost":"NONE","seed_source_timestamp":1376643182359100,"circlet_count":0,"master_deck":["Strike_R","Strike_R","Strike_R","Defend_R","Defend_R","Shrug It Off","Limit Break+1","Spot Weakness+1","Feed","Pommel Strike","Writhe","Seeing Red+1","Pommel Strike"],"relics":["Runic Dome","Paper Frog","Peace Pipe","MawBank","Empty Cage","Letter Opener"],"potions_floor_usage":[7],"damage_taken":[{"damage":0,"enemies":"Small Slimes","floor":1,"turns":3},{"damage":1,"enemies":"2 Louse","floor":5,"turns":3},{"damage":9,"enemies":"3 Sentries","floor":7,"turns":7},{"damage":1,"enemies":"Jaw Worm","floor":12,"turns":4},{"damage":19,"enemies":"Hexaghost","floor":16,"turns":6},{"damage":16,"enemies":"Spheric Guardian","floor":18,"turns":4},{"damage":16,"enemies":"3 Byrds","floor":20,"turns":5},{"damage":23,"enemies":"3 Cultists","floor":21,"turns":4},{"damage":42,"enemies":"Slavers","floor":23,"turns":3}],"seed_played":"1408391662887155168","potions_obtained":[{"floor":5,"key":"SteroidPotion"}],"is_trial":false,"path_per_floor":["M","$","?","?","M","R","E","R","T","R","?","M","?","?","R","B",null,"M","?","M","M","?","E"],"character_chosen":"IRONCLAD","items_purchased":["Rupture"],"campfire_rested":0,"item_purchase_floors":[2],"current_hp_per_floor":[80,80,73,73,72,72,63,63,63,63,63,62,67,49,49,30,85,72,72,59,39,39,0],"gold":311,"neow_bonus":"BOSS_RELIC","is_prod":false,"is_daily":false,"chose_seed":false,"campfire_upgraded":2,"win_rate":0,"timestamp":1638830340,"path_taken":["M","$","?","?","M","R","E","R","T","R","?","?","?","?","R","BOSS","M","?","M","M","?","E"],"build_version":"2020-12-22","purchased_purges":0,"victory":false,"max_hp_per_floor":[80,80,80,80,80,80,80,80,80,80,80,80,85,85,85,85,85,88,88,91,94,94,94],"card_choices":[{"not_picked":["Havoc","Clothesline"],"picked":"Feel No Pain","floor":1},{"not_picked":["Ghostly Armor","Twin Strike"],"picked":"Limit Break","floor":5},{"not_picked":["Flex","Perfected Strike"],"picked":"Spot Weakness","floor":7},{"not_picked":["Second Wind","Disarm","Rage"],"picked":"SKIP","floor":12},{"not_picked":["Berserk","Immolate"],"picked":"Feed","floor":16},{"not_picked":["Armaments","Searing Blow"],"picked":"Pommel Strike","floor":18},{"not_picked":["Power Through","Rupture","Havoc"],"picked":"SKIP","floor":20},{"not_picked":["Flex+1","Sword Boomerang+1"],"picked":"Seeing Red+1","floor":21}],"player_experience":1708330,"relics_obtained":[{"floor":7,"key":"Paper Frog"},{"floor":9,"key":"Peace Pipe"}],"event_choices":[{"cards_removed":["Strike_R"],"damage_healed":0,"gold_gain":0,"player_choice":"Card Removal","damage_taken":7,"max_hp_gain":0,"max_hp_loss":0,"event_name":"Golden Wing","floor":3,"gold_loss":0},{"damage_healed":0,"gold_gain":0,"cards_transformed":["Strike_R"],"player_choice":"Change","damage_taken":0,"max_hp_gain":0,"max_hp_loss":0,"event_name":"Living Wall","floor":4,"gold_loss":0,"cards_obtained":["Shrug It Off"]},{"cards_removed":["Rupture"],"damage_healed":0,"gold_gain":0,"player_choice":"Card Removal","damage_taken":0,"max_hp_gain":0,"max_hp_loss":0,"event_name":"The Cleric","floor":11,"gold_loss":50},{"damage_healed":0,"gold_gain":0,"player_choice":"Donut","damage_taken":0,"max_hp_gain":5,"max_hp_loss":0,"event_name":"Big Fish","floor":13,"gold_loss":0},{"damage_healed":0,"gold_gain":0,"player_choice":"Success","damage_taken":18,"relics_obtained":["MawBank"],"max_hp_gain":0,"max_hp_loss":0,"event_name":"Scrap Ooze","floor":14,"gold_loss":0},{"damage_healed":0,"gold_gain":0,"player_choice":"Opened","damage_taken":0,"relics_obtained":["Letter Opener"],"max_hp_gain":0,"max_hp_loss":0,"event_name":"The Mausoleum","floor":19,"gold_loss":0,"cards_obtained":["Writhe"]},{"damage_healed":0,"gold_gain":0,"player_choice":"Copied","damage_taken":0,"max_hp_gain":0,"max_hp_loss":0,"event_name":"Duplicator","floor":22,"gold_loss":0,"cards_obtained":["Pommel Strike"]}],"is_beta":false,"boss_relics":[{"not_picked":["Velvet Choker","Coffee Dripper"],"picked":"Empty Cage"}],"items_purged_floors":[],"is_endless":false,"potions_floor_spawned":[5],"killed_by":"Slavers","ascension_level":1}