{"gold_per_floor":[109,119,45,62,62,95,20,20,20,20,20,56,56,75,75,201,201,215,314,314,365,392,435,447,489,555,587,599,625,669,134,134,236,236,252,252,307,332,207,207,221,240,240,251,283,301,151,170,170,170],"floor_reached":51,"playtime":1351,"items_purged":["Strike_R","Strike_R","Strike_R","Strike_R"],"score":955,"play_id":"b82e78bb-6699-49c9-9757-aa20828d6df1","local_time":"20211206225908","is_ascension_mode":true,"campfire_choices":[{"data":"Inflame","floor":8,"key":"SMITH"},{"data":"Sword Boomerang","floor":15,"key":"SMITH"},{"data":"Feed","floor":24,"key":"SMITH"},{"data":"Hemokinesis","floor":28,"key":"SMITH"},{"data":"Defend_R","floor":32,"key":"SMITH"},{"floor":40,"key":"RECALL"},{"data":"Feed+1","floor":49,"key":"PURGE"}],"neow_cost":"TEN_PERCENT_HP_LOSS","seed_source_timestamp":1373407102269400,"circlet_count":0,"master_deck":["Defend_R+1","Defend_R+1","Defend_R+1","Bash+1","Hemokinesis+1","Inflame+1","Sword Boomerang+1","Sword Boomerang+1"],"relics":["Black Blood","Potion Belt","Matryoshka","MealTicket","Lantern","Red Skull","Bloody Idol","Tiny Chest","MawBank","PreservedInsect","Akabeko","Letter Opener","Orichalcum","Oddly Smooth Stone","Juzu Bracelet","HandDrill","Busted Crown","Ginger","War Paint","Omamori","Peace Pipe"],"potions_floor_usage":[6,16,18,22,23,23,30,33,33,42,50,50,50,50],"damage_taken":[{"damage":3,"enemies":"Jaw Worm","floor":1,"turns":4},{"damage":1,"enemies":"Cultist","floor":2,"turns":4},{"damage":2,"enemies":"2 Louse","floor":4,"turns":3},{"damage":42,"enemies":"3 Sentries","floor":6,"turns":9},{"damage":8,"enemies":"Gremlin Nob","floor":12,"turns":3},{"damage":2,"enemies":"Exordium Thugs","floor":14,"turns":3},{"damage":4,"enemies":"Slime Boss","floor":16,"turns":6},{"damage":14,"enemies":"Shell Parasite","floor":18,"turns":3},{"damage":12,"enemies":"3 Byrds","floor":22,"turns":4},{"damage":30,"enemies":"Book of Stabbing","floor":23,"turns":4},{"damage":27,"enemies":"Gremlin Leader","floor":25,"turns":4},{"damage":20,"enemies":"Centurion and Healer","floor":27,"turns":4},{"damage":2,"enemies":"Snecko","floor":29,"turns":2},{"damage":16,"enemies":"Slavers","floor":30,"turns":3},{"damage":91,"enemies":"Champ","floor":33,"turns":8},{"damage":19,"enemies":"3 Darklings","floor":35,"turns":3},{"damage":45,"enemies":"2 Orb Walkers","floor":37,"turns":3},{"damage":17,"enemies":"Orb Walker","floor":41,"turns":5},{"damage":2,"enemies":"Spire Growth","floor":42,"turns":2},{"damage":30,"enemies":"Sphere and 2 Shapes","floor":44,"turns":4},{"damage":16,"enemies":"Giant Head","floor":45,"turns":6},{"damage":39,"enemies":"4 Shapes","floor":46,"turns":9},{"damage":2,"enemies":"Transient","floor":48,"turns":5},{"damage":92,"enemies":"Donu and Deca","floor":50,"turns":10}],"seed_played":"-5049176378475892829","potions_obtained":[{"floor":6,"key":"Fruit Juice"},{"floor":12,"key":"EntropicBrew"},{"floor":18,"key":"BlessingOfTheForge"},{"floor":29,"key":"AttackPotion"},{"floor":30,"key":"SneckoOil"},{"floor":35,"key":"PowerPotion"},{"floor":37,"key":"BlessingOfTheForge"},{"floor":46,"key":"DistilledChaos"}],"is_trial":false,"path_per_floor":["M","M","?","M","T","E","$","R","T","?","?","E","$","M","R","B",null,"M","?","?","T","M","E","R","E","T","M","R","M","E","$","R","B",null,"M","?","?","T","$","R","M","M","T","M","E","M","$","M","R","B",null],"character_chosen":"IRONCLAD","items_purchased":["Juzu Bracelet","HandDrill","HeartOfIron","Fire Potion"],"campfire_rested":0,"item_purchase_floors":[31,31,31,31],"current_hp_per_floor":[72,72,72,72,72,41,56,56,56,37,37,35,50,54,54,56,77,78,78,78,80,80,67,72,71,81,81,84,88,92,92,92,36,92,90,90,62,67,82,82,86,100,100,91,96,78,93,108,108,28],"gold":170,"neow_bonus":"REMOVE_TWO","is_prod":false,"is_daily":false,"chose_seed":false,"campfire_upgraded":5,"win_rate":0,"timestamp":1638827948,"path_taken":["M","M","?","?","?","E","$","R","T","?","?","E","$","?","R","BOSS","M","?","?","?","M","E","R","E","T","M","R","?","E","$","R","BOSS","M","?","?","?","$","R","M","M","T","M","E","M","$","M","R","BOSS"],"build_version":"2020-12-22","purchased_purges":4,"victory":true,"max_hp_per_floor":[72,72,72,72,72,77,77,77,77,77,77,77,77,77,77,77,77,80,80,80,80,80,80,80,84,84,84,84,88,92,92,92,92,92,92,92,92,92,92,92,96,100,100,104,108,112,112,112,112,112],"card_choices":[{"not_picked":["Anger","Twin Strike","Warcry"],"picked":"SKIP","floor":1},{"not_picked":["Battle Trance","Anger","Flex"],"picked":"SKIP","floor":2},{"not_picked":["Sword Boomerang","Fire Breathing"],"picked":"Hemokinesis","floor":4},{"not_picked":["Havoc","Sword Boomerang"],"picked":"Inflame","floor":6},{"not_picked":["Anger","Clothesline"],"picked":"Sword Boomerang","floor":12},{"not_picked":["True Grit","Warcry","Flex"],"picked":"SKIP","floor":14},{"not_picked":["Limit Break","Double Tap"],"picked":"Feed","floor":16},{"not_picked":["Pummel","Second Wind","True Grit+1"],"picked":"SKIP","floor":18},{"not_picked":["Seeing Red","Shrug It Off","Headbutt+1"],"picked":"SKIP","floor":22},{"not_picked":["Uppercut","Rage","Shockwave+1"],"picked":"SKIP","floor":23},{"not_picked":["Reaper","Iron Wave+1"],"picked":"Sword Boomerang+1","floor":25},{"not_picked":["Infernal Blade","Body Slam","Sentinel"],"picked":"SKIP","floor":27},{"not_picked":["Warcry","Disarm","Rampage"],"picked":"SKIP","floor":29},{"not_picked":["Rampage+1","Heavy Blade","Seeing Red"],"picked":"SKIP","floor":30},{"not_picked":["Power Through"],"picked":"SKIP","floor":35},{"not_picked":["Hemokinesis+1"],"picked":"SKIP","floor":41},{"not_picked":["Clothesline+1"],"picked":"SKIP","floor":42},{"not_picked":["Sword Boomerang+1"],"picked":"SKIP","floor":44},{"not_picked":["Thunderclap+1"],"picked":"SKIP","floor":45},{"not_picked":["Wild Strike+1"],"picked":"SKIP","floor":46},{"not_picked":["Perfected Strike+1"],"picked":"SKIP","floor":48}],"player_experience":1705135,"relics_obtained":[{"floor":5,"key":"Matryoshka"},{"floor":6,"key":"MealTicket"},{"floor":9,"key":"Lantern"},{"floor":9,"key":"Red Skull"},{"floor":12,"key":"Tiny Chest"},{"floor":21,"key":"MawBank"},{"floor":21,"key":"PreservedInsect"},{"floor":23,"key":"Akabeko"},{"floor":25,"key":"Letter Opener"},{"floor":26,"key":"Orichalcum"},{"floor":30,"key":"Oddly Smooth Stone"},{"floor":37,"key":"Ginger"},{"floor":38,"key":"War Paint"},{"floor":43,"key":"Omamori"},{"floor":45,"key":"Peace Pipe"}],"event_choices":[{"damage_healed":0,"gold_gain":0,"player_choice":"Paid Gold","damage_taken":0,"relics_obtained":["Potion Belt"],"max_hp_gain":0,"max_hp_loss":0,"event_name":"WeMeetAgain","floor":3,"gold_loss":74},{"damage_healed":0,"gold_gain":0,"player_choice":"Take Damage","damage_taken":19,"relics_obtained":["Golden Idol"],"max_hp_gain":0,"max_hp_loss":0,"event_name":"Golden Idol","floor":10,"gold_loss":0},{"damage_healed":0,"gold_gain":0,"player_choice":"Forge","damage_taken":0,"max_hp_gain":0,"max_hp_loss":0,"event_name":"Accursed Blacksmith","floor":11,"gold_loss":0,"cards_upgraded":["Bash"]},{"damage_healed":0,"gold_gain":99,"player_choice":"Stole From Cult","damage_taken":0,"max_hp_gain":0,"max_hp_loss":0,"event_name":"Nest","floor":19,"gold_loss":0},{"damage_healed":0,"gold_gain":0,"player_choice":"Gave Idol","damage_taken":0,"relics_obtained":["Bloody Idol"],"max_hp_gain":0,"max_hp_loss":0,"event_name":"Forgotten Altar","floor":20,"relics_lost":["Golden Idol"],"gold_loss":0},{"damage_healed":0,"gold_gain":0,"player_choice":"Ignored","damage_taken":0,"max_hp_gain":0,"max_hp_loss":0,"event_name":"Tomb of Lord Red Mask","floor":36,"gold_loss":0},{"damage_healed":0,"gold_gain":0,"player_choice":"Fight","damage_taken":0,"max_hp_gain":0,"max_hp_loss":0,"event_name":"Mysterious Sphere","floor":37,"gold_loss":0}],"is_beta":false,"boss_relics":[{"not_picked":["Runic Dome","Pandora\u0027s Box"],"picked":"Black Blood"},{"not_picked":["Runic Cube","Black Star"],"picked":"Busted Crown"}],"items_purged_floors":[7,31,39,47],"is_endless":false,"potions_floor_spawned":[6,12,18,29,30,35,37,46],"ascension_level":1}