{"gold_per_floor":[116,116,48,48,67,93,93,126,126,126,159,159,192,206,206,309,309,331,340,349,274,289,330,330,356,380,397,406,406,418,429,429,526,526,540,552,234,250,250,282,282,320,320,320,64,123,139,158,158,158],"floor_reached":51,"playtime":1319,"items_purged":["Strike_R"],"score":885,"play_id":"5685a0f6-ce00-405b-af06-e61c6f322824","local_time":"20211205223703","is_ascension_mode":true,"campfire_choices":[{"data":"Heavy Blade","floor":10,"key":"SMITH"},{"floor":12,"key":"REST"},{"data":"Uppercut","floor":15,"key":"SMITH"},{"floor":24,"key":"REST"},{"floor":29,"key":"REST"},{"floor":32,"key":"REST"},{"floor":41,"key":"REST"},{"data":"1","floor":49,"key":"LIFT"}],"neow_cost":"NONE","seed_source_timestamp":1285710196065100,"circlet_count":0,"master_deck":["Strike_R","Strike_R","Strike_R","Defend_R","Defend_R","Defend_R","Defend_R","Bash","Uppercut+1","Inflame+1","Heavy Blade+1","Shrug It Off","CurseOfTheBell","Rampage+1","J.A.X.","Inflame+1","Offering","Havoc+1","Rupture+1"],"relics":["Busted Crown","Blue Candle","Frozen Egg 2","Dream Catcher","Strawberry","Regal Pillow","Calling Bell","CeramicFish","StrikeDummy","FossilizedHelix","Omamori","Orichalcum","Eternal Feather","Red Skull","Cursed Key","Self Forming Clay","Incense Burner","Bag of Marbles","Letter Opener","Bottled Flame","Girya"],"potions_floor_usage":[13,16,22,31,33,33,50,50,50],"damage_taken":[{"damage":0,"enemies":"Small Slimes","floor":1,"turns":2},{"damage":0,"enemies":"Cultist","floor":5,"turns":3},{"damage":21,"enemies":"Lagavulin","floor":6,"turns":5},{"damage":11,"enemies":"Gremlin Nob","floor":8,"turns":3},{"damage":16,"enemies":"Lagavulin","floor":11,"turns":5},{"damage":19,"enemies":"3 Sentries","floor":13,"turns":6},{"damage":3,"enemies":"2 Louse","floor":14,"turns":3},{"damage":21,"enemies":"Hexaghost","floor":16,"turns":6},{"damage":15,"enemies":"2 Thieves","floor":18,"turns":3},{"damage":5,"enemies":"3 Byrds","floor":22,"turns":5},{"damage":47,"enemies":"Book of Stabbing","floor":23,"turns":5},{"damage":34,"enemies":"Slavers","floor":25,"turns":5},{"damage":14,"enemies":"Centurion and Healer","floor":27,"turns":3},{"damage":18,"enemies":"3 Cultists","floor":30,"turns":5},{"damage":9,"enemies":"Sentry and Sphere","floor":31,"turns":3},{"damage":15,"enemies":"Champ","floor":33,"turns":7},{"damage":0,"enemies":"Orb Walker","floor":35,"turns":2},{"damage":23,"enemies":"3 Darklings","floor":36,"turns":4},{"damage":21,"enemies":"Maw","floor":38,"turns":5},{"damage":3,"enemies":"Nemesis","floor":40,"turns":3},{"damage":28,"enemies":"Giant Head","floor":42,"turns":6},{"damage":13,"enemies":"Mind Bloom Boss Battle","floor":46,"turns":4},{"damage":2,"enemies":"4 Shapes","floor":47,"turns":7},{"damage":5,"enemies":"Jaw Worm Horde","floor":48,"turns":3},{"damage":25,"enemies":"Awakened One","floor":50,"turns":5}],"seed_played":"1503016602155004948","potions_obtained":[{"floor":1,"key":"EssenceOfSteel"},{"floor":5,"key":"Strength Potion"},{"floor":6,"key":"BlessingOfTheForge"},{"floor":18,"key":"DistilledChaos"},{"floor":23,"key":"DuplicationPotion"},{"floor":30,"key":"LiquidMemories"},{"floor":35,"key":"AttackPotion"},{"floor":38,"key":"HeartOfIron"},{"floor":46,"key":"FearPotion"}],"is_trial":false,"path_per_floor":["M","?","$","?","M","E","?","E","T","R","E","R","E","M","R","B",null,"M","?","?","?","M","E","R","E","T","M","?","R","M","M","R","B",null,"M","M","$","M","?","E","R","E","T","?","$","?","M","M","R","B",null],"character_chosen":"IRONCLAD","items_purchased":["Inflame","Self Forming Clay","Bottled Flame"],"campfire_rested":5,"item_purchase_floors":[3,37,45],"current_hp_per_floor":[80,80,80,80,80,59,59,48,48,48,39,65,46,43,43,22,87,72,72,72,72,67,20,61,27,27,13,13,63,45,36,86,71,87,87,64,64,43,43,40,87,59,59,59,59,46,44,39,48,23],"gold":158,"neow_bonus":"BOSS_RELIC","is_prod":false,"is_daily":false,"chose_seed":false,"campfire_upgraded":2,"win_rate":0,"timestamp":1638740223,"path_taken":["M","?","?","?","M","E","?","E","T","R","E","R","E","?","R","BOSS","M","?","?","?","M","E","R","E","T","?","?","R","?","M","R","BOSS","M","M","$","M","?","E","R","E","T","?","?","?","?","M","R","BOSS"],"build_version":"2020-12-22","purchased_purges":1,"victory":true,"max_hp_per_floor":[80,80,80,80,80,80,80,80,80,80,87,87,87,87,87,87,87,87,87,87,87,87,87,87,87,87,87,87,87,87,87,87,87,87,87,87,87,87,87,87,87,87,87,87,87,87,87,87,87,87],"card_choices":[{"not_picked":[],"picked":"Uppercut","floor":1},{"not_picked":["Clash"],"picked":"SKIP","floor":5},{"not_picked":[],"picked":"Heavy Blade","floor":6},{"not_picked":[],"picked":"Shrug It Off","floor":8},{"not_picked":["Flex"],"picked":"SKIP","floor":11},{"not_picked":["Rupture+1"],"picked":"SKIP","floor":13},{"not_picked":["Thunderclap"],"picked":"SKIP","floor":14},{"not_picked":[],"picked":"Corruption+1","floor":16},{"not_picked":[],"picked":"Rampage+1","floor":18},{"not_picked":["Perfected Strike"],"picked":"SKIP","floor":22},{"not_picked":[],"picked":"Inflame+1","floor":23},{"not_picked":["Clothesline+1"],"picked":"SKIP","floor":25},{"not_picked":["Fire Breathing+1"],"picked":"SKIP","floor":27},{"not_picked":["Dropkick+1"],"picked":"SKIP","floor":30},{"not_picked":["Clash+1"],"picked":"SKIP","floor":31},{"not_picked":["Fire Breathing+1"],"picked":"SKIP","floor":35},{"not_picked":["Armaments+1"],"picked":"SKIP","floor":36},{"not_picked":["Anger"],"picked":"SKIP","floor":38},{"not_picked":["Fire Breathing+1"],"picked":"SKIP","floor":40},{"not_picked":[],"picked":"Havoc+1","floor":42},{"not_picked":[],"picked":"Rupture+1","floor":46},{"not_picked":["Flex"],"picked":"SKIP","floor":47},{"not_picked":["Perfected Strike"],"picked":"SKIP","floor":48}],"player_experience":1698708,"relics_obtained":[{"floor":6,"key":"Blue Candle"},{"floor":8,"key":"Frozen Egg 2"},{"floor":9,"key":"Dream Catcher"},{"floor":11,"key":"Strawberry"},{"floor":13,"key":"Regal Pillow"},{"floor":17,"key":"CeramicFish"},{"floor":17,"key":"StrikeDummy"},{"floor":17,"key":"FossilizedHelix"},{"floor":23,"key":"Orichalcum"},{"floor":25,"key":"Eternal Feather"},{"floor":26,"key":"Red Skull"},{"floor":40,"key":"Incense Burner"},{"floor":42,"key":"Bag of Marbles"},{"floor":43,"key":"Letter Opener"},{"floor":46,"key":"Girya"}],"event_choices":[{"damage_healed":0,"gold_gain":0,"player_choice":"Ignored","damage_taken":0,"max_hp_gain":0,"max_hp_loss":0,"event_name":"NoteForYourself","floor":2,"gold_loss":0},{"damage_healed":0,"gold_gain":0,"player_choice":"Leave","damage_taken":0,"max_hp_gain":0,"max_hp_loss":0,"event_name":"The Cleric","floor":4,"gold_loss":0},{"damage_healed":0,"gold_gain":0,"player_choice":"Forge","damage_taken":0,"max_hp_gain":0,"max_hp_loss":0,"event_name":"Accursed Blacksmith","floor":7,"gold_loss":0,"cards_upgraded":["Inflame"]},{"damage_healed":0,"gold_gain":0,"player_choice":"Opened","damage_taken":0,"relics_obtained":["Omamori"],"max_hp_gain":0,"max_hp_loss":0,"event_name":"The Mausoleum","floor":19,"gold_loss":0,"cards_obtained":["Writhe"]},{"damage_healed":0,"gold_gain":0,"player_choice":"Obtain J.A.X.","damage_taken":0,"max_hp_gain":0,"max_hp_loss":0,"event_name":"Drug Dealer","floor":20,"gold_loss":0,"cards_obtained":["J.A.X."]},{"cards_removed":["Writhe"],"damage_healed":0,"gold_gain":0,"player_choice":"Gave Gold","damage_taken":0,"max_hp_gain":0,"max_hp_loss":0,"event_name":"Beggar","floor":21,"gold_loss":75},{"damage_healed":0,"gold_gain":0,"cards_transformed":["Strike_R"],"player_choice":"Transformed","damage_taken":0,"max_hp_gain":0,"max_hp_loss":0,"event_name":"Transmorgrifier","floor":28,"gold_loss":0,"cards_obtained":["Offering"]},{"cards_removed":["Corruption"],"damage_healed":0,"gold_gain":0,"player_choice":"Removed Power","damage_taken":0,"max_hp_gain":0,"max_hp_loss":0,"event_name":"Falling","floor":39,"gold_loss":0},{"damage_healed":0,"gold_gain":0,"player_choice":"Ignored","damage_taken":0,"max_hp_gain":0,"max_hp_loss":0,"event_name":"Tomb of Lord Red Mask","floor":44,"gold_loss":0},{"damage_healed":0,"gold_gain":0,"player_choice":"Fight","damage_taken":0,"max_hp_gain":0,"max_hp_loss":0,"event_name":"MindBloom","floor":46,"gold_loss":0}],"is_beta":false,"boss_relics":[{"not_picked":["Velvet Choker","Philosopher\u0027s Stone"],"picked":"Calling Bell"},{"not_picked":["Sozu","Coffee Dripper"],"picked":"Cursed Key"}],"items_purged_floors":[37],"is_endless":false,"potions_floor_spawned":[1,5,6,18,23,30,35,38,46],"ascension_level":1}