{"gold_per_floor":[115,115,132,132,151,177,31,62,62,62,72,83,83,116,116,219,219,230,230,250,250,267,297,309,340,411,442,442,460,460,479,479,578,578,596,596,642,642,245,245,275,275,275,275,300,320,96,121,121,121],"floor_reached":51,"playtime":1831,"items_purged":["Strike_R"],"score":1003,"play_id":"9060575e-17ac-4543-8203-ae5b2ee582fe","local_time":"20211204171915","is_ascension_mode":true,"campfire_choices":[{"data":"Searing Blow+1","floor":10.0,"key":"SMITH"},{"data":"Searing Blow+2","floor":13.0,"key":"SMITH"},{"data":"Searing Blow+3","floor":15.0,"key":"SMITH"},{"data":"Searing Blow+4","floor":28.0,"key":"SMITH"},{"data":"Searing Blow+5","floor":30.0,"key":"SMITH"},{"data":"Searing Blow+6","floor":32.0,"key":"SMITH"},{"data":"Inflame","floor":40.0,"key":"SMITH"},{"data":"Searing Blow+7","floor":42,"key":"SMITH"},{"data":"Searing Blow+8","floor":44,"key":"SMITH"},{"data":"Searing Blow+9","floor":49,"key":"SMITH"}],"neow_cost":"NONE","seed_source_timestamp":0,"circlet_count":0,"master_deck":["Strike_R","Defend_R","Defend_R","Defend_R","Bash","Sentinel","Clothesline","Flame Barrier","Berserk","Searing Blow+9","Pommel Strike+1","Shrug It Off","Corruption","CurseOfTheBell","Shrug It Off+1","Heavy Blade+1","True Grit+1","Flex+1","Battle Trance+1","Offering+1","Inflame+1","Thunderclap+1","Limit Break+1","Carnage+1","Brutality+1","Dark Embrace+1","Inflame+1","Rupture+1","Madness+1","Madness+1","Sentinel+1","Impervious+1","Seeing Red+1","Armaments+1","Dropkick+1","Inflame+1","Searing Blow+10"],"special_seed":0,"relics":["Burning Blood","NeowsBlessing","Happy Flower","Molten Egg 2","Red Skull","MealTicket","Nunchaku","White Beast Statue","Calling Bell","Omamori","Blue Candle","Champion Belt","Enchiridion","Toxic Egg 2","Potion Belt","Meat on the Bone","Ornamental Fan","Astrolabe","Prayer Wheel","Paper Frog","StrikeDummy","Letter Opener","Dream Catcher","DollysMirror","Mango"],"potions_floor_usage":[41,45,50,50,50,50],"damage_taken":[{"damage":0.0,"enemies":"Cultist","floor":1.0,"turns":1.0},{"damage":0.0,"enemies":"2 Louse","floor":3.0,"turns":1.0},{"damage":0.0,"enemies":"Jaw Worm","floor":5.0,"turns":1.0},{"damage":24.0,"enemies":"3 Sentries","floor":6.0,"turns":14.0},{"damage":41.0,"enemies":"Gremlin Nob","floor":8.0,"turns":5.0},{"damage":1.0,"enemies":"2 Fungi Beasts","floor":11.0,"turns":2.0},{"damage":2.0,"enemies":"Red Slaver","floor":12.0,"turns":3.0},{"damage":0.0,"enemies":"3 Sentries","floor":14.0,"turns":6.0},{"damage":46.0,"enemies":"The Guardian","floor":16.0,"turns":12.0},{"damage":0.0,"enemies":"Chosen","floor":18.0,"turns":5.0},{"damage":0.0,"enemies":"Spheric Guardian","floor":20.0,"turns":3.0},{"damage":17.0,"enemies":"Centurion and Healer","floor":22.0,"turns":7.0},{"damage":37.0,"enemies":"Gremlin Leader","floor":23.0,"turns":7.0},{"damage":12.0,"enemies":"Snake Plant","floor":24.0,"turns":4.0},{"damage":11.0,"enemies":"Book of Stabbing","floor":25.0,"turns":5.0},{"damage":8.0,"enemies":"Slavers","floor":27.0,"turns":3.0},{"damage":6.0,"enemies":"Snecko","floor":29.0,"turns":2.0},{"damage":19.0,"enemies":"3 Cultists","floor":31.0,"turns":4.0},{"damage":78.0,"enemies":"Automaton","floor":33.0,"turns":12.0},{"damage":5.0,"enemies":"Orb Walker","floor":35.0,"turns":2.0},{"damage":15.0,"enemies":"2 Orb Walkers","floor":37.0,"turns":3.0},{"damage":19,"enemies":"Reptomancer","floor":41,"turns":4},{"damage":8,"enemies":"Nemesis","floor":45,"turns":3},{"damage":7,"enemies":"3 Shapes","floor":46,"turns":2},{"damage":18,"enemies":"Giant Head","floor":48,"turns":5},{"damage":28,"enemies":"Awakened One","floor":50,"turns":6}],"seed_played":"2153963358324908347","potions_obtained":[{"floor":1.0,"key":"AttackPotion"},{"floor":4.0,"key":"DistilledChaos"},{"floor":4.0,"key":"BloodPotion"},{"floor":11.0,"key":"FearPotion"},{"floor":14.0,"key":"SpeedPotion"},{"floor":16.0,"key":"Dexterity Potion"},{"floor":18.0,"key":"AttackPotion"},{"floor":20.0,"key":"PowerPotion"},{"floor":22.0,"key":"FairyPotion"},{"floor":25.0,"key":"AttackPotion"},{"floor":27.0,"key":"Swift Potion"},{"floor":29.0,"key":"SneckoOil"},{"floor":31.0,"key":"ColorlessPotion"},{"floor":33.0,"key":"FearPotion"},{"floor":35.0,"key":"Dexterity Potion"},{"floor":37.0,"key":"Weak Potion"},{"floor":41,"key":"ElixirPotion"},{"floor":45,"key":"LiquidMemories"},{"floor":46,"key":"Energy Potion"},{"floor":48,"key":"Block Potion"}],"is_trial":false,"path_per_floor":["M","?","M","?","M","E","$","E","T","R","M","M","R","E","R","B",null,"M","?","M","?","M","E","M","E","T","E","R","M","R","M","R","B",null,"M","?","?","?","$","R","E","R","T","R","E","M","$","E","R","B",null],"character_chosen":"IRONCLAD","items_purchased":["Red Skull","Paper Frog","Sentinel+1","Impervious+1","DollysMirror"],"campfire_rested":0,"item_purchase_floors":[7,39,39,39,47],"current_hp_per_floor":[80,68,74,74,80,62,62,27,27,27,32,36,36,42,42,18,80,80,64,70,70,59,28,22,17,17,27,27,39,39,38,38,23,80,80,80,71,61,76,76,63,63,63,63,61,60,75,77,77,55],"gold":121,"neow_bonus":"THREE_ENEMY_KILL","is_prod":false,"is_daily":false,"chose_seed":false,"campfire_upgraded":10,"win_rate":0,"timestamp":1638634755,"path_taken":["M","?","M","?","?","E","$","E","T","R","M","M","R","E","R","BOSS","M","?","M","?","M","E","?","E","T","E","R","M","R","M","R","BOSS","M","?","?","?","$","R","E","R","T","R","E","M","$","E","R","BOSS"],"build_version":"2020-12-22","purchased_purges":1,"victory":true,"max_hp_per_floor":[80,80,80,80,80,80,80,80,80,80,80,80,80,80,80,80,80,80,80,80,80,80,80,80,80,80,80,80,80,80,80,80,80,80,80,80,80,80,80,80,80,80,80,80,80,80,80,94,94,94],"card_choices":[{"not_picked":["Shockwave","Headbutt"],"picked":"Sentinel","floor":1.0},{"not_picked":["Headbutt","Fire Breathing"],"picked":"Clothesline","floor":3.0},{"not_picked":["Whirlwind","Iron Wave"],"picked":"Flame Barrier","floor":5.0},{"not_picked":["Headbutt+1","Seeing Red"],"picked":"Berserk","floor":6.0},{"not_picked":["Havoc","Iron Wave+1"],"picked":"Searing Blow+1","floor":8.0},{"not_picked":["Perfected Strike+1","Armaments"],"picked":"Pommel Strike+1","floor":11.0},{"not_picked":["Headbutt+1","Body Slam+1"],"picked":"Shrug It Off","floor":12.0},{"not_picked":["Armaments","Cleave+1","Hemokinesis+1"],"picked":"SKIP","floor":14.0},{"not_picked":["Fiend Fire+1","Reaper+1"],"picked":"Corruption","floor":16.0},{"not_picked":["Wild Strike+1","Entrench","Evolve"],"picked":"SKIP","floor":18.0},{"not_picked":["Headbutt+1","Reckless Charge+1"],"picked":"Shrug It Off+1","floor":20.0},{"not_picked":["Cleave+1","Body Slam+1"],"picked":"Heavy Blade+1","floor":22.0},{"not_picked":["Power Through+1","Heavy Blade+1"],"picked":"True Grit+1","floor":23.0},{"not_picked":["Body Slam+1","Juggernaut"],"picked":"Flex+1","floor":24.0},{"not_picked":["Thunderclap+1","Body Slam+1"],"picked":"Battle Trance+1","floor":25.0},{"not_picked":["Rage+1","True Grit+1"],"picked":"Offering+1","floor":27.0},{"not_picked":["Power Through+1","Burning Pact+1"],"picked":"Inflame","floor":29.0},{"not_picked":["Seeing Red+1","Pommel Strike+1"],"picked":"Thunderclap+1","floor":31.0},{"not_picked":["Impervious+1","Demon Form"],"picked":"Limit Break+1","floor":33.0},{"not_picked":["Shrug It Off+1","Perfected Strike+1"],"picked":"Inflame+1","floor":35.0},{"not_picked":["Shockwave+1","Power Through+1"],"picked":"Rupture+1","floor":37.0},{"not_picked":["Ghostly Armor+1","Searing Blow+1"],"picked":"Seeing Red+1","floor":41},{"not_picked":["Heavy Blade+1","Rampage+1"],"picked":"Armaments+1","floor":45},{"not_picked":["Searing Blow+1","Headbutt+1"],"picked":"Dropkick+1","floor":46},{"not_picked":["Warcry+1","Feel No Pain+1"],"picked":"Inflame+1","floor":46},{"not_picked":["Body Slam+1","Dark Embrace+1","Shrug It Off+1"],"picked":"SKIP","floor":48}],"player_experience":1691464,"relics_obtained":[{"floor":6.0,"key":"Molten Egg 2"},{"floor":8.0,"key":"MealTicket"},{"floor":9.0,"key":"Nunchaku"},{"floor":14.0,"key":"White Beast Statue"},{"floor":17.0,"key":"Omamori"},{"floor":17.0,"key":"Blue Candle"},{"floor":17.0,"key":"Champion Belt"},{"floor":19.0,"key":"Enchiridion"},{"floor":23.0,"key":"Toxic Egg 2"},{"floor":25.0,"key":"Potion Belt"},{"floor":26.0,"key":"Meat on the Bone"},{"floor":27.0,"key":"Ornamental Fan"},{"floor":37.0,"key":"Prayer Wheel"},{"floor":41,"key":"StrikeDummy"},{"floor":43,"key":"Letter Opener"},{"floor":45,"key":"Dream Catcher"},{"floor":48,"key":"Mango"}],"event_choices":[{"damage_healed":0.0,"max_hp_gain":0.0,"max_hp_loss":0.0,"gold_gain":0.0,"event_name":"Scrap Ooze","player_choice":"Success","floor":2.0,"gold_loss":0.0,"damage_taken":12.0,"relics_obtained":["Happy Flower"]},{"damage_healed":0.0,"max_hp_gain":0.0,"max_hp_loss":0.0,"gold_gain":0.0,"event_name":"Lab","player_choice":"Got Potions","floor":4.0,"gold_loss":0.0,"damage_taken":0.0},{"damage_healed":0.0,"max_hp_gain":0.0,"max_hp_loss":0.0,"gold_gain":0.0,"event_name":"Cursed Tome","player_choice":"Obtained Book","floor":19.0,"gold_loss":0.0,"damage_taken":16.0},{"damage_healed":0.0,"max_hp_gain":0.0,"max_hp_loss":0.0,"gold_gain":0.0,"event_name":"NoteForYourself","player_choice":"Ignored","floor":21.0,"gold_loss":0.0,"damage_taken":0.0},{"cards_removed":["Defend_R"],"damage_healed":0.0,"max_hp_gain":0.0,"max_hp_loss":0.0,"gold_gain":0.0,"event_name":"Falling","player_choice":"Removed Skill","floor":36.0,"gold_loss":0.0,"damage_taken":0.0},{"damage_healed":0.0,"max_hp_gain":0.0,"max_hp_loss":0.0,"gold_gain":0.0,"event_name":"Mysterious Sphere","player_choice":"Fight","floor":37.0,"gold_loss":0.0,"damage_taken":0.0},{"damage_healed":0.0,"max_hp_gain":0.0,"max_hp_loss":0.0,"gold_gain":0.0,"event_name":"Winding Halls","player_choice":"Embrace Madness","floor":38.0,"gold_loss":0.0,"damage_taken":10.0,"cards_obtained":["Madness","Madness"]}],"is_beta":false,"boss_relics":[{"not_picked":["Pandora\u0027s Box","Philosopher\u0027s Stone"],"picked":"Calling Bell"},{"not_picked":["Mark of Pain","Runic Cube"],"picked":"Astrolabe"}],"items_purged_floors":[47],"is_endless":false,"potions_floor_spawned":[1,11,14,16,18,20,22,23,24,25,27,29,31,33,35,37,41,45,46,48],"ascension_level":1}