{"gold_per_floor":[112,128,140,140,153,179,198,198,222,222,238,203,19,19,19,120,120,133,133,133,133,35,35,35,65,65,15,15],"floor_reached":28,"playtime":572,"items_purged":["Strike_R","Strike_R"],"score":246,"play_id":"be9be33c-10d5-4d4c-b04b-c1c890db6811","local_time":"20211205221444","is_ascension_mode":true,"campfire_choices":[{"data":"Searing Blow+1","floor":8,"key":"SMITH"},{"data":"Searing Blow+2","floor":10,"key":"SMITH"},{"data":"Searing Blow+3","floor":15,"key":"SMITH"},{"data":"Searing Blow+4","floor":23,"key":"SMITH"}],"neow_cost":"NONE","seed_source_timestamp":1285128456075200,"circlet_count":0,"master_deck":["Strike_R","Strike_R","Strike_R","Defend_R","Defend_R","Defend_R","Defend_R","Bash+1","Searing Blow+5","Armaments","Shrug It Off","Spot Weakness","Infernal Blade","Exhume","Reaper","Shrug It Off","Master of Strategy"],"relics":["Burning Blood","NeowsBlessing","Anchor","Juzu Bracelet","Membership Card","Black Star","Boot","Art of War","Shuriken","Centennial Puzzle","Pantograph"],"potions_floor_usage":[6,16,25,25],"damage_taken":[{"damage":0,"enemies":"Cultist","floor":1,"turns":1},{"damage":0,"enemies":"2 Louse","floor":2,"turns":1},{"damage":0,"enemies":"Small Slimes","floor":3,"turns":1},{"damage":2,"enemies":"Looter","floor":5,"turns":3},{"damage":19,"enemies":"3 Sentries","floor":6,"turns":8},{"damage":23,"enemies":"Gremlin Gang","floor":7,"turns":5},{"damage":0,"enemies":"2 Fungi Beasts","floor":11,"turns":3},{"damage":28,"enemies":"Hexaghost","floor":16,"turns":9},{"damage":0,"enemies":"Chosen","floor":18,"turns":3},{"damage":45,"enemies":"Gremlin Leader","floor":25,"turns":5},{"damage":46,"enemies":"Book of Stabbing","floor":28,"turns":6}],"seed_played":"6812328208748018698","potions_obtained":[{"floor":2,"key":"PowerPotion"},{"floor":3,"key":"Block Potion"},{"floor":7,"key":"DuplicationPotion"},{"floor":18,"key":"DistilledChaos"}],"is_trial":false,"path_per_floor":["M","M","M","?","M","E","M","R","T","R","M","?","$","?","R","B",null,"M","?","?","?","$","R","?","E","T","$","E"],"character_chosen":"IRONCLAD","items_purchased":["Membership Card","Master of Strategy"],"campfire_rested":0,"item_purchase_floors":[13,22],"current_hp_per_floor":[80,80,80,64,68,55,38,38,38,38,44,64,64,64,64,42,80,80,80,80,80,80,80,65,41,41,41,0],"gold":15,"neow_bonus":"THREE_ENEMY_KILL","is_prod":false,"is_daily":false,"chose_seed":false,"campfire_upgraded":4,"win_rate":0,"timestamp":1638738884,"path_taken":["M","?","M","?","M","E","M","R","T","R","M","?","$","?","R","BOSS","M","?","?","?","$","R","?","E","T","?","E"],"build_version":"2020-12-22","purchased_purges":2,"victory":false,"max_hp_per_floor":[80,80,80,80,80,80,80,80,80,80,80,80,80,80,80,80,80,80,80,80,80,80,80,85,85,85,85,85],"card_choices":[{"not_picked":["Perfected Strike","Rampage"],"picked":"Searing Blow","floor":1},{"not_picked":["Pummel","Iron Wave"],"picked":"Armaments","floor":2},{"not_picked":["Rage","Headbutt"],"picked":"Shrug It Off","floor":3},{"not_picked":["Thunderclap","Warcry"],"picked":"Spot Weakness","floor":5},{"not_picked":["Anger","Warcry"],"picked":"Infernal Blade","floor":6},{"not_picked":["Iron Wave","Ghostly Armor","Cleave"],"picked":"SKIP","floor":7},{"not_picked":["Clothesline","Flex"],"picked":"Exhume","floor":11},{"not_picked":["Impervious","Berserk"],"picked":"Reaper","floor":16},{"not_picked":["Iron Wave","Armaments","True Grit"],"picked":"SKIP","floor":18},{"not_picked":["Headbutt","Metallicize","Perfected Strike"],"picked":"SKIP","floor":25}],"player_experience":1698136,"relics_obtained":[{"floor":6,"key":"Anchor"},{"floor":9,"key":"Juzu Bracelet"},{"floor":20,"key":"Boot"},{"floor":25,"key":"Shuriken"},{"floor":25,"key":"Centennial Puzzle"},{"floor":26,"key":"Pantograph"}],"event_choices":[{"damage_healed":0,"gold_gain":0,"player_choice":"Entered Light","damage_taken":16,"max_hp_gain":0,"max_hp_loss":0,"event_name":"Shining Light","floor":4,"gold_loss":0,"cards_upgraded":["Bash","Searing Blow"]},{"damage_healed":20,"gold_gain":0,"player_choice":"Healed","damage_taken":0,"max_hp_gain":0,"max_hp_loss":0,"event_name":"The Cleric","floor":12,"gold_loss":35},{"damage_healed":0,"gold_gain":0,"player_choice":"Ignored","damage_taken":0,"max_hp_gain":0,"max_hp_loss":0,"event_name":"Liars Game","floor":14,"gold_loss":0},{"damage_healed":0,"gold_gain":0,"player_choice":"Read","damage_taken":0,"max_hp_gain":0,"max_hp_loss":0,"event_name":"The Library","floor":19,"gold_loss":0,"cards_obtained":["Shrug It Off"]},{"damage_healed":0,"gold_gain":0,"player_choice":"Relic","damage_taken":0,"max_hp_gain":0,"max_hp_loss":0,"event_name":"Wheel of Change","floor":20,"gold_loss":0},{"damage_healed":0,"gold_gain":0,"player_choice":"Opened","damage_taken":0,"relics_obtained":["Art of War"],"max_hp_gain":0,"max_hp_loss":0,"event_name":"The Mausoleum","floor":21,"gold_loss":0},{"damage_healed":0,"gold_gain":0,"player_choice":"Shed Blood","damage_taken":20,"max_hp_gain":5,"max_hp_loss":0,"event_name":"Forgotten Altar","floor":24,"gold_loss":0}],"is_beta":false,"boss_relics":[{"not_picked":["Runic Pyramid","Empty Cage"],"picked":"Black Star"}],"items_purged_floors":[13,27],"is_endless":false,"potions_floor_spawned":[2,3,7,18],"killed_by":"Book of Stabbing","ascension_level":1}