{"gold_per_floor":[116,116,116,116,126,156,156,156,156,176,176,67,102,102,102,205,205,225,79,79,79,79,107,32,32],"floor_reached":25,"playtime":529,"items_purged":["Strike_R"],"score":234,"play_id":"84a110ca-1d16-429e-a190-e941528026f1","local_time":"20211214165845","is_ascension_mode":true,"campfire_choices":[{"floor":7,"key":"REST"},{"data":"Bash","floor":11,"key":"SMITH"},{"floor":15,"key":"REST"}],"neow_cost":"PERCENT_DAMAGE","seed_source_timestamp":179381694358500,"circlet_count":0,"master_deck":["Strike_R+1","Strike_R+1","Defend_R","Defend_R","Defend_R","Bash+1","Rampage+1","Spot Weakness","Demon Form","Necronomicurse","RitualDagger"],"relics":["Burning Blood","Bird Faced Urn","Orichalcum","Strawberry","Bag of Marbles","Black Star","Tiny Chest","Necronomicon","Blood Vial","Omamori"],"potions_floor_usage":[23,23,23],"damage_taken":[{"damage":0,"enemies":"Small Slimes","floor":1,"turns":4},{"damage":8,"enemies":"Jaw Worm","floor":5,"turns":4},{"damage":25,"enemies":"Gremlin Nob","floor":6,"turns":4},{"damage":1,"enemies":"2 Louse","floor":10,"turns":3},{"damage":24,"enemies":"Lagavulin","floor":13,"turns":6},{"damage":34,"enemies":"The Guardian","floor":16,"turns":11},{"damage":24,"enemies":"2 Thieves","floor":18,"turns":4},{"damage":22,"enemies":"Slavers","floor":23,"turns":9},{"damage":36,"enemies":"Book of Stabbing","floor":25,"turns":4}],"seed_played":"5948633741232457836","potions_obtained":[{"floor":10,"key":"DistilledChaos"},{"floor":13,"key":"SpeedPotion"},{"floor":16,"key":"Energy Potion"},{"floor":18,"key":"ColorlessPotion"}],"is_trial":false,"path_per_floor":["M","?","?","?","M","E","R","?","T","M","R","$","E","?","R","B",null,"M","$","?","?","$","E","?","E"],"character_chosen":"IRONCLAD","items_purchased":["Spot Weakness","Tiny Chest"],"campfire_rested":2,"item_purchase_floors":[12,19],"current_hp_per_floor":[62,62,46,46,44,25,49,49,56,61,61,61,43,36,62,34,87,69,69,53,47,47,31,31,0],"gold":32,"neow_bonus":"ONE_RARE_RELIC","is_prod":false,"is_daily":false,"chose_seed":false,"campfire_upgraded":1,"win_rate":0,"timestamp":1639497525,"path_taken":["M","?","?","?","?","E","R","?","T","?","R","$","E","?","R","BOSS","M","$","?","?","$","E","?","E"],"build_version":"2020-12-22","purchased_purges":1,"victory":false,"max_hp_per_floor":[80,80,80,80,80,80,80,80,87,87,87,87,87,87,87,87,87,87,87,87,87,87,87,87,87],"card_choices":[{"not_picked":["Flex","Shrug It Off","Anger"],"picked":"SKIP","floor":1},{"not_picked":["Iron Wave","Feel No Pain","Reckless Charge"],"picked":"SKIP","floor":5},{"not_picked":["Combust","Sword Boomerang"],"picked":"Rampage","floor":6},{"not_picked":["Reckless Charge","Headbutt","Bludgeon"],"picked":"SKIP","floor":10},{"not_picked":["Armaments","Rage","Clash"],"picked":"SKIP","floor":13},{"not_picked":["Immolate","Exhume"],"picked":"Demon Form","floor":16},{"not_picked":["Wild Strike+1","Infernal Blade","Anger"],"picked":"SKIP","floor":18},{"not_picked":["Combust","Shrug It Off","Havoc"],"picked":"SKIP","floor":23}],"player_experience":1724668,"relics_obtained":[{"floor":6,"key":"Orichalcum"},{"floor":9,"key":"Strawberry"},{"floor":13,"key":"Bag of Marbles"},{"floor":20,"key":"Necronomicon"},{"floor":23,"key":"Blood Vial"},{"floor":23,"key":"Omamori"}],"event_choices":[{"cards_removed":["Strike_R"],"damage_healed":0,"gold_gain":0,"player_choice":"Forget","damage_taken":0,"max_hp_gain":0,"max_hp_loss":0,"event_name":"Living Wall","floor":2,"gold_loss":0},{"damage_healed":0,"gold_gain":0,"player_choice":"Entered Light","damage_taken":16,"max_hp_gain":0,"max_hp_loss":0,"event_name":"Shining Light","floor":3,"gold_loss":0,"cards_upgraded":["Strike_R","Strike_R"]},{"damage_healed":0,"gold_gain":0,"player_choice":"Ignored","damage_taken":0,"max_hp_gain":0,"max_hp_loss":0,"event_name":"NoteForYourself","floor":4,"gold_loss":0},{"damage_healed":0,"gold_gain":0,"player_choice":"Upgraded","damage_taken":0,"max_hp_gain":0,"max_hp_loss":0,"event_name":"Upgrade Shrine","floor":8,"gold_loss":0,"cards_upgraded":["Rampage"]},{"cards_removed":["Strike_R"],"damage_healed":0,"gold_gain":0,"player_choice":"Card Removal","damage_taken":7,"max_hp_gain":0,"max_hp_loss":0,"event_name":"Golden Wing","floor":14,"gold_loss":0},{"damage_healed":0,"gold_gain":0,"player_choice":"Obtained Book","damage_taken":16,"max_hp_gain":0,"max_hp_loss":0,"event_name":"Cursed Tome","floor":20,"gold_loss":0},{"damage_healed":0,"gold_gain":0,"player_choice":"Joined the Cult","damage_taken":6,"max_hp_gain":0,"max_hp_loss":0,"event_name":"Nest","floor":21,"gold_loss":0,"cards_obtained":["RitualDagger"]},{"cards_removed":["Defend_R"],"damage_healed":0,"gold_gain":0,"player_choice":"Gave Gold","damage_taken":0,"max_hp_gain":0,"max_hp_loss":0,"event_name":"Beggar","floor":24,"gold_loss":75}],"is_beta":false,"boss_relics":[{"not_picked":["SlaversCollar","Runic Dome"],"picked":"Black Star"}],"items_purged_floors":[12],"is_endless":false,"potions_floor_spawned":[10,13,16,18],"killed_by":"Book of Stabbing","ascension_level":1}