{"gold_per_floor":[117,129,129,141,141,141,185,217,256,268,304,316,359,142,142,142],"floor_reached":16,"playtime":399,"items_purged":["Strike_R"],"score":113,"play_id":"7439bbfb-1083-472b-9c97-7edaf0effc6d","local_time":"20211216222835","is_ascension_mode":true,"campfire_choices":[{"data":"Body Slam","floor":6,"key":"SMITH"},{"floor":10,"key":"REST"},{"floor":12,"key":"REST"},{"data":"Defend_R","floor":15,"key":"SMITH"}],"neow_cost":"NONE","seed_source_timestamp":372114877530100,"circlet_count":0,"master_deck":["Strike_R","Strike_R","Strike_R","Defend_R+1","Defend_R","Defend_R","Defend_R","Bash","Body Slam+1"],"relics":["SacredBark","Golden Idol","MawBank","Orichalcum","Happy Flower","Akabeko","Oddly Smooth Stone"],"potions_floor_usage":[8,13],"damage_taken":[{"damage":5,"enemies":"Cultist","floor":1,"turns":4},{"damage":8,"enemies":"Jaw Worm","floor":2,"turns":3},{"damage":3,"enemies":"Small Slimes","floor":4,"turns":4},{"damage":46,"enemies":"3 Sentries","floor":7,"turns":14},{"damage":7,"enemies":"Blue Slaver","floor":8,"turns":4},{"damage":8,"enemies":"Gremlin Nob","floor":13,"turns":4},{"damage":43,"enemies":"Slime Boss","floor":16,"turns":7}],"seed_played":"-5902538273903477510","potions_obtained":[{"floor":7,"key":"Swift Potion"},{"floor":8,"key":"Block Potion"},{"floor":13,"key":"DistilledChaos"}],"is_trial":false,"path_per_floor":["M","M","?","M","?","R","E","M","T","R","T","R","E","$","R","B"],"character_chosen":"IRONCLAD","items_purchased":["Oddly Smooth Stone"],"campfire_rested":2,"item_purchase_floors":[14],"current_hp_per_floor":[75,67,60,57,57,57,11,4,4,26,26,48,40,40,40,0],"gold":142,"neow_bonus":"BOSS_RELIC","is_prod":false,"is_daily":false,"chose_seed":false,"campfire_upgraded":2,"win_rate":0,"timestamp":1639690115,"path_taken":["M","?","?","M","?","R","E","M","T","R","?","R","E","?","R","BOSS"],"build_version":"2020-12-22","purchased_purges":1,"victory":false,"max_hp_per_floor":[80,80,80,80,74,74,74,74,74,74,74,74,74,74,74,74],"card_choices":[{"not_picked":["Sword Boomerang","Warcry","Reckless Charge"],"picked":"SKIP","floor":1},{"not_picked":["Intimidate","Evolve","Sentinel"],"picked":"SKIP","floor":2},{"not_picked":["Disarm","Anger"],"picked":"Body Slam","floor":4},{"not_picked":["Pummel","Fiend Fire","Shockwave"],"picked":"SKIP","floor":7},{"not_picked":["Anger","True Grit","Infernal Blade"],"picked":"SKIP","floor":8},{"not_picked":["Armaments","Flame Barrier","Intimidate"],"picked":"SKIP","floor":13}],"player_experience":1733316,"relics_obtained":[{"floor":7,"key":"MawBank"},{"floor":9,"key":"Orichalcum"},{"floor":11,"key":"Happy Flower"},{"floor":13,"key":"Akabeko"}],"event_choices":[{"cards_removed":["Strike_R"],"damage_healed":0,"gold_gain":0,"player_choice":"Card Removal","damage_taken":7,"max_hp_gain":0,"max_hp_loss":0,"event_name":"Golden Wing","floor":3,"gold_loss":0},{"damage_healed":0,"gold_gain":0,"player_choice":"Lose Max HP","damage_taken":0,"relics_obtained":["Golden Idol"],"max_hp_gain":0,"max_hp_loss":6,"event_name":"Golden Idol","floor":5,"gold_loss":0}],"is_beta":false,"boss_relics":[],"items_purged_floors":[14],"is_endless":false,"potions_floor_spawned":[7,8,13],"killed_by":"Slime Boss","ascension_level":1}