{"gold_per_floor":[13,33,33,57,57,95,95,95,169,244,14,47,61,61,61,185,185,208,208,208,226,226],"floor_reached":22,"playtime":548,"items_purged":["Strike_R"],"score":202,"play_id":"6b452e27-98ed-40c6-9982-1823e67901d8","local_time":"20211214205822","is_ascension_mode":true,"campfire_choices":[{"floor":8,"key":"REST"},{"data":"Clash","floor":15,"key":"SMITH"}],"neow_cost":"NO_GOLD","seed_source_timestamp":193739999603800,"circlet_count":0,"master_deck":["Strike_R","Strike_R","Strike_R","Defend_R","Defend_R+1","Defend_R+1","Bash","Clash+1","Barricade"],"relics":["Burning Blood","Golden Idol","Vajra","Gremlin Horn","Oddly Smooth Stone","Bag of Preparation","Black Star"],"potions_floor_usage":[6],"damage_taken":[{"damage":11,"enemies":"Jaw Worm","floor":1,"turns":3},{"damage":0,"enemies":"2 Louse","floor":2,"turns":3},{"damage":0,"enemies":"Small Slimes","floor":4,"turns":3},{"damage":22,"enemies":"3 Sentries","floor":6,"turns":9},{"damage":27,"enemies":"Gremlin Nob","floor":12,"turns":4},{"damage":3,"enemies":"Blue Slaver","floor":13,"turns":4},{"damage":33,"enemies":"The Guardian","floor":16,"turns":13},{"damage":33,"enemies":"Chosen","floor":18,"turns":8},{"damage":13,"enemies":"Spheric Guardian","floor":21,"turns":6},{"damage":50,"enemies":"Chosen and Byrds","floor":22,"turns":5}],"seed_played":"-3645372114561433221","potions_obtained":[{"floor":1,"key":"SteroidPotion"},{"floor":4,"key":"SpeedPotion"},{"floor":12,"key":"BlessingOfTheForge"}],"is_trial":false,"path_per_floor":["M","M","?","M","?","E","?","R","T","?","$","E","M","?","R","B",null,"M","?","?","M","M"],"character_chosen":"IRONCLAD","items_purchased":["Oddly Smooth Stone"],"campfire_rested":1,"item_purchase_floors":[11],"current_hp_per_floor":[75,80,60,66,50,34,34,58,58,47,47,26,29,55,55,28,80,53,53,53,46,0],"gold":226,"neow_bonus":"REMOVE_TWO","is_prod":false,"is_daily":false,"chose_seed":false,"campfire_upgraded":1,"win_rate":0,"timestamp":1639511902,"path_taken":["M","M","?","M","?","E","?","R","T","?","?","E","M","?","R","BOSS","M","?","?","M","?"],"build_version":"2020-12-22","purchased_purges":1,"victory":false,"max_hp_per_floor":[80,80,80,80,80,80,80,80,80,80,80,80,80,80,80,80,80,80,80,80,80,80],"card_choices":[{"not_picked":["Fire Breathing","Headbutt","Wild Strike"],"picked":"SKIP","floor":1},{"not_picked":["Reckless Charge","Wild Strike","Havoc"],"picked":"SKIP","floor":2},{"not_picked":["Second Wind","Havoc","Perfected Strike"],"picked":"SKIP","floor":4},{"not_picked":["Flex","Warcry","Perfected Strike"],"picked":"SKIP","floor":6},{"not_picked":["Heavy Blade","Thunderclap","Ghostly Armor"],"picked":"SKIP","floor":12},{"not_picked":["Clothesline","True Grit"],"picked":"Clash","floor":13},{"not_picked":["Corruption","Double Tap"],"picked":"Barricade","floor":16},{"not_picked":["Warcry+1","Metallicize+1","Flex+1"],"picked":"SKIP","floor":18},{"not_picked":["True Grit+1","Heavy Blade+1","Dark Embrace+1"],"picked":"SKIP","floor":21}],"player_experience":1727228,"relics_obtained":[{"floor":6,"key":"Vajra"},{"floor":9,"key":"Gremlin Horn"},{"floor":12,"key":"Bag of Preparation"}],"event_choices":[{"damage_healed":0,"gold_gain":0,"player_choice":"Take Damage","damage_taken":20,"relics_obtained":["Golden Idol"],"max_hp_gain":0,"max_hp_loss":0,"event_name":"Golden Idol","floor":3,"gold_loss":0},{"damage_healed":0,"gold_gain":0,"player_choice":"Entered Light","damage_taken":16,"max_hp_gain":0,"max_hp_loss":0,"event_name":"Shining Light","floor":5,"gold_loss":0,"cards_upgraded":["Defend_R","Defend_R"]},{"damage_healed":0,"gold_gain":0,"player_choice":"Ignored","damage_taken":0,"max_hp_gain":0,"max_hp_loss":0,"event_name":"Liars Game","floor":7,"gold_loss":0},{"damage_healed":0,"gold_gain":75,"player_choice":"Gather Gold","damage_taken":11,"max_hp_gain":0,"max_hp_loss":0,"event_name":"World of Goop","floor":10,"gold_loss":0},{"damage_healed":26,"gold_gain":0,"player_choice":"Banana","damage_taken":0,"max_hp_gain":0,"max_hp_loss":0,"event_name":"Big Fish","floor":14,"gold_loss":0},{"damage_healed":0,"gold_gain":0,"player_choice":"Ignored","damage_taken":0,"max_hp_gain":0,"max_hp_loss":0,"event_name":"Vampires","floor":19,"gold_loss":0},{"damage_healed":0,"gold_gain":0,"player_choice":"Ignored","damage_taken":0,"max_hp_gain":0,"max_hp_loss":0,"event_name":"Duplicator","floor":20,"gold_loss":0}],"is_beta":false,"boss_relics":[{"not_picked":["Ectoplasm","Coffee Dripper"],"picked":"Black Star"}],"items_purged_floors":[11],"is_endless":false,"potions_floor_spawned":[1,4,12],"killed_by":"Chosen and Byrds","ascension_level":1}