{"gold_per_floor":[114,39,55,55,55,88,99,127,127,156,156],"floor_reached":11,"playtime":617,"items_purged":["Strike_R"],"score":96,"play_id":"4c857d74-86d8-4747-af3a-9c3f1e21de48","local_time":"20211215012952","is_ascension_mode":true,"campfire_choices":[],"neow_cost":"NONE","seed_source_timestamp":209943491514500,"circlet_count":0,"master_deck":["Strike_R","Strike_R","Strike_R","Defend_R","Defend_R","Defend_R","Defend_R","Bash","Body Slam"],"special_seed":0,"relics":["SlaversCollar","Pantograph","Singing Bowl","Mummified Hand","Molten Egg 2"],"potions_floor_usage":[],"damage_taken":[{"damage":1.0,"enemies":"Cultist","floor":1.0,"turns":3.0},{"damage":0.0,"enemies":"2 Louse","floor":3.0,"turns":4.0},{"damage":35.0,"enemies":"Gremlin Nob","floor":6.0,"turns":5.0},{"damage":2.0,"enemies":"Jaw Worm","floor":7.0,"turns":5.0},{"damage":12.0,"enemies":"3 Sentries","floor":8.0,"turns":9.0},{"damage":31.0,"enemies":"Lagavulin","floor":10.0,"turns":9.0},{"damage":12,"enemies":"3 Louse","floor":11,"turns":4}],"seed_played":"5986038550485984148","potions_obtained":[{"floor":1.0,"key":"AttackPotion"},{"floor":10.0,"key":"Ancient Potion"}],"is_trial":false,"path_per_floor":["M","$","M","?","?","E","M","E","T","E","M"],"character_chosen":"IRONCLAD","items_purchased":[],"campfire_rested":0,"item_purchase_floors":[],"current_hp_per_floor":[79,79,79,84,84,49,47,37,37,8,0],"gold":156,"neow_bonus":"BOSS_RELIC","is_prod":false,"is_daily":false,"chose_seed":false,"campfire_upgraded":0,"win_rate":0,"timestamp":1639528192,"path_taken":["M","$","?","?","?","E","M","E","T","E","M"],"build_version":"2020-12-22","purchased_purges":1,"victory":false,"max_hp_per_floor":[80,80,80,85,85,85,85,87,87,89,89],"card_choices":[{"not_picked":["Ghostly Armor","Dark Embrace"],"picked":"Body Slam","floor":1.0},{"not_picked":["Fire Breathing","Iron Wave","Flex"],"picked":"SKIP","floor":3.0},{"not_picked":["Wild Strike","Body Slam","Armaments"],"picked":"SKIP","floor":6.0},{"not_picked":["Reckless Charge","Clothesline","Spot Weakness"],"picked":"SKIP","floor":7.0},{"not_picked":["Barricade","Headbutt","Body Slam"],"picked":"Singing Bowl","floor":8.0},{"not_picked":["Power Through","Armaments","Thunderclap+1"],"picked":"Singing Bowl","floor":10.0}],"player_experience":1729479,"relics_obtained":[{"floor":6.0,"key":"Pantograph"},{"floor":8.0,"key":"Singing Bowl"},{"floor":9.0,"key":"Mummified Hand"},{"floor":10.0,"key":"Molten Egg 2"}],"event_choices":[{"damage_healed":0.0,"max_hp_gain":5.0,"max_hp_loss":0.0,"gold_gain":0.0,"event_name":"Big Fish","player_choice":"Donut","floor":4.0,"gold_loss":0.0,"damage_taken":0.0},{"cards_removed":["Strike_R"],"damage_healed":0.0,"max_hp_gain":0.0,"max_hp_loss":0.0,"gold_gain":0.0,"event_name":"Living Wall","player_choice":"Forget","floor":5.0,"gold_loss":0.0,"damage_taken":0.0}],"is_beta":false,"boss_relics":[],"items_purged_floors":[2],"is_endless":false,"potions_floor_spawned":[1,10],"killed_by":"3 Louse","ascension_level":1}