{"gold_per_floor":[109,284,301,112,112,143,143,143,143,158,158,187,205,263,263,360,360,378,392,408,408,408,408],"floor_reached":23,"playtime":714,"items_purged":["Doubt"],"score":209,"play_id":"82798d68-c422-44b7-a66d-2ed2a4075616","local_time":"20211214211029","is_ascension_mode":true,"campfire_choices":[{"data":"Shrug It Off","floor":8,"key":"SMITH"},{"data":"Flash of Steel","floor":11,"key":"SMITH"},{"data":"Dropkick","floor":15,"key":"SMITH"}],"neow_cost":"NONE","seed_source_timestamp":194301813880800,"circlet_count":0,"master_deck":["Strike_R","Strike_R","Defend_R","Defend_R","Defend_R","Defend_R","Bash","Shrug It Off+1","Flash of Steel+1","Dropkick+1","Feed","Havoc"],"relics":["Cursed Key","CaptainsWheel","Boot","Letter Opener","Black Star"],"potions_floor_usage":[14,14,16,20,23],"damage_taken":[{"damage":10,"enemies":"Jaw Worm","floor":1,"turns":4},{"damage":5,"enemies":"Small Slimes","floor":3,"turns":4},{"damage":19,"enemies":"Lagavulin","floor":6,"turns":7},{"damage":1,"enemies":"Cultist","floor":10,"turns":4},{"damage":3,"enemies":"Gremlin Nob","floor":12,"turns":4},{"damage":1,"enemies":"2 Fungi Beasts","floor":13,"turns":3},{"damage":8,"enemies":"Lagavulin Event","floor":14,"turns":4},{"damage":51,"enemies":"Slime Boss","floor":16,"turns":15},{"damage":2,"enemies":"Shell Parasite","floor":18,"turns":3},{"damage":5,"enemies":"2 Thieves","floor":19,"turns":4},{"damage":16,"enemies":"Cultist and Chosen","floor":20,"turns":6},{"damage":89,"enemies":"Book of Stabbing","floor":23,"turns":8}],"seed_played":"-451242743290280932","potions_obtained":[{"floor":3,"key":"Regen Potion"},{"floor":6,"key":"DistilledChaos"},{"floor":13,"key":"Swift Potion"},{"floor":16,"key":"Explosive Potion"},{"floor":20,"key":"EssenceOfSteel"}],"is_trial":false,"path_per_floor":["M","?","M","$","?","E","?","R","T","M","R","E","M","?","R","B",null,"M","M","M","?","?","E"],"character_chosen":"IRONCLAD","items_purchased":["Shrug It Off","Flash of Steel"],"campfire_rested":0,"item_purchase_floors":[4,4],"current_hp_per_floor":[70,70,65,65,70,51,51,51,51,50,50,47,46,38,38,2,85,83,78,62,62,85,0],"gold":408,"neow_bonus":"BOSS_RELIC","is_prod":false,"is_daily":false,"chose_seed":false,"campfire_upgraded":3,"win_rate":0,"timestamp":1639512629,"path_taken":["M","?","M","$","?","E","?","R","T","?","R","E","M","?","R","BOSS","M","M","M","?","?","E"],"build_version":"2020-12-22","purchased_purges":1,"victory":false,"max_hp_per_floor":[80,80,80,80,85,85,85,85,85,85,85,85,85,85,85,85,85,85,85,85,85,85,85],"card_choices":[{"not_picked":["True Grit","Iron Wave","Dual Wield"],"picked":"SKIP","floor":1},{"not_picked":["Twin Strike","Headbutt","Metallicize"],"picked":"SKIP","floor":3},{"not_picked":["Second Wind","Dark Embrace","True Grit"],"picked":"SKIP","floor":6},{"not_picked":["Dark Embrace","Headbutt","Second Wind"],"picked":"SKIP","floor":10},{"not_picked":["Shockwave","Headbutt"],"picked":"Dropkick","floor":12},{"not_picked":["Cleave","True Grit","Clothesline"],"picked":"SKIP","floor":13},{"not_picked":["Hemokinesis","Armaments","Dark Embrace"],"picked":"SKIP","floor":18},{"not_picked":["Armaments","Cleave+1","Shrug It Off"],"picked":"SKIP","floor":19},{"not_picked":["Perfected Strike","Flame Barrier+1","Limit Break"],"picked":"SKIP","floor":20}],"player_experience":1727776,"relics_obtained":[{"floor":6,"key":"CaptainsWheel"},{"floor":12,"key":"Boot"},{"floor":14,"key":"Letter Opener"}],"event_choices":[{"damage_healed":0,"gold_gain":175,"player_choice":"AGREE","damage_taken":0,"max_hp_gain":0,"max_hp_loss":0,"event_name":"Liars Game","floor":2,"gold_loss":0,"cards_obtained":["Doubt"]},{"damage_healed":0,"gold_gain":0,"player_choice":"Donut","damage_taken":0,"max_hp_gain":5,"max_hp_loss":0,"event_name":"Big Fish","floor":5,"gold_loss":0},{"cards_removed":["Strike_R"],"damage_healed":0,"gold_gain":0,"player_choice":"Offered Basic","damage_taken":0,"max_hp_gain":0,"max_hp_loss":0,"event_name":"Bonfire Elementals","floor":7,"gold_loss":0},{"damage_healed":0,"gold_gain":30,"player_choice":"Searched \u00272\u0027 times","damage_taken":0,"max_hp_gain":0,"max_hp_loss":0,"event_name":"Dead Adventurer","floor":14,"gold_loss":0},{"damage_healed":0,"gold_gain":0,"cards_transformed":["Strike_R","Strike_R"],"player_choice":"Became Test Subject","damage_taken":0,"max_hp_gain":0,"max_hp_loss":0,"event_name":"Drug Dealer","floor":21,"gold_loss":0,"cards_obtained":["Feed","Havoc"]},{"damage_healed":28,"gold_gain":0,"player_choice":"Heal","damage_taken":0,"max_hp_gain":0,"max_hp_loss":0,"event_name":"The Library","floor":22,"gold_loss":0}],"is_beta":false,"boss_relics":[{"not_picked":["SacredBark","Sozu"],"picked":"Black Star"}],"items_purged_floors":[4],"is_endless":false,"potions_floor_spawned":[3,6,13,16,20],"killed_by":"Book of Stabbing","ascension_level":1}