{"gold_per_floor":[112,112,128,128,128,166,166,210,284,284,320,320,320,344,344,465,465,494,593,593,614,614,654,667,690,690,690,699,699,699,719,719,848,875,888,888,1221,1240,1285,1285,1285,1285,1285,1347,1359,1371,1383,604,604,604],"floor_reached":51,"playtime":1032,"items_purged":["Shockwave+1"],"score":961,"play_id":"33d4865d-9a55-42d8-b744-0315f5724de1","local_time":"20211216225853","is_ascension_mode":true,"campfire_choices":[{"data":"Hemokinesis","floor":7,"key":"SMITH"},{"data":"Blood for Blood","floor":10,"key":"SMITH"},{"floor":12,"key":"REST"},{"data":"Combust","floor":15,"key":"SMITH"},{"floor":30,"key":"REST"},{"floor":32,"key":"REST"},{"floor":40,"key":"REST"},{"data":"Defend_R","floor":42,"key":"SMITH"},{"floor":47,"key":"REST"},{"floor":49,"key":"RECALL"}],"neow_cost":"NONE","seed_source_timestamp":373290341361000,"circlet_count":0,"master_deck":["Defend_R+1","Defend_R+1","Defend_R+1","Hemokinesis+1","Blood for Blood+1","Combust+1","Rupture+1","Necronomicurse","Limit Break+1","Whirlwind+1","Disarm+1"],"relics":["Burning Blood","NeowsBlessing","Juzu Bracelet","Regal Pillow","Kunai","CeramicFish","Empty Cage","MutagenicStrength","Bag of Marbles","Blue Candle","Toxic Egg 2","Necronomicon","Astrolabe","Thread and Needle","MawBank","Ice Cream","ClockworkSouvenir","Darkstone Periapt","Frozen Egg 2"],"potions_floor_usage":[11,21,23,24,33,39,39,50,50],"damage_taken":[{"damage":0,"enemies":"Jaw Worm","floor":1,"turns":1},{"damage":0,"enemies":"2 Louse","floor":3,"turns":1},{"damage":0,"enemies":"Lagavulin","floor":6,"turns":2},{"damage":30,"enemies":"Gremlin Nob","floor":8,"turns":4},{"damage":12,"enemies":"3 Sentries","floor":11,"turns":6},{"damage":12,"enemies":"Small Slimes","floor":14,"turns":2},{"damage":9,"enemies":"Slime Boss","floor":16,"turns":5},{"damage":4,"enemies":"Chosen","floor":18,"turns":3},{"damage":14,"enemies":"3 Byrds","floor":21,"turns":3},{"damage":32,"enemies":"Gremlin Leader","floor":23,"turns":6},{"damage":16,"enemies":"Sentry and Sphere","floor":24,"turns":5},{"damage":9,"enemies":"Cultist and Chosen","floor":25,"turns":3},{"damage":31,"enemies":"Centurion and Healer","floor":31,"turns":3},{"damage":50,"enemies":"Champ","floor":33,"turns":7},{"damage":29,"enemies":"Orb Walker","floor":35,"turns":3},{"damage":1,"enemies":"3 Shapes","floor":38,"turns":2},{"damage":26,"enemies":"2 Orb Walkers","floor":39,"turns":3},{"damage":26,"enemies":"Mind Bloom Boss Battle","floor":44,"turns":5},{"damage":70,"enemies":"Awakened One","floor":50,"turns":9}],"seed_played":"2482132172944929757","potions_obtained":[{"floor":6,"key":"Ancient Potion"},{"floor":8,"key":"Explosive Potion"},{"floor":14,"key":"ElixirPotion"},{"floor":16,"key":"Explosive Potion"},{"floor":21,"key":"Fruit Juice"},{"floor":23,"key":"SpeedPotion"},{"floor":29,"key":"HeartOfIron"},{"floor":29,"key":"CultistPotion"},{"floor":33,"key":"EssenceOfSteel"},{"floor":39,"key":"Explosive Potion"}],"is_trial":false,"path_per_floor":["M","?","M","?","?","E","R","E","T","R","E","R","?","M","R","B",null,"M","?","?","M","T","E","M","M","T","?","?","?","R","M","R","B",null,"M","?","?","M","?","R","?","R","T","?","?","?","R","$","R","B",null],"character_chosen":"IRONCLAD","items_purchased":["ClockworkSouvenir","Darkstone Periapt","Frozen Egg 2","Dexterity Potion"],"campfire_rested":5,"item_purchase_floors":[48,48,48,48],"current_hp_per_floor":[80,80,80,60,60,66,66,42,42,42,36,75,59,53,53,50,80,80,80,80,77,77,51,41,38,38,38,22,22,62,37,77,33,85,62,62,62,67,47,85,85,85,85,65,65,65,81,81,81,17],"gold":604,"neow_bonus":"THREE_ENEMY_KILL","is_prod":false,"is_daily":false,"chose_seed":false,"campfire_upgraded":4,"win_rate":0,"timestamp":1639691933,"path_taken":["M","?","M","?","?","E","R","E","T","R","E","R","?","M","R","BOSS","M","?","?","M","?","E","M","M","T","?","?","?","R","M","R","BOSS","M","?","?","M","?","R","?","R","T","?","?","?","R","$","R","BOSS"],"build_version":"2020-12-22","purchased_purges":1,"victory":true,"max_hp_per_floor":[80,80,80,80,80,80,80,80,80,80,80,80,80,80,80,80,80,80,80,80,85,85,85,85,85,85,85,85,85,85,85,85,85,85,85,85,85,85,85,85,85,85,85,85,85,81,81,81,81,81],"card_choices":[{"not_picked":["Sword Boomerang","Anger"],"picked":"Hemokinesis","floor":1},{"not_picked":["Warcry","Anger","Clothesline"],"picked":"SKIP","floor":3},{"not_picked":["Cleave","Uppercut","Spot Weakness"],"picked":"SKIP","floor":6},{"not_picked":["Clash","Pommel Strike"],"picked":"Blood for Blood","floor":8},{"not_picked":["Inflame","Carnage","True Grit"],"picked":"SKIP","floor":11},{"not_picked":["Burning Pact","Reckless Charge"],"picked":"Combust","floor":14},{"not_picked":["Body Slam","Second Wind"],"picked":"Rupture+1","floor":18},{"not_picked":["Dark Embrace","Flex","Clothesline"],"picked":"SKIP","floor":21},{"not_picked":["Armaments","Power Through","Twin Strike"],"picked":"SKIP","floor":23},{"not_picked":["Metallicize","True Grit+1","Combust"],"picked":"SKIP","floor":24},{"not_picked":["Sentinel","Twin Strike","Warcry+1"],"picked":"SKIP","floor":25},{"not_picked":["Sentinel+1","Exhume+1","Pommel Strike"],"picked":"SKIP","floor":31},{"not_picked":["Double Tap+1","Feed"],"picked":"Limit Break+1","floor":33},{"not_picked":["Second Wind+1","Armaments+1","Sword Boomerang+1"],"picked":"SKIP","floor":35},{"not_picked":["Shrug It Off+1","Combust+1","Body Slam"],"picked":"SKIP","floor":38}],"player_experience":1734448,"relics_obtained":[{"floor":6,"key":"Juzu Bracelet"},{"floor":8,"key":"Regal Pillow"},{"floor":9,"key":"Kunai"},{"floor":11,"key":"CeramicFish"},{"floor":22,"key":"Bag of Marbles"},{"floor":23,"key":"Blue Candle"},{"floor":26,"key":"Toxic Egg 2"},{"floor":28,"key":"Necronomicon"},{"floor":39,"key":"Thread and Needle"},{"floor":43,"key":"MawBank"},{"floor":44,"key":"Ice Cream"}],"event_choices":[{"damage_healed":0,"gold_gain":0,"player_choice":"Ignored","damage_taken":0,"max_hp_gain":0,"max_hp_loss":0,"event_name":"Liars Game","floor":2,"gold_loss":0},{"damage_healed":0,"gold_gain":0,"player_choice":"Take Damage","damage_taken":20,"relics_obtained":["Golden Idol"],"max_hp_gain":0,"max_hp_loss":0,"event_name":"Golden Idol","floor":4,"gold_loss":0},{"cards_removed":["Strike_R"],"damage_healed":0,"gold_gain":0,"player_choice":"Forget","damage_taken":0,"max_hp_gain":0,"max_hp_loss":0,"event_name":"Living Wall","floor":5,"gold_loss":0},{"damage_healed":0,"gold_gain":0,"player_choice":"Entered Light","damage_taken":16,"max_hp_gain":0,"max_hp_loss":0,"event_name":"Shining Light","floor":13,"gold_loss":0,"cards_upgraded":["Defend_R","Defend_R"]},{"damage_healed":0,"gold_gain":99,"player_choice":"Stole From Cult","damage_taken":0,"max_hp_gain":0,"max_hp_loss":0,"event_name":"Nest","floor":19,"gold_loss":0},{"damage_healed":0,"gold_gain":0,"player_choice":"Inject Mutagens","damage_taken":0,"relics_obtained":["MutagenicStrength"],"max_hp_gain":0,"max_hp_loss":0,"event_name":"Drug Dealer","floor":20,"gold_loss":0},{"damage_healed":0,"gold_gain":0,"player_choice":"Ignored","damage_taken":0,"max_hp_gain":0,"max_hp_loss":0,"event_name":"Ghosts","floor":27,"gold_loss":0},{"damage_healed":0,"gold_gain":0,"player_choice":"Obtained Book","damage_taken":16,"max_hp_gain":0,"max_hp_loss":0,"event_name":"Cursed Tome","floor":28,"gold_loss":0},{"damage_healed":0,"gold_gain":0,"player_choice":"Got Potions","damage_taken":0,"max_hp_gain":0,"max_hp_loss":0,"event_name":"Lab","floor":29,"gold_loss":0},{"damage_healed":0,"gold_gain":0,"player_choice":"Memory 1","damage_taken":0,"max_hp_gain":0,"max_hp_loss":0,"event_name":"SensoryStone","floor":36,"gold_loss":0},{"damage_healed":0,"gold_gain":333,"player_choice":"Gave Idol","damage_taken":0,"max_hp_gain":0,"max_hp_loss":0,"event_name":"The Moai Head","floor":37,"relics_lost":["Golden Idol"],"gold_loss":0},{"damage_healed":0,"gold_gain":0,"player_choice":"Fight","damage_taken":0,"max_hp_gain":0,"max_hp_loss":0,"event_name":"Mysterious Sphere","floor":39,"gold_loss":0},{"cards_removed":["Bash"],"damage_healed":0,"gold_gain":0,"player_choice":"Removed Attack","damage_taken":0,"max_hp_gain":0,"max_hp_loss":0,"event_name":"Falling","floor":41,"gold_loss":0},{"damage_healed":0,"gold_gain":0,"player_choice":"Fight","damage_taken":0,"max_hp_gain":0,"max_hp_loss":0,"event_name":"MindBloom","floor":44,"gold_loss":0},{"damage_healed":0,"gold_gain":0,"player_choice":"Ignored","damage_taken":0,"max_hp_gain":0,"max_hp_loss":0,"event_name":"Tomb of Lord Red Mask","floor":45,"gold_loss":0},{"damage_healed":0,"gold_gain":0,"player_choice":"Max HP","damage_taken":0,"max_hp_gain":0,"max_hp_loss":4,"event_name":"Winding Halls","floor":46,"gold_loss":0}],"is_beta":false,"boss_relics":[{"not_picked":["Busted Crown","Pandora\u0027s Box"],"picked":"Empty Cage"},{"not_picked":["Coffee Dripper","Runic Dome"],"picked":"Astrolabe"}],"items_purged_floors":[48],"is_endless":false,"potions_floor_spawned":[6,8,14,16,18,21,23,33,39],"ascension_level":1}