{"gold_per_floor":[110,110,135,145,160,160,195,195,195,195,195,206,57,57,57,154,154,172,191,191,209,209,134,134,234,310,326,326,338,338,365,365,365],"floor_reached":33,"playtime":867,"items_purged":["Parasite"],"score":263,"play_id":"3e304784-4b1e-4169-a426-8e2b7432bd87","local_time":"20211212143528","is_ascension_mode":false,"campfire_choices":[{"data":"Blood for Blood","floor":6.0,"key":"SMITH"},{"data":"Bloodletting","floor":15,"key":"SMITH"},{"floor":24,"key":"REST"},{"floor":28,"key":"REST"},{"floor":30,"key":"REST"},{"floor":32,"key":"REST"}],"neow_cost":"NONE","seed_source_timestamp":4821227610300,"circlet_count":0,"master_deck":["Strike_R+1","Strike_R+1","Strike_R+1","Strike_R+1","Defend_R+1","Defend_R+1","Defend_R+1","Defend_R+1","Bash","Blood for Blood+1","Bloodletting+1","Power Through","Offering","Rupture+1","RitualDagger","Dropkick","Feed"],"special_seed":0,"relics":["Runic Cube"],"potions_floor_usage":[16,16,27,33],"damage_taken":[{"damage":1.0,"enemies":"Cultist","floor":1.0,"turns":3.0},{"damage":1.0,"enemies":"Jaw Worm","floor":4.0,"turns":5.0},{"damage":3.0,"enemies":"2 Louse","floor":5.0,"turns":2.0},{"damage":31.0,"enemies":"Gremlin Nob","floor":7.0,"turns":4.0},{"damage":3,"enemies":"Large Slime","floor":12,"turns":5},{"damage":31,"enemies":"Hexaghost","floor":16,"turns":8},{"damage":22,"enemies":"Spheric Guardian","floor":18,"turns":5},{"damage":9,"enemies":"Chosen","floor":19,"turns":5},{"damage":47,"enemies":"3 Cultists","floor":21,"turns":7},{"damage":9,"enemies":"Centurion and Healer","floor":27,"turns":4},{"damage":18,"enemies":"Snake Plant","floor":29,"turns":4},{"damage":28,"enemies":"Book of Stabbing","floor":31,"turns":4},{"damage":67,"enemies":"Automaton","floor":33,"turns":6}],"seed_played":"7658067053891891821","potions_obtained":[{"floor":1.0,"key":"PowerPotion"},{"floor":4.0,"key":"Strength Potion"},{"floor":16,"key":"ColorlessPotion"},{"floor":19,"key":"PowerPotion"},{"floor":29,"key":"BlessingOfTheForge"}],"is_trial":false,"path_per_floor":["M","?","T","M","M","R","E","?","T","?","?","M","$","?","R","B",null,"M","M","?","M","?","$","R","?","T","M","R","M","R","E","R","B"],"character_chosen":"IRONCLAD","items_purchased":["Offering"],"campfire_rested":4,"item_purchase_floors":[13],"current_hp_per_floor":[79,79,79,78,75,75,44,44,44,64,69,66,66,66,66,35,85,63,54,48,1,1,1,25,25,25,16,40,22,46,18,42,0],"gold":365,"neow_bonus":"BOSS_RELIC","is_prod":false,"is_daily":false,"chose_seed":false,"campfire_upgraded":2,"win_rate":0,"timestamp":1639316128,"path_taken":["M","?","?","M","M","R","E","?","T","?","?","M","$","?","R","BOSS","M","M","?","M","?","$","R","?","T","M","R","M","R","E","R","BOSS"],"build_version":"2020-12-22","purchased_purges":1,"victory":false,"max_hp_per_floor":[80,80,80,80,80,80,80,80,80,80,85,85,85,85,85,85,85,85,85,85,85,85,82,82,82,82,82,82,82,82,82,82,82],"card_choices":[{"not_picked":["Ghostly Armor","Uppercut"],"picked":"Blood for Blood","floor":1.0},{"not_picked":["Wild Strike","Warcry"],"picked":"Bloodletting","floor":4.0},{"not_picked":["Flex","True Grit","Twin Strike"],"picked":"SKIP","floor":5.0},{"not_picked":["Dual Wield","Power Through","Rage"],"picked":"SKIP","floor":7},{"not_picked":["Dual Wield","Power Through","Rage"],"picked":"SKIP","floor":7},{"not_picked":["Corruption","Heavy Blade","Perfected Strike"],"picked":"SKIP","floor":12},{"not_picked":["Flex","Armaments"],"picked":"Rupture+1","floor":18},{"not_picked":["Wild Strike+1","Fire Breathing","Headbutt"],"picked":"SKIP","floor":19},{"not_picked":["Anger","Battle Trance"],"picked":"Dropkick","floor":21},{"not_picked":["Cleave","Wild Strike","Headbutt"],"picked":"SKIP","floor":27},{"not_picked":["Berserk","Perfected Strike+1","Warcry"],"picked":"SKIP","floor":29},{"not_picked":["Dual Wield+1","Wild Strike"],"picked":"Feed","floor":31}],"player_experience":1715955,"relics_obtained":[],"event_choices":[{"damage_healed":0.0,"max_hp_gain":0.0,"max_hp_loss":0.0,"gold_gain":0.0,"event_name":"Scrap Ooze","player_choice":"Fled","floor":2.0,"gold_loss":0.0,"damage_taken":0.0},{"damage_healed":0,"gold_gain":0,"cards_transformed":["Strike_R"],"player_choice":"Change","damage_taken":0,"max_hp_gain":0,"max_hp_loss":0,"event_name":"Living Wall","floor":8,"gold_loss":0,"cards_obtained":["Power Through"]},{"damage_healed":20,"gold_gain":0,"player_choice":"Healed and dodged fight","damage_taken":0,"max_hp_gain":0,"max_hp_loss":0,"event_name":"Mushrooms","floor":10,"gold_loss":0,"cards_obtained":["Parasite"]},{"damage_healed":0,"gold_gain":0,"player_choice":"Donut","damage_taken":0,"max_hp_gain":5,"max_hp_loss":0,"event_name":"Big Fish","floor":11,"gold_loss":0},{"damage_healed":0,"gold_gain":0,"player_choice":"Searched \u00270\u0027 times","damage_taken":0,"max_hp_gain":0,"max_hp_loss":0,"event_name":"Dead Adventurer","floor":14,"gold_loss":0},{"damage_healed":0,"gold_gain":0,"player_choice":"Joined the Cult","damage_taken":6,"max_hp_gain":0,"max_hp_loss":0,"event_name":"Nest","floor":20,"gold_loss":0,"cards_obtained":["RitualDagger"]},{"damage_healed":0,"gold_gain":0,"player_choice":"Simplicity","damage_taken":0,"max_hp_gain":0,"max_hp_loss":0,"event_name":"Back to Basics","floor":22,"gold_loss":0,"cards_upgraded":["Strike_R","Strike_R","Strike_R","Strike_R","Defend_R","Defend_R","Defend_R","Defend_R"]},{"damage_healed":0,"gold_gain":100,"player_choice":"Pray","damage_taken":0,"max_hp_gain":0,"max_hp_loss":0,"event_name":"Golden Shrine","floor":25,"gold_loss":0}],"is_beta":false,"boss_relics":[{"not_picked":["SlaversCollar","Empty Cage","Astrolabe"]}],"items_purged_floors":[23],"is_endless":false,"potions_floor_spawned":[1,4,16,19,29],"killed_by":"Automaton","ascension_level":0}