{"gold_per_floor":[112,187,187,204,58,83,83,115,115,115,155,184,184,199,199,199],"floor_reached":16,"playtime":430,"items_purged":[],"score":122,"play_id":"e502e366-5518-42fd-8c69-f99eb85ee4e9","local_time":"20211214204905","is_ascension_mode":true,"campfire_choices":[{"data":"Bash","floor":7,"key":"SMITH"},{"floor":10,"key":"REST"},{"floor":15,"key":"REST"}],"neow_cost":"NONE","seed_source_timestamp":193301244879100,"circlet_count":0,"master_deck":["Strike_R","Strike_R","Strike_R","Strike_R","Strike_R","Defend_R+1","Defend_R","Defend_R","Defend_R","Bash+1","Whirlwind+1"],"relics":["Burning Blood","CeramicFish","Vajra","Eternal Feather","Juzu Bracelet","MealTicket","Letter Opener","Odd Mushroom"],"potions_floor_usage":[8,12,16],"damage_taken":[{"damage":4,"enemies":"2 Louse","floor":1,"turns":4},{"damage":5,"enemies":"Jaw Worm","floor":4,"turns":4},{"damage":33,"enemies":"Gremlin Nob","floor":6,"turns":5},{"damage":31,"enemies":"3 Sentries","floor":8,"turns":10},{"damage":39,"enemies":"Gremlin Nob","floor":11,"turns":5},{"damage":2,"enemies":"The Mushroom Lair","floor":12,"turns":4},{"damage":0,"enemies":"Small Slimes","floor":14,"turns":2},{"damage":53,"enemies":"The Guardian","floor":16,"turns":12}],"seed_played":"8637590299473590638","potions_obtained":[{"floor":4,"key":"SteroidPotion"},{"floor":6,"key":"Energy Potion"},{"floor":11,"key":"Block Potion"}],"is_trial":false,"path_per_floor":["M","?","?","M","$","E","R","E","T","R","E","?","?","M","R","B"],"character_chosen":"IRONCLAD","items_purchased":["Vajra"],"campfire_rested":2,"item_purchase_floors":[5],"current_hp_per_floor":[80,69,74,75,75,48,54,29,29,60,27,31,14,20,51,0],"gold":199,"neow_bonus":"RANDOM_COMMON_RELIC","is_prod":false,"is_daily":false,"chose_seed":false,"campfire_upgraded":1,"win_rate":0,"timestamp":1639511345,"path_taken":["M","?","?","M","?","E","R","E","T","R","E","?","?","M","R","BOSS"],"build_version":"2020-12-22","purchased_purges":0,"victory":false,"max_hp_per_floor":[80,80,85,85,85,85,85,85,85,85,85,85,85,85,85,85],"card_choices":[{"not_picked":["Twin Strike","Anger","Wild Strike"],"picked":"SKIP","floor":1},{"not_picked":["Warcry","Anger","Armaments"],"picked":"SKIP","floor":4},{"not_picked":["Shockwave","Combust","Seeing Red"],"picked":"SKIP","floor":6},{"not_picked":["Dark Embrace","Perfected Strike","Iron Wave"],"picked":"SKIP","floor":8},{"not_picked":["Twin Strike","Bloodletting"],"picked":"Whirlwind","floor":11},{"not_picked":["Warcry","Bloodletting","Headbutt"],"picked":"SKIP","floor":14}],"player_experience":1726798,"relics_obtained":[{"floor":6,"key":"Eternal Feather"},{"floor":8,"key":"Juzu Bracelet"},{"floor":9,"key":"MealTicket"},{"floor":11,"key":"Letter Opener"},{"floor":12,"key":"Odd Mushroom"}],"event_choices":[{"damage_healed":0,"gold_gain":75,"player_choice":"Gather Gold","damage_taken":11,"max_hp_gain":0,"max_hp_loss":0,"event_name":"World of Goop","floor":2,"gold_loss":0},{"damage_healed":0,"gold_gain":0,"player_choice":"Donut","damage_taken":0,"max_hp_gain":5,"max_hp_loss":0,"event_name":"Big Fish","floor":3,"gold_loss":0},{"damage_healed":0,"gold_gain":0,"player_choice":"Fought Mushrooms","damage_taken":0,"max_hp_gain":0,"max_hp_loss":0,"event_name":"Mushrooms","floor":12,"gold_loss":0},{"damage_healed":0,"gold_gain":0,"player_choice":"Entered Light","damage_taken":17,"max_hp_gain":0,"max_hp_loss":0,"event_name":"Shining Light","floor":13,"gold_loss":0,"cards_upgraded":["Defend_R","Whirlwind"]}],"is_beta":false,"boss_relics":[],"items_purged_floors":[],"is_endless":false,"potions_floor_spawned":[4,6,11],"killed_by":"The Guardian","ascension_level":1}