{"gold_per_floor":[109,109,129,149,199,199,230,59,110,110,138,158,174,207,207,305,305,316,326,339,539,152,152,186,196,196,106,140,140,175,120,120,223,273,292,101,101,101,101,134,181,198,198,198,223,223,243,274,274,274],"floor_reached":51,"playtime":2997,"items_purged":["Regret"],"score":1131,"play_id":"06a95fd7-83db-4cf7-99c6-d0dc5f09ea87","local_time":"20211219141447","is_ascension_mode":true,"campfire_choices":[{"data":"Sword Boomerang","floor":6,"key":"SMITH"},{"data":"Bash","floor":10,"key":"SMITH"},{"data":"Pot Of Greed","floor":15,"key":"SMITH"},{"data":"Pot Of Greed","floor":23,"key":"SMITH"},{"floor":29,"key":"RECALL"},{"data":"Strike_R","floor":32,"key":"SMITH"}],"neow_cost":"TEN_PERCENT_HP_LOSS","seed_source_timestamp":599092800255900,"circlet_count":0,"master_deck":["Strike_R+1","Strike_R+1","Defend_R+1","Defend_R+1","Defend_R+1","Bash+1","Sword Boomerang+1","Amnesia","Feel No Pain+1","Feel No Pain+1","Poisoned Strike+1","Dark Shackles+1","Midas Touch+1","Life Link+1","Pot Of Greed+1","Pot Of Greed+1","Injury","Hemogenesis+1","Ghostly Armor+1","Battle Trance+1","Delirium","Bandage Up+1","Pot Of Greed+1","Spreading Infection","Impervious+1","Life Link+1","Life Link+1","Dark Embrace+1","Demonic Infusion+1","ReplayTheSpireMod:Splinters","Enlightenment+1","Disarm+1","Disarm"],"relics":["Burning Blood","Ring of Fury","Ring of Greed","Blue Doll","Golden Egg","CaptainsWheel","ReplayTheSpireMod:ShopPack","Oddly Smooth Stone","Replay:Rubber Ducky","Grinning Jar","Replay:Bronze Core","Guide Book","Pet Ghost","Mummified Hand","HornCleat","War Paint","Replay:Baseball","Tiny House","Sling","FossilizedHelix","Bird Faced Urn","Sundial","PreservedInsect","Divine Protection"],"potions_floor_usage":[11,30,33,33,45,48,50,50],"damage_taken":[{"damage":1,"enemies":"Cultist","floor":1,"turns":3},{"damage":12,"enemies":"Small Slimes","floor":3,"turns":4},{"damage":6,"enemies":"Jaw Worm","floor":4,"turns":4},{"damage":36,"enemies":"Lagavulin","floor":7,"turns":4},{"damage":0,"enemies":"3 Sentries","floor":11,"turns":5},{"damage":0,"enemies":"Exordium Thugs","floor":12,"turns":5},{"damage":0,"enemies":"Lots of Slimes","floor":13,"turns":5},{"damage":7,"enemies":"Lagavulin","floor":14,"turns":5},{"damage":12,"enemies":"Slime Boss","floor":16,"turns":3},{"damage":1,"enemies":"Shell Parasite","floor":18,"turns":8},{"damage":8,"enemies":"2 Thieves","floor":19,"turns":4},{"damage":0,"enemies":"Snake Plant","floor":20,"turns":5},{"damage":1,"enemies":"Gremlin Leader","floor":24,"turns":6},{"damage":0,"enemies":"Snecko","floor":25,"turns":5},{"damage":0,"enemies":"Replay:Snechameleon","floor":28,"turns":6},{"damage":4,"enemies":"Slavers","floor":30,"turns":5},{"damage":29,"enemies":"Pondfish","floor":33,"turns":12},{"damage":0,"enemies":"Orb Walker","floor":35,"turns":3},{"damage":0,"enemies":"R_Hoarder","floor":40,"turns":7},{"damage":1,"enemies":"2 Orb Walkers","floor":41,"turns":6},{"damage":0,"enemies":"3 Shapes","floor":42,"turns":4},{"damage":0,"enemies":"Nemesis","floor":45,"turns":5},{"damage":6,"enemies":"Maw","floor":47,"turns":7},{"damage":0,"enemies":"Reptomancer","floor":48,"turns":5},{"damage":46,"enemies":"Replay:Hell Engine","floor":50,"turns":14}],"seed_played":"3496042688697562863","potions_obtained":[{"floor":1,"key":"Toxic Potion"},{"floor":4,"key":"EssenceOfSteel"},{"floor":12,"key":"Adrenaline Potion"},{"floor":16,"key":"ColorlessPotion"},{"floor":19,"key":"Strength Potion"},{"floor":33,"key":"Elixir"},{"floor":34,"key":"Regen Potion"},{"floor":40,"key":"Reflective Coating"},{"floor":45,"key":"SneckoOil"},{"floor":48,"key":"LifebloodPotion"}],"is_trial":false,"path_per_floor":["M","$","M","M","?","R","E","$","T","R","E","M","M","E","R","B",null,"M","M","M","?","$","R","E","M","T","?","E","R","E","$","R","B",null,"M","$","?","$","?","E","?","M","T","?","E","?","M","E","R","B",null],"character_chosen":"IRONCLAD","items_purchased":["Feel No Pain","ReplayTheSpireMod:ShopPack","Guide Book","Pet Ghost","Bandage Up+1","Sling","Dark Embrace+1"],"campfire_rested":0,"item_purchase_floors":[8,8,22,22,31,36,36],"current_hp_per_floor":[72,72,66,66,66,66,36,36,36,36,42,48,54,53,53,47,72,72,70,72,72,72,72,72,72,72,72,72,72,72,72,72,49,77,77,77,73,73,73,73,73,73,73,73,73,73,73,73,73,49],"gold":274,"neow_bonus":"REMOVE_TWO","is_prod":false,"is_daily":false,"chose_seed":false,"campfire_upgraded":5,"win_rate":0,"timestamp":1639919687,"path_taken":["M","?","?","M","?","R","E","$","T","R","E","M","M","E","R","BOSS","M","M","M","?","?","R","E","?","T","?","E","R","E","?","R","BOSS","M","$","?","$","?","E","?","M","T","?","E","?","M","E","R","BOSS"],"build_version":"2020-12-22","purchased_purges":1,"victory":true,"max_hp_per_floor":[72,72,72,72,72,72,72,72,72,72,72,72,72,72,72,72,72,72,72,72,72,72,72,72,72,72,72,72,72,72,72,72,72,77,77,77,73,73,73,73,73,73,73,73,73,73,73,73,73,73],"card_choices":[{"not_picked":["Entrench","Cleave"],"picked":"Sword Boomerang","floor":1},{"not_picked":["Twin Strike","True Grit","Havoc"],"picked":"SKIP","floor":3},{"not_picked":["Headbutt","Fiend Fire","Wild Strike"],"picked":"SKIP","floor":4},{"not_picked":["Heavy Blade","Exhume","Twin Strike"],"picked":"SKIP","floor":7},{"not_picked":["Sadistic Nature","Chrysalis"],"picked":"Poisoned Strike","floor":8},{"not_picked":["Specialist","Replay:Parry"],"picked":"Dark Shackles","floor":8},{"not_picked":["ReplayUltimateDefense","Replay:Parry"],"picked":"Midas Touch","floor":8},{"not_picked":["Cleave","Rage","Second Wind"],"picked":"SKIP","floor":11},{"not_picked":["Perfected Strike","Flex","Warcry"],"picked":"SKIP","floor":12},{"not_picked":["Armaments","Second Wind"],"picked":"Life Link","floor":13},{"not_picked":["Flex","Blood for Blood","True Grit"],"picked":"SKIP","floor":14},{"not_picked":["Exhume","Corruption"],"picked":"Hemogenesis","floor":16},{"not_picked":["Cleave","Pommel Strike"],"picked":"Ghostly Armor+1","floor":18},{"not_picked":["Metallicize+1","Replay:Undeath\u0027s Touch+1"],"picked":"Battle Trance","floor":19},{"not_picked":["Thunderclap+1","Fire Breathing","Sword Boomerang+1"],"picked":"SKIP","floor":20},{"not_picked":["Headbutt","Run Through","Uppercut"],"picked":"SKIP","floor":24},{"not_picked":["Run Through","Abandon","Rage"],"picked":"SKIP","floor":25},{"not_picked":["Massacre","Flex","Warcry+1"],"picked":"SKIP","floor":28},{"not_picked":["Thunderclap","Perfected Strike","Havoc"],"picked":"SKIP","floor":30},{"not_picked":["Bludgeon","Double Tap"],"picked":"Impervious","floor":33},{"not_picked":["Shrug It Off","Ghostly Armor"],"picked":"Life Link+1","floor":34},{"not_picked":["Heavy Blade","Shockwave+1"],"picked":"Life Link+1","floor":35},{"not_picked":["Shrug It Off","Wild Strike"],"picked":"Demonic Infusion","floor":40},{"not_picked":["Disarm","Twin Strike+1","ReplayTheSpireMod:Strike From Hell"],"picked":"SKIP","floor":42},{"not_picked":["Sadistic Nature","Purity"],"picked":"Enlightenment","floor":44},{"not_picked":["Rage+1","Clash+1"],"picked":"Disarm+1","floor":45},{"not_picked":["Warcry+1","Flex+1","Anger"],"picked":"SKIP","floor":47},{"not_picked":["Perfected Strike","Clash+1","Feed"],"picked":"SKIP","floor":48}],"player_experience":1741103,"relics_obtained":[{"floor":5,"key":"Ring of Fury"},{"floor":5,"key":"Ring of Greed"},{"floor":5,"key":"Blue Doll"},{"floor":5,"key":"Golden Egg"},{"floor":7,"key":"CaptainsWheel"},{"floor":9,"key":"Oddly Smooth Stone"},{"floor":11,"key":"Replay:Rubber Ducky"},{"floor":14,"key":"Grinning Jar"},{"floor":24,"key":"Mummified Hand"},{"floor":26,"key":"HornCleat"},{"floor":28,"key":"War Paint"},{"floor":30,"key":"Replay:Baseball"},{"floor":40,"key":"FossilizedHelix"},{"floor":41,"key":"Bird Faced Urn"},{"floor":43,"key":"Sundial"},{"floor":45,"key":"PreservedInsect"},{"floor":48,"key":"Divine Protection"}],"event_choices":[{"damage_healed":0,"gold_gain":250,"player_choice":"Bet on Owner","damage_taken":0,"max_hp_gain":0,"max_hp_loss":0,"event_name":"The Joust","floor":21,"gold_loss":50},{"cards_removed":["Shame"],"damage_healed":0,"gold_gain":0,"player_choice":"Upgrade and Remove","damage_taken":0,"max_hp_gain":0,"max_hp_loss":0,"event_name":"Designer","floor":27,"gold_loss":90,"cards_upgraded":["Defend_R"]},{"damage_healed":0,"gold_gain":0,"player_choice":"Max HP","damage_taken":0,"max_hp_gain":0,"max_hp_loss":4,"event_name":"Winding Halls","floor":37,"gold_loss":0},{"cards_removed":["Strike_R"],"damage_healed":0,"gold_gain":0,"player_choice":"Removed Attack","damage_taken":0,"max_hp_gain":0,"max_hp_loss":0,"event_name":"Falling","floor":39,"gold_loss":0},{"damage_healed":0,"gold_gain":0,"player_choice":"Fight","damage_taken":0,"max_hp_gain":0,"max_hp_loss":0,"event_name":"Mysterious Sphere","floor":41,"gold_loss":0},{"damage_healed":0,"gold_gain":0,"player_choice":"Memory 1","damage_taken":0,"max_hp_gain":0,"max_hp_loss":0,"event_name":"SensoryStone","floor":44,"gold_loss":0},{"damage_healed":0,"gold_gain":0,"player_choice":"Upgraded","damage_taken":0,"max_hp_gain":0,"max_hp_loss":0,"event_name":"Upgrade Shrine","floor":46,"gold_loss":0,"cards_upgraded":["Enlightenment"]}],"is_beta":false,"boss_relics":[{"not_picked":["Replay:Wanted Poster","Runic Cube"],"picked":"Replay:Bronze Core"},{"not_picked":["Mark of Pain","Ring of Chaos"],"picked":"Tiny House"}],"items_purged_floors":[22],"is_endless":false,"potions_floor_spawned":[1,4,12,16,19,25,33,40,42,45,48],"ascension_level":1}