{"gold_per_floor":[20,20,120,143,163,203,203,241,241,241,241],"floor_reached":11,"playtime":271,"items_purged":[],"score":85,"play_id":"19afbd4c-2973-43ee-83c8-0c5e7cf665d8","local_time":"20211216223319","is_ascension_mode":true,"campfire_choices":[{"floor":7,"key":"REST"}],"neow_cost":"NO_GOLD","seed_source_timestamp":372525682748700,"circlet_count":0,"master_deck":["Strike_R","Strike_R","Strike_R","Strike_R","Defend_R","Defend_R","Defend_R","Bash","Body Slam"],"relics":["Burning Blood","Golden Idol","Juzu Bracelet","Darkstone Periapt","Toxic Egg 2"],"potions_floor_usage":[6,8,11],"damage_taken":[{"damage":2,"enemies":"2 Louse","floor":1,"turns":3},{"damage":3,"enemies":"Small Slimes","floor":4,"turns":3},{"damage":1,"enemies":"Cultist","floor":5,"turns":4},{"damage":56,"enemies":"3 Sentries","floor":6,"turns":11},{"damage":23,"enemies":"Gremlin Nob","floor":8,"turns":4},{"damage":29,"enemies":"3 Sentries","floor":11,"turns":6}],"seed_played":"-1085050466392565916","potions_obtained":[{"floor":1,"key":"SpeedPotion"},{"floor":6,"key":"DuplicationPotion"},{"floor":8,"key":"Block Potion"}],"is_trial":false,"path_per_floor":["M","?","?","M","M","E","R","E","T","?","E"],"character_chosen":"IRONCLAD","items_purchased":[],"campfire_rested":1,"item_purchase_floors":[],"current_hp_per_floor":[80,74,74,74,74,24,46,29,29,29,0],"gold":241,"neow_bonus":"REMOVE_TWO","is_prod":false,"is_daily":false,"chose_seed":false,"campfire_upgraded":0,"win_rate":0,"timestamp":1639690399,"path_taken":["M","?","?","M","M","E","R","E","T","?","E"],"build_version":"2020-12-22","purchased_purges":0,"victory":false,"max_hp_per_floor":[80,74,74,74,74,74,74,74,74,74,74],"card_choices":[{"not_picked":["Fire Breathing","Cleave","Perfected Strike"],"picked":"SKIP","floor":1},{"not_picked":["Thunderclap","Heavy Blade","Havoc"],"picked":"SKIP","floor":4},{"not_picked":["Wild Strike","Havoc"],"picked":"Body Slam","floor":5},{"not_picked":["Cleave","Pommel Strike","Hemokinesis"],"picked":"SKIP","floor":6},{"not_picked":["Headbutt","Fiend Fire","Warcry"],"picked":"SKIP","floor":8}],"player_experience":1733715,"relics_obtained":[{"floor":6,"key":"Juzu Bracelet"},{"floor":8,"key":"Darkstone Periapt"},{"floor":9,"key":"Toxic Egg 2"}],"event_choices":[{"damage_healed":0,"gold_gain":0,"player_choice":"Lose Max HP","damage_taken":0,"relics_obtained":["Golden Idol"],"max_hp_gain":0,"max_hp_loss":6,"event_name":"Golden Idol","floor":2,"gold_loss":0},{"damage_healed":0,"gold_gain":100,"player_choice":"Pray","damage_taken":0,"max_hp_gain":0,"max_hp_loss":0,"event_name":"Golden Shrine","floor":3,"gold_loss":0},{"damage_healed":0,"gold_gain":0,"player_choice":"Ignored","damage_taken":0,"max_hp_gain":0,"max_hp_loss":0,"event_name":"Liars Game","floor":10,"gold_loss":0}],"is_beta":false,"boss_relics":[],"items_purged_floors":[],"is_endless":false,"potions_floor_spawned":[1,6,8],"killed_by":"3 Sentries","ascension_level":1}