{"gold_per_floor":[112,112,62,62,78,78,404,404,431,99,119,149,166,193,193,298,298,310,210,226,246,161,190,190,222,222,222,222,242,342,352,352,456,506,531,208,208,226,243,273,273,308,362,382,382,382,392,392,392,392],"floor_reached":50,"playtime":1337,"items_purged":["Strike_R","Strike_R","Defend_R"],"score":799,"play_id":"61d29c56-915d-4715-9254-e42a98b9d06f","local_time":"20211216212804","is_ascension_mode":true,"campfire_choices":[{"data":"Bash","floor":6,"key":"SMITH"},{"data":"Rampage","floor":8,"key":"SMITH"},{"floor":15,"key":"REST"},{"floor":27,"key":"REST"},{"floor":32,"key":"REST"},{"floor":41,"key":"REST"},{"floor":45,"key":"REST"},{"data":"Feed","floor":49,"key":"SMITH"}],"neow_cost":"NONE","seed_source_timestamp":367543893319700,"circlet_count":0,"master_deck":["Strike_R","Defend_R","Defend_R","Defend_R","Bash+1","Rampage+1","Feed+1","Double Tap+1","Shrug It Off+1"],"relics":["Runic Dome","Darkstone Periapt","Old Coin","Art of War","Matryoshka","TungstenRod","Paper Frog","SacredBark","CeramicFish","Mummified Hand","Question Card","Bottled Flame","Mercury Hourglass","Tiny House","Orichalcum","Bag of Preparation","Omamori","Potion Belt","Regal Pillow"],"potions_floor_usage":[7,20,21,23,25,33,33,33,42,42,46,47,50],"damage_taken":[{"damage":7,"enemies":"Small Slimes","floor":1,"turns":3},{"damage":0,"enemies":"Jaw Worm","floor":5,"turns":5},{"damage":22,"enemies":"3 Sentries","floor":7,"turns":14},{"damage":0,"enemies":"2 Louse","floor":11,"turns":3},{"damage":16,"enemies":"Lagavulin","floor":12,"turns":5},{"damage":3,"enemies":"2 Fungi Beasts","floor":13,"turns":4},{"damage":13,"enemies":"Gremlin Nob","floor":14,"turns":3},{"damage":0,"enemies":"Slime Boss","floor":16,"turns":8},{"damage":10,"enemies":"Shell Parasite","floor":18,"turns":4},{"damage":0,"enemies":"3 Byrds","floor":20,"turns":4},{"damage":0,"enemies":"Snake Plant","floor":21,"turns":2},{"damage":27,"enemies":"Slavers","floor":23,"turns":6},{"damage":23,"enemies":"Gremlin Leader","floor":25,"turns":6},{"damage":13,"enemies":"Snecko","floor":29,"turns":4},{"damage":29,"enemies":"Cultist and Chosen","floor":31,"turns":5},{"damage":0,"enemies":"Collector","floor":33,"turns":3},{"damage":57,"enemies":"3 Darklings","floor":35,"turns":10},{"damage":1,"enemies":"3 Shapes","floor":38,"turns":4},{"damage":0,"enemies":"Spire Growth","floor":39,"turns":3},{"damage":21,"enemies":"Giant Head","floor":40,"turns":6},{"damage":66,"enemies":"Nemesis","floor":42,"turns":7},{"damage":0,"enemies":"Transient","floor":44,"turns":5},{"damage":0,"enemies":"Giant Head","floor":46,"turns":1},{"damage":12,"enemies":"3 Darklings","floor":47,"turns":3},{"damage":113,"enemies":"Awakened One","floor":50,"turns":6}],"seed_played":"-8297670326598379279","potions_obtained":[{"floor":5,"key":"EssenceOfSteel"},{"floor":11,"key":"LiquidBronze"},{"floor":13,"key":"Dexterity Potion"},{"floor":14,"key":"Explosive Potion"},{"floor":20,"key":"Swift Potion"},{"floor":21,"key":"Strength Potion"},{"floor":23,"key":"ColorlessPotion"},{"floor":31,"key":"Strength Potion"},{"floor":34,"key":"PowerPotion"},{"floor":40,"key":"Weak Potion"},{"floor":42,"key":"SkillPotion"},{"floor":44,"key":"SmokeBomb"},{"floor":47,"key":"Block Potion"}],"is_trial":false,"path_per_floor":["M","?","?","?","M","R","E","R","T","$","M","E","M","E","R","B",null,"M","$","M","M","?","E","?","E","T","R","?","M","?","M","R","B",null,"M","$","?","M","M","E","R","E","T","M","R","E","M","?","R","B"],"character_chosen":"IRONCLAD","items_purchased":["Matryoshka","Orichalcum","Block Potion"],"campfire_rested":5,"item_purchase_floors":[10,36,36],"current_hp_per_floor":[73,73,73,70,70,70,48,48,48,48,48,32,32,22,47,50,89,79,79,82,82,82,58,58,35,35,63,45,35,35,6,36,40,112,55,55,55,57,57,39,74,8,8,8,58,58,46,103,103,0],"gold":392,"neow_bonus":"BOSS_RELIC","is_prod":false,"is_daily":false,"chose_seed":false,"campfire_upgraded":3,"win_rate":0,"timestamp":1639686484,"path_taken":["M","?","?","?","M","R","E","R","T","$","M","E","M","E","R","BOSS","M","$","M","M","?","E","?","E","T","R","?","M","?","M","R","BOSS","M","$","?","?","M","E","R","E","T","M","R","E","M","?","R","BOSS"],"build_version":"2020-12-22","purchased_purges":3,"victory":false,"max_hp_per_floor":[80,80,80,80,80,80,80,80,80,80,80,80,83,86,86,89,89,89,89,92,92,92,95,95,95,95,95,100,103,103,103,103,107,112,112,112,112,115,115,118,118,118,118,118,118,118,118,103,103,103],"card_choices":[{"not_picked":["Clothesline","Cleave","Sentinel"],"picked":"SKIP","floor":1},{"not_picked":["Battle Trance","Pommel Strike","Fire Breathing"],"picked":"SKIP","floor":5},{"not_picked":["Heavy Blade","Thunderclap"],"picked":"Rampage","floor":7},{"not_picked":["Heavy Blade","Second Wind","Rupture"],"picked":"SKIP","floor":11},{"not_picked":["Blood for Blood","Clothesline"],"picked":"Feed","floor":12},{"not_picked":["Hemokinesis","Uppercut","Power Through"],"picked":"SKIP","floor":13},{"not_picked":["Sword Boomerang","Dark Embrace","Burning Pact"],"picked":"SKIP","floor":14},{"not_picked":["Brutality","Limit Break"],"picked":"Double Tap","floor":16},{"not_picked":["Power Through","Wild Strike","Infernal Blade"],"picked":"SKIP","floor":18},{"not_picked":["Havoc","Twin Strike","Heavy Blade"],"picked":"SKIP","floor":20},{"not_picked":["Twin Strike","Perfected Strike+1","Carnage+1"],"picked":"SKIP","floor":21},{"not_picked":["Headbutt","Shockwave","Intimidate+1"],"picked":"SKIP","floor":23},{"not_picked":["Sentinel","Body Slam+1","Berserk"],"picked":"SKIP","floor":25},{"not_picked":["Rampage","Battle Trance","Clothesline","Thunderclap"],"picked":"SKIP","floor":29},{"not_picked":["Wild Strike+1","Perfected Strike","Thunderclap","Intimidate"],"picked":"SKIP","floor":31},{"not_picked":["Perfected Strike","Sword Boomerang+1","Armaments"],"picked":"Shrug It Off+1","floor":35},{"not_picked":["Pommel Strike","Heavy Blade+1","Warcry","Intimidate"],"picked":"SKIP","floor":38},{"not_picked":["Armaments","Battle Trance+1","Flex","Wild Strike+1"],"picked":"SKIP","floor":39},{"not_picked":["Limit Break","Thunderclap","Sentinel+1","Twin Strike+1"],"picked":"SKIP","floor":40},{"not_picked":["Headbutt","Cleave+1","Thunderclap+1","Sword Boomerang+1"],"picked":"SKIP","floor":42},{"not_picked":["Iron Wave","Cleave","Warcry+1","Sword Boomerang"],"picked":"SKIP","floor":44},{"not_picked":["Anger+1","Heavy Blade+1","Brutality","Pummel+1"],"picked":"SKIP","floor":47}],"player_experience":1731979,"relics_obtained":[{"floor":7,"key":"Old Coin"},{"floor":9,"key":"Art of War"},{"floor":12,"key":"TungstenRod"},{"floor":14,"key":"Paper Frog"},{"floor":23,"key":"Mummified Hand"},{"floor":25,"key":"Question Card"},{"floor":26,"key":"Bottled Flame"},{"floor":26,"key":"Mercury Hourglass"},{"floor":40,"key":"Bag of Preparation"},{"floor":42,"key":"Omamori"},{"floor":43,"key":"Potion Belt"},{"floor":43,"key":"Regal Pillow"}],"event_choices":[{"cards_removed":["Strike_R"],"damage_healed":0,"gold_gain":0,"player_choice":"Forget","damage_taken":0,"max_hp_gain":0,"max_hp_loss":0,"event_name":"Living Wall","floor":2,"gold_loss":0},{"cards_removed":["Strike_R"],"damage_healed":0,"gold_gain":0,"player_choice":"Card Removal","damage_taken":0,"max_hp_gain":0,"max_hp_loss":0,"event_name":"The Cleric","floor":3,"gold_loss":50},{"damage_healed":0,"gold_gain":0,"player_choice":"Success","damage_taken":3,"relics_obtained":["Darkstone Periapt"],"max_hp_gain":0,"max_hp_loss":0,"event_name":"Scrap Ooze","floor":4,"gold_loss":0},{"damage_healed":0,"gold_gain":0,"player_choice":"Obtained Relic","damage_taken":0,"relics_obtained":["CeramicFish"],"max_hp_gain":0,"max_hp_loss":0,"event_name":"Addict","floor":22,"gold_loss":85},{"damage_healed":0,"gold_gain":0,"player_choice":"Ignored","damage_taken":0,"max_hp_gain":0,"max_hp_loss":0,"event_name":"Vampires","floor":24,"gold_loss":0},{"damage_healed":0,"gold_gain":0,"player_choice":"Shed Blood","damage_taken":24,"max_hp_gain":5,"max_hp_loss":0,"event_name":"Forgotten Altar","floor":28,"gold_loss":0},{"damage_healed":0,"gold_gain":100,"player_choice":"Pray","damage_taken":0,"max_hp_gain":0,"max_hp_loss":0,"event_name":"Golden Shrine","floor":30,"gold_loss":0},{"damage_healed":0,"gold_gain":0,"player_choice":"0 cards matched","damage_taken":0,"max_hp_gain":0,"max_hp_loss":0,"event_name":"Match and Keep!","floor":37,"gold_loss":0,"cards_obtained":[]},{"damage_healed":103,"gold_gain":0,"player_choice":"Heal","damage_taken":0,"max_hp_gain":0,"max_hp_loss":15,"event_name":"The Moai Head","floor":48,"gold_loss":0}],"is_beta":false,"boss_relics":[{"not_picked":["Runic Cube","Snecko Eye"],"picked":"SacredBark"},{"not_picked":["Runic Pyramid","Cursed Key"],"picked":"Tiny House"}],"items_purged_floors":[10,19,36],"is_endless":false,"potions_floor_spawned":[5,11,13,14,20,21,23,31,40,42,44,47],"killed_by":"Awakened One","ascension_level":1}