{"gold_per_floor":[112,62,62,78,89,89,99,192,192,240,255,255,255,225,225,354,354],"floor_reached":17,"playtime":565,"items_purged":[],"score":173,"play_id":"a0229c74-7fca-4a86-a1bd-6ef618d2ecfa","local_time":"20211214164247","is_ascension_mode":true,"campfire_choices":[{"data":"Magnetism","floor":6,"key":"SMITH"},{"floor":12,"key":"REST"},{"data":"Demon Form","floor":15,"key":"SMITH"}],"neow_cost":"PERCENT_DAMAGE","seed_source_timestamp":178387542804600,"circlet_count":0,"master_deck":["Strike_R","Strike_R","Defend_R","Defend_R","Defend_R","Magnetism+1","Demon Form+1","Injury","Corruption","Demon Form+1","Anger+1","Immolate+1"],"relics":["Burning Blood","Blood Vial","Sundial","Ice Cream","Golden Idol","Astrolabe"],"potions_floor_usage":[],"damage_taken":[{"damage":0,"enemies":"Small Slimes","floor":1,"turns":4},{"damage":2,"enemies":"2 Louse","floor":4,"turns":4},{"damage":9,"enemies":"Cultist","floor":5,"turns":5},{"damage":28,"enemies":"Gremlin Gang","floor":7,"turns":9},{"damage":29,"enemies":"3 Sentries","floor":8,"turns":9},{"damage":1,"enemies":"Lagavulin","floor":10,"turns":11},{"damage":0,"enemies":"Blue Slaver","floor":11,"turns":8},{"damage":0,"enemies":"Looter","floor":14,"turns":4},{"damage":30,"enemies":"Hexaghost","floor":16,"turns":9}],"seed_played":"-799158319984285170","potions_obtained":[{"floor":1,"key":"BloodPotion"},{"floor":5,"key":"FairyPotion"},{"floor":7,"key":"BloodPotion"}],"is_trial":false,"path_per_floor":["M","?","?","M","M","R","M","E","T","E","M","R","?","M","R","B",null],"character_chosen":"IRONCLAD","items_purchased":[],"campfire_rested":1,"item_purchase_floors":[],"current_hp_per_floor":[62,62,62,66,63,63,41,18,18,25,33,57,57,65,65,43,80],"gold":354,"neow_bonus":"RANDOM_COLORLESS_2","is_prod":false,"is_daily":false,"chose_seed":false,"campfire_upgraded":2,"win_rate":0,"timestamp":1639496567,"path_taken":["M","?","?","M","?","R","M","E","T","E","?","R","?","M","R","BOSS"],"build_version":"2020-12-22","purchased_purges":0,"victory":false,"max_hp_per_floor":[80,80,80,80,80,80,80,80,80,80,80,80,80,80,80,80,80],"card_choices":[{"not_picked":["Mayhem","Panache"],"picked":"Magnetism","floor":0},{"not_picked":["Sentinel","Fire Breathing","Power Through"],"picked":"SKIP","floor":1},{"not_picked":["Warcry","Headbutt","Twin Strike"],"picked":"SKIP","floor":4},{"not_picked":["Pummel","Twin Strike","Anger"],"picked":"SKIP","floor":5},{"not_picked":["Warcry","Pommel Strike","Shockwave"],"picked":"SKIP","floor":7},{"not_picked":["Battle Trance","Body Slam","Thunderclap"],"picked":"SKIP","floor":8},{"not_picked":["Pommel Strike","Disarm"],"picked":"Demon Form","floor":10},{"not_picked":["Perfected Strike","Twin Strike","Iron Wave"],"picked":"SKIP","floor":11},{"not_picked":["Rage","Cleave","Metallicize"],"picked":"SKIP","floor":14},{"not_picked":["Bludgeon","Exhume"],"picked":"Corruption","floor":16}],"player_experience":1723694,"relics_obtained":[{"floor":8,"key":"Blood Vial"},{"floor":9,"key":"Sundial"},{"floor":10,"key":"Ice Cream"}],"event_choices":[{"cards_removed":["Strike_R"],"damage_healed":0,"gold_gain":0,"player_choice":"Card Removal","damage_taken":0,"max_hp_gain":0,"max_hp_loss":0,"event_name":"The Cleric","floor":2,"gold_loss":50},{"cards_removed":["Bash"],"damage_healed":0,"gold_gain":0,"player_choice":"Offered Basic","damage_taken":0,"max_hp_gain":0,"max_hp_loss":0,"event_name":"Bonfire Elementals","floor":3,"gold_loss":0},{"damage_healed":0,"gold_gain":0,"player_choice":"Take Wound","damage_taken":0,"relics_obtained":["Golden Idol"],"max_hp_gain":0,"max_hp_loss":0,"event_name":"Golden Idol","floor":13,"gold_loss":0,"cards_obtained":["Injury"]}],"is_beta":false,"boss_relics":[{"not_picked":["Tiny House","SlaversCollar"],"picked":"Astrolabe"}],"items_purged_floors":[],"is_endless":false,"potions_floor_spawned":[1,5,7,11],"ascension_level":1}