{"gold_per_floor":[99,99,99,99,99,99,99,99,99,5,5,5,5,5,5,5,5,5,0,0,0,0,0,0,0,0,0,0,0,0,0,0,0,0,0,0,0,0,0,0,0,0,0,0,0,0,0,0],"floor_reached":48,"playtime":1260,"items_purged":[],"score":533,"play_id":"75b86584-21c7-4bc8-8d35-ebb4db3342b9","local_time":"20211214160943","is_ascension_mode":false,"campfire_choices":[{"data":"Rupture","floor":6,"key":"SMITH"},{"data":"Hemokinesis","floor":8,"key":"SMITH"},{"data":"Bandage Up","floor":12,"key":"SMITH"},{"data":"Inflame","floor":15,"key":"SMITH"},{"floor":23,"key":"REST"},{"floor":25,"key":"REST"},{"data":"Rupture","floor":29,"key":"SMITH"},{"floor":32,"key":"REST"},{"floor":40,"key":"REST"},{"floor":47,"key":"REST"}],"neow_cost":"NONE","seed_source_timestamp":175708002642900,"circlet_count":0,"master_deck":["Strike_R+1","Strike_R+1","Strike_R+1","Strike_R+1","Strike_R+1","Defend_R+1","Defend_R+1","Defend_R+1","Defend_R+1","Bash","Armaments+1","Rupture+1","Hemokinesis+1","Bandage Up+1","Inflame+1","Offering","Feed","Dropkick","Heavy Blade+1","Rupture+1","Rupture+1","Offering","Impervious"],"relics":["Ectoplasm"],"potions_floor_usage":[42,44,44,44],"damage_taken":[{"damage":0,"enemies":"Cultist","floor":1,"turns":3},{"damage":6,"enemies":"Jaw Worm","floor":3,"turns":3},{"damage":0,"enemies":"Small Slimes","floor":4,"turns":2},{"damage":2,"enemies":"3 Louse","floor":7,"turns":3},{"damage":1,"enemies":"2 Fungi Beasts","floor":11,"turns":4},{"damage":2,"enemies":"Exordium Thugs","floor":13,"turns":4},{"damage":2,"enemies":"Blue Slaver","floor":14,"turns":3},{"damage":24,"enemies":"The Guardian","floor":16,"turns":5},{"damage":18,"enemies":"Spheric Guardian","floor":18,"turns":4},{"damage":22,"enemies":"3 Byrds","floor":20,"turns":5},{"damage":36,"enemies":"Snecko","floor":22,"turns":6},{"damage":10,"enemies":"Sentry and Sphere","floor":27,"turns":3},{"damage":27,"enemies":"Snake Plant","floor":30,"turns":3},{"damage":10,"enemies":"Cultist and Chosen","floor":31,"turns":3},{"damage":55,"enemies":"Champ","floor":33,"turns":7},{"damage":15,"enemies":"3 Shapes","floor":35,"turns":3},{"damage":62,"enemies":"Mind Bloom Boss Battle","floor":36,"turns":4},{"damage":21,"enemies":"Orb Walker","floor":37,"turns":3},{"damage":14,"enemies":"Spire Growth","floor":39,"turns":3},{"damage":31,"enemies":"4 Shapes","floor":41,"turns":10},{"damage":33,"enemies":"Sphere and 2 Shapes","floor":42,"turns":6},{"damage":21,"enemies":"Nemesis","floor":44,"turns":3},{"damage":12,"enemies":"Transient","floor":46,"turns":5},{"damage":70,"enemies":"Spire Growth","floor":48,"turns":6}],"seed_played":"2162925969883902536","potions_obtained":[{"floor":1,"key":"Regen Potion"},{"floor":3,"key":"EssenceOfSteel"},{"floor":13,"key":"BlessingOfTheForge"},{"floor":16,"key":"BloodPotion"},{"floor":27,"key":"Regen Potion"},{"floor":42,"key":"Fire Potion"},{"floor":44,"key":"CultistPotion"}],"is_trial":false,"path_per_floor":["M","?","M","M","?","R","M","R","T","$","M","R","M","M","R","B",null,"M","?","M","?","M","R","?","R","T","M","T","R","M","M","R","B",null,"M","?","M","?","M","R","M","M","T","E","$","M","R","M"],"character_chosen":"IRONCLAD","items_purchased":["Bandage Up"],"campfire_rested":5,"item_purchase_floors":[10],"current_hp_per_floor":[80,72,66,66,66,66,64,64,64,64,67,67,71,75,75,57,80,71,71,59,59,32,59,59,86,86,85,85,85,67,66,95,46,99,93,41,26,26,18,49,27,24,24,28,28,22,55,0],"gold":0,"neow_bonus":"BOSS_RELIC","is_prod":false,"is_daily":false,"chose_seed":false,"campfire_upgraded":5,"win_rate":0,"timestamp":1639494583,"path_taken":["M","?","?","M","?","R","M","R","T","?","M","R","M","M","R","BOSS","M","?","M","?","M","R","?","R","T","?","?","R","M","M","R","BOSS","M","?","M","?","M","R","M","M","T","E","?","?","R","M"],"build_version":"2020-12-22","purchased_purges":0,"victory":false,"max_hp_per_floor":[80,80,80,80,80,80,80,80,80,80,80,80,80,80,80,80,80,83,83,87,87,90,90,90,90,90,93,93,93,96,99,99,99,99,102,106,106,106,106,106,109,112,112,112,112,112,112,112],"card_choices":[{"not_picked":["Whirlwind","Carnage"],"picked":"Armaments","floor":1},{"not_picked":["Headbutt","Anger"],"picked":"Rupture","floor":3},{"not_picked":["Body Slam","Havoc"],"picked":"Hemokinesis","floor":4},{"not_picked":["Sword Boomerang","Twin Strike","Iron Wave"],"picked":"SKIP","floor":7},{"not_picked":["Flex","Dark Embrace","Body Slam"],"picked":"SKIP","floor":11},{"not_picked":["Thunderclap","Armaments"],"picked":"Inflame","floor":13},{"not_picked":["Carnage","Headbutt"],"picked":"Offering","floor":14},{"not_picked":["Exhume","Immolate"],"picked":"Feed","floor":16},{"not_picked":["Body Slam","Heavy Blade+1"],"picked":"Dropkick","floor":18},{"not_picked":["Thunderclap","Whirlwind"],"picked":"Heavy Blade+1","floor":20},{"not_picked":["Dropkick","Seeing Red"],"picked":"Rupture+1","floor":22},{"not_picked":["Iron Wave","Warcry"],"picked":"Rupture","floor":27},{"not_picked":["Anger+1","Armaments+1","Iron Wave+1"],"picked":"SKIP","floor":30},{"not_picked":["Body Slam+1","Havoc","Cleave"],"picked":"SKIP","floor":31},{"not_picked":["Demon Form","Feed"],"picked":"Offering","floor":33},{"not_picked":["Dual Wield","Spot Weakness+1","Warcry"],"picked":"SKIP","floor":35},{"not_picked":["Iron Wave+1","Uppercut+1","Wild Strike+1"],"picked":"SKIP","floor":37},{"not_picked":["Sword Boomerang+1","Uppercut","Thunderclap+1"],"picked":"SKIP","floor":39},{"not_picked":["Uppercut","Perfected Strike","Wild Strike+1"],"picked":"SKIP","floor":41},{"not_picked":["Perfected Strike","Twin Strike"],"picked":"Impervious","floor":42},{"not_picked":["Bludgeon","Battle Trance+1","Iron Wave+1"],"picked":"SKIP","floor":44},{"not_picked":["Perfected Strike+1","Wild Strike+1","Headbutt+1"],"picked":"SKIP","floor":46}],"player_experience":1721063,"relics_obtained":[],"event_choices":[{"damage_healed":0,"gold_gain":75,"player_choice":"Touch","damage_taken":8,"max_hp_gain":0,"max_hp_loss":0,"event_name":"FaceTrader","floor":2,"gold_loss":0},{"damage_healed":0,"gold_gain":0,"player_choice":"Upgraded","damage_taken":0,"max_hp_gain":0,"max_hp_loss":0,"event_name":"Upgrade Shrine","floor":5,"gold_loss":0,"cards_upgraded":["Armaments"]},{"damage_healed":0,"gold_gain":0,"player_choice":"Paid Fearfully","damage_taken":0,"max_hp_gain":0,"max_hp_loss":0,"event_name":"Masked Bandits","floor":19,"gold_loss":5},{"damage_healed":0,"gold_gain":0,"player_choice":"Ignored","damage_taken":0,"max_hp_gain":0,"max_hp_loss":0,"event_name":"Cursed Tome","floor":21,"gold_loss":0},{"damage_healed":0,"gold_gain":0,"player_choice":"Simplicity","damage_taken":0,"max_hp_gain":0,"max_hp_loss":0,"event_name":"Back to Basics","floor":24,"gold_loss":0,"cards_upgraded":["Strike_R","Strike_R","Strike_R","Strike_R","Strike_R","Defend_R","Defend_R","Defend_R","Defend_R"]},{"damage_healed":0,"gold_gain":0,"player_choice":"Fight","damage_taken":0,"max_hp_gain":0,"max_hp_loss":0,"event_name":"MindBloom","floor":36,"gold_loss":0},{"damage_healed":0,"gold_gain":0,"player_choice":"Ignored","damage_taken":0,"max_hp_gain":0,"max_hp_loss":0,"event_name":"Tomb of Lord Red Mask","floor":38,"gold_loss":0}],"is_beta":false,"boss_relics":[{"not_picked":["Philosopher\u0027s Stone","Pandora\u0027s Box","SacredBark"]},{"not_picked":["SlaversCollar","Black Star","Fusion Hammer"]}],"items_purged_floors":[],"is_endless":false,"potions_floor_spawned":[1,3,13,16,27,30,33,35,42,44],"killed_by":"Spire Growth","ascension_level":0}