{"gold_per_floor":[113,188,138,38,38,77,91,122,122,153,171,206,58,76,76,76],"floor_reached":16,"playtime":423,"items_purged":["Defend_R"],"score":161,"play_id":"4b702e81-f07e-4140-9eb6-fcce9ce34c46","local_time":"20211214192829","is_ascension_mode":true,"campfire_choices":[{"floor":15,"key":"REST"}],"neow_cost":"NONE","seed_source_timestamp":188472174931600,"circlet_count":0,"master_deck":["Strike_R","Strike_R","Strike_R","Strike_R","Defend_R","Defend_R","Defend_R","Bash","Dropkick","Shrug It Off","Body Slam"],"relics":["Burning Blood","NeowsBlessing","Golden Idol","Question Card","TungstenRod","Bottled Flame","Gremlin Horn","Dream Catcher","Sling"],"potions_floor_usage":[12,16,16],"damage_taken":[{"damage":0,"enemies":"Small Slimes","floor":1,"turns":1},{"damage":0,"enemies":"3 Sentries","floor":6,"turns":2},{"damage":0,"enemies":"2 Louse","floor":7,"turns":1},{"damage":22,"enemies":"Gremlin Nob","floor":8,"turns":4},{"damage":44,"enemies":"Lagavulin","floor":10,"turns":8},{"damage":1,"enemies":"Jaw Worm","floor":11,"turns":4},{"damage":13,"enemies":"Gremlin Nob","floor":12,"turns":4},{"damage":3,"enemies":"Blue Slaver","floor":14,"turns":5},{"damage":76,"enemies":"The Guardian","floor":16,"turns":16}],"seed_played":"698816419072726205","potions_obtained":[{"floor":1,"key":"FearPotion"},{"floor":8,"key":"Block Potion"},{"floor":11,"key":"BloodPotion"}],"is_trial":false,"path_per_floor":["M","?","?","$","?","E","M","E","T","E","M","E","$","M","R","B"],"character_chosen":"IRONCLAD","items_purchased":["Shrug It Off","Sling"],"campfire_rested":1,"item_purchase_floors":[4,13],"current_hp_per_floor":[80,69,69,69,69,74,74,58,58,20,25,18,18,21,43,0],"gold":76,"neow_bonus":"THREE_ENEMY_KILL","is_prod":false,"is_daily":false,"chose_seed":false,"campfire_upgraded":0,"win_rate":0,"timestamp":1639506509,"path_taken":["M","?","?","$","?","E","M","E","T","E","M","E","?","M","R","BOSS"],"build_version":"2020-12-22","purchased_purges":1,"victory":false,"max_hp_per_floor":[80,80,80,80,74,74,74,74,74,74,74,74,74,74,74,74],"card_choices":[{"not_picked":["Combust","Headbutt"],"picked":"Dropkick","floor":1},{"not_picked":["Clothesline","Twin Strike","Havoc"],"picked":"SKIP","floor":6},{"not_picked":["Headbutt","Thunderclap","Iron Wave","Sword Boomerang"],"picked":"SKIP","floor":7},{"not_picked":["Rampage","Inflame","Bludgeon","Anger"],"picked":"SKIP","floor":8},{"not_picked":["Perfected Strike","Heavy Blade","Shrug It Off","Inflame"],"picked":"SKIP","floor":10},{"not_picked":["Twin Strike","Armaments","Anger","Wild Strike"],"picked":"SKIP","floor":11},{"not_picked":["Entrench","Blood for Blood","Pommel Strike","Combust"],"picked":"SKIP","floor":12},{"not_picked":["Combust","Spot Weakness","Shockwave"],"picked":"Body Slam","floor":14}],"player_experience":1726375,"relics_obtained":[{"floor":6,"key":"Question Card"},{"floor":8,"key":"TungstenRod"},{"floor":9,"key":"Bottled Flame"},{"floor":10,"key":"Gremlin Horn"},{"floor":12,"key":"Dream Catcher"}],"event_choices":[{"damage_healed":0,"gold_gain":75,"player_choice":"Gather Gold","damage_taken":11,"max_hp_gain":0,"max_hp_loss":0,"event_name":"World of Goop","floor":2,"gold_loss":0},{"cards_removed":["Strike_R"],"damage_healed":0,"gold_gain":0,"player_choice":"Card Removal","damage_taken":0,"max_hp_gain":0,"max_hp_loss":0,"event_name":"The Cleric","floor":3,"gold_loss":50},{"damage_healed":0,"gold_gain":0,"player_choice":"Lose Max HP","damage_taken":0,"relics_obtained":["Golden Idol"],"max_hp_gain":0,"max_hp_loss":6,"event_name":"Golden Idol","floor":5,"gold_loss":0}],"is_beta":false,"boss_relics":[],"items_purged_floors":[4],"is_endless":false,"potions_floor_spawned":[1,8,11],"killed_by":"The Guardian","ascension_level":1}