{"gold_per_floor":[112,34,53,72,89,89,109,109,161,161,161,161,161,6,6,111,111,129,129,139,1,1,1,30,30],"floor_reached":25,"playtime":743,"items_purged":["Strike_R","Strike_R"],"score":209,"play_id":"1038d7b3-7399-4d1f-b1eb-b30f54799d0f","local_time":"20211212144812","is_ascension_mode":false,"campfire_choices":[{"data":"Rupture","floor":6,"key":"SMITH"},{"data":"Bloodletting","floor":8,"key":"SMITH"},{"data":"Bash","floor":10,"key":"SMITH"},{"data":"Strike_R","floor":12,"key":"SMITH"},{"data":"Rampage","floor":15,"key":"SMITH"},{"floor":23,"key":"REST"},{"floor":25,"key":"REST"}],"neow_cost":"NONE","seed_source_timestamp":5725176622100,"circlet_count":0,"master_deck":["Strike_R","Strike_R","Strike_R+1","Defend_R","Defend_R","Defend_R","Bash+1","Rupture+1","Bloodletting+1","Rampage+1","Demon Form","J.A.X.","Rupture"],"relics":["Runic Cube","Singing Bowl"],"potions_floor_usage":[18,20,24,24,24],"damage_taken":[{"damage":1,"enemies":"Jaw Worm","floor":1,"turns":5},{"damage":0,"enemies":"Small Slimes","floor":3,"turns":3},{"damage":8,"enemies":"2 Louse","floor":4,"turns":3},{"damage":7,"enemies":"Exordium Wildlife","floor":5,"turns":5},{"damage":8,"enemies":"3 Louse","floor":7,"turns":5},{"damage":28,"enemies":"The Guardian","floor":16,"turns":7},{"damage":7,"enemies":"Shell Parasite","floor":18,"turns":5},{"damage":30,"enemies":"3 Byrds","floor":20,"turns":5},{"damage":47,"enemies":"Gremlin Leader","floor":24,"turns":3}],"seed_played":"1013944467898104414","potions_obtained":[{"floor":1,"key":"Swift Potion"},{"floor":4,"key":"EntropicBrew"},{"floor":7,"key":"AttackPotion"},{"floor":18,"key":"DuplicationPotion"},{"floor":20,"key":"ColorlessPotion"}],"is_trial":false,"path_per_floor":["M","$","M","M","M","R","M","R","T","R","?","R","?","$","R","B",null,"M","?","M","$","?","R","E","R"],"character_chosen":"IRONCLAD","items_purchased":["Rupture","Rampage","Rupture"],"campfire_rested":2,"item_purchase_floors":[2,14,21],"current_hp_per_floor":[79,79,79,71,64,64,56,56,56,56,56,56,56,56,56,28,80,73,73,43,43,43,67,22,46],"gold":30,"neow_bonus":"BOSS_RELIC","is_prod":false,"is_daily":false,"chose_seed":false,"campfire_upgraded":5,"win_rate":0,"timestamp":1639316892,"path_taken":["M","$","M","M","M","R","M","R","T","R","?","R","?","$","R","BOSS","M","?","M","$","?","R","E","R"],"build_version":"2020-12-22","purchased_purges":2,"victory":false,"max_hp_per_floor":[80,80,80,80,80,80,80,80,80,80,80,80,80,80,80,80,80,80,80,80,80,80,80,82,82],"card_choices":[{"not_picked":["Battle Trance","Clothesline","Sever Soul"],"picked":"SKIP","floor":1},{"not_picked":["Havoc","Twin Strike","Intimidate"],"picked":"SKIP","floor":3},{"not_picked":["Clothesline","True Grit","Anger"],"picked":"SKIP","floor":4},{"not_picked":["Wild Strike","Iron Wave","Dark Embrace"],"picked":"SKIP","floor":5},{"not_picked":["Fire Breathing","Reckless Charge"],"picked":"Bloodletting","floor":7},{"not_picked":["Barricade","Berserk"],"picked":"Demon Form","floor":16},{"not_picked":["Entrench","Carnage","Perfected Strike"],"picked":"SKIP","floor":18},{"not_picked":["Havoc","Clash","Perfected Strike+1"],"picked":"SKIP","floor":20},{"not_picked":["Feel No Pain","Spot Weakness+1","Shockwave"],"picked":"Singing Bowl","floor":24}],"player_experience":1716822,"relics_obtained":[{"floor":24,"key":"Singing Bowl"}],"event_choices":[{"damage_healed":0,"gold_gain":0,"player_choice":"Fled","damage_taken":0,"max_hp_gain":0,"max_hp_loss":0,"event_name":"Scrap Ooze","floor":11,"gold_loss":0},{"damage_healed":0,"gold_gain":0,"player_choice":"Searched \u00270\u0027 times","damage_taken":0,"max_hp_gain":0,"max_hp_loss":0,"event_name":"Dead Adventurer","floor":13,"gold_loss":0},{"damage_healed":0,"gold_gain":0,"player_choice":"Obtain J.A.X.","damage_taken":0,"max_hp_gain":0,"max_hp_loss":0,"event_name":"Drug Dealer","floor":19,"gold_loss":0,"cards_obtained":["J.A.X."]},{"cards_removed":["Defend_R"],"damage_healed":0,"gold_gain":0,"player_choice":"Elegance","damage_taken":0,"max_hp_gain":0,"max_hp_loss":0,"event_name":"Back to Basics","floor":22,"gold_loss":0}],"is_beta":false,"boss_relics":[{"not_picked":["Astrolabe","Mark of Pain","Tiny House"]}],"items_purged_floors":[14,21],"is_endless":false,"potions_floor_spawned":[1,4,7,18,20],"ascension_level":0}