{"gold_per_floor":[116,191,208,208,208,208,236,252,252,280,296,296,316,329,329,429,429,439,364,364,364,384,384],"floor_reached":23,"playtime":927,"items_purged":["Defend_R"],"score":237,"play_id":"68e2cc0c-329f-4591-a0da-edacc1a3b90d","local_time":"20211216154730","is_ascension_mode":true,"campfire_choices":[{"data":"Body Slam","floor":6.0,"key":"SMITH"},{"data":"Strike_R","floor":12.0,"key":"PURGE"},{"data":"Strike_R","floor":15.0,"key":"PURGE"}],"neow_cost":"NONE","seed_source_timestamp":0,"circlet_count":0,"master_deck":["Defend_R","Defend_R","Defend_R","Body Slam+1","Pommel Strike","Shrug It Off"],"special_seed":0,"relics":["Burning Blood","NeowsBlessing","NlothsMask","Question Card","Peace Pipe","Empty Cage"],"potions_floor_usage":[23,23],"damage_taken":[{"damage":0.0,"enemies":"Small Slimes","floor":1.0,"turns":1.0},{"damage":0.0,"enemies":"2 Louse","floor":3.0,"turns":1.0},{"damage":0.0,"enemies":"Lagavulin","floor":7.0,"turns":1.0},{"damage":0.0,"enemies":"Cultist","floor":8.0,"turns":3.0},{"damage":31.0,"enemies":"Gremlin Nob","floor":10.0,"turns":5.0},{"damage":8.0,"enemies":"Red Slaver","floor":11.0,"turns":4.0},{"damage":6.0,"enemies":"2 Fungi Beasts","floor":13.0,"turns":4.0},{"damage":0.0,"enemies":"Exordium Thugs","floor":14.0,"turns":4.0},{"damage":66.0,"enemies":"The Guardian","floor":16.0,"turns":21.0},{"damage":15.0,"enemies":"Shell Parasite","floor":18.0,"turns":20.0},{"damage":9.0,"enemies":"3 Byrds","floor":22.0,"turns":8.0},{"damage":81,"enemies":"Gremlin Leader","floor":23,"turns":9}],"seed_played":"7431069300144160926","potions_obtained":[{"floor":3.0,"key":"Regen Potion"},{"floor":11.0,"key":"GamblersBrew"},{"floor":13.0,"key":"SpeedPotion"},{"floor":14.0,"key":"Dexterity Potion"},{"floor":22,"key":"PowerPotion"}],"is_trial":false,"path_per_floor":["M","?","M","?","?","R","E","M","T","E","M","R","M","M","R","B",null,"M","$","?","?","M","E"],"character_chosen":"IRONCLAD","items_purchased":[],"campfire_rested":0,"item_purchase_floors":[],"current_hp_per_floor":[80,69,75,75,75,75,80,80,80,55,53,53,53,59,59,14,80,71,71,71,71,68,0],"gold":384,"neow_bonus":"THREE_ENEMY_KILL","is_prod":false,"is_daily":false,"chose_seed":false,"campfire_upgraded":1,"win_rate":0,"timestamp":1639666050,"path_taken":["M","?","M","?","?","R","E","M","T","E","M","R","?","M","R","BOSS","M","$","?","?","M","E"],"build_version":"2020-12-22","purchased_purges":1,"victory":false,"max_hp_per_floor":[80,80,80,80,80,80,80,80,80,80,80,80,80,80,80,80,80,80,80,80,80,80,80],"card_choices":[{"not_picked":["Iron Wave","Armaments"],"picked":"Body Slam","floor":1.0},{"not_picked":["Wild Strike","Blood for Blood","Clash"],"picked":"SKIP","floor":3.0},{"not_picked":["Twin Strike","Havoc","Demon Form"],"picked":"SKIP","floor":7.0},{"not_picked":["Headbutt","Sever Soul","Blood for Blood","Twin Strike"],"picked":"SKIP","floor":8.0},{"not_picked":["Infernal Blade","Iron Wave","Inflame","Perfected Strike"],"picked":"SKIP","floor":10.0},{"not_picked":["True Grit","Cleave","Heavy Blade","Infernal Blade"],"picked":"SKIP","floor":11.0},{"not_picked":["Heavy Blade","Warcry","Clothesline","Ghostly Armor"],"picked":"SKIP","floor":13.0},{"not_picked":["Wild Strike","Cleave","Havoc","Bloodletting"],"picked":"SKIP","floor":14.0},{"not_picked":["Metallicize","Infernal Blade","Ghostly Armor"],"picked":"Pommel Strike","floor":18.0},{"not_picked":["Clothesline+1","Fire Breathing+1","Sever Soul","Pummel"],"picked":"SKIP","floor":22}],"player_experience":1730096,"relics_obtained":[{"floor":7.0,"key":"Question Card"},{"floor":10.0,"key":"Peace Pipe"}],"event_choices":[{"damage_healed":0.0,"max_hp_gain":0.0,"max_hp_loss":0.0,"gold_gain":75.0,"event_name":"World of Goop","player_choice":"Gather Gold","floor":2.0,"gold_loss":0.0,"damage_taken":11.0},{"cards_removed":["Strike_R"],"damage_healed":0.0,"max_hp_gain":0.0,"max_hp_loss":0.0,"gold_gain":0.0,"event_name":"Living Wall","player_choice":"Forget","floor":4.0,"gold_loss":0.0,"damage_taken":0.0},{"damage_healed":0.0,"max_hp_gain":0.0,"max_hp_loss":0.0,"gold_gain":0.0,"event_name":"FaceTrader","player_choice":"Trade","floor":5.0,"gold_loss":0.0,"damage_taken":0.0,"relics_obtained":["NlothsMask"]},{"damage_healed":0.0,"max_hp_gain":0.0,"max_hp_loss":0.0,"gold_gain":0.0,"event_name":"The Library","player_choice":"Read","floor":20.0,"gold_loss":0.0,"damage_taken":0.0,"cards_obtained":["Shrug It Off"]},{"cards_removed":["Bash"],"damage_healed":0.0,"max_hp_gain":0.0,"max_hp_loss":0.0,"gold_gain":0.0,"event_name":"Bonfire Elementals","player_choice":"Offered Basic","floor":21.0,"gold_loss":0.0,"damage_taken":0.0}],"is_beta":false,"boss_relics":[{"not_picked":["Cursed Key","Black Blood"],"picked":"Empty Cage"}],"items_purged_floors":[19],"is_endless":false,"potions_floor_spawned":[3,11,13,14,22],"killed_by":"Gremlin Leader","ascension_level":1}