{"gold_per_floor":[113,125,125,125,200,200,216,216,216,52,66,66,66,77,77,177,177,194,194,219,219,235,235,260,260,260,270,282,15,28,62,62,160,160,201,152,152,167,181,181,181,181,227,227,79,79,79,116,116,116],"floor_reached":51,"playtime":1371,"items_purged":["Bash","Doubt"],"score":673,"play_id":"757828e5-2e1b-49cb-b936-c9389bb09310","local_time":"20211214163259","is_ascension_mode":false,"campfire_choices":[{"data":"Body Slam","floor":6,"key":"SMITH"},{"data":"Iron Wave","floor":8,"key":"SMITH"},{"data":"Mayhem","floor":12,"key":"SMITH"},{"data":"Juggernaut","floor":15,"key":"SMITH"},{"data":"Shrug It Off","floor":23,"key":"SMITH"},{"data":"Flame Barrier","floor":25,"key":"SMITH"},{"data":"HandOfGreed","floor":32,"key":"SMITH"},{"data":"Reaper","floor":40,"key":"SMITH"},{"data":"Impervious","floor":44,"key":"SMITH"},{"data":"Rage","floor":47,"key":"SMITH"},{"data":"Shrug It Off","floor":49,"key":"SMITH"}],"neow_cost":"NONE","seed_source_timestamp":176984655986900,"circlet_count":0,"master_deck":["Strike_R+1","Strike_R+1","Strike_R+1","Strike_R+1","Strike_R+1","Defend_R+1","Defend_R+1","Defend_R+1","Defend_R+1","Body Slam+1","Iron Wave+1","Mayhem+1","Shrug It Off+1","Juggernaut+1","Body Slam+1","Flame Barrier+1","HandOfGreed+1","Rage+1","Reaper+1","Shrug It Off+1","Impervious+1","Iron Wave+1"],"relics":["Coffee Dripper"],"potions_floor_usage":[24,31,33,33,50,50,50],"damage_taken":[{"damage":1,"enemies":"Cultist","floor":1,"turns":3},{"damage":1,"enemies":"2 Louse","floor":2,"turns":3},{"damage":2,"enemies":"Small Slimes","floor":7,"turns":3},{"damage":10,"enemies":"Exordium Thugs","floor":11,"turns":4},{"damage":6,"enemies":"Lots of Slimes","floor":14,"turns":4},{"damage":23,"enemies":"Hexaghost","floor":16,"turns":8},{"damage":5,"enemies":"Shell Parasite","floor":18,"turns":4},{"damage":20,"enemies":"Masked Bandits","floor":20,"turns":5},{"damage":0,"enemies":"Spheric Guardian","floor":22,"turns":3},{"damage":8,"enemies":"Book of Stabbing","floor":24,"turns":4},{"damage":0,"enemies":"Chosen and Byrds","floor":27,"turns":4},{"damage":6,"enemies":"Centurion and Healer","floor":28,"turns":6},{"damage":11,"enemies":"3 Cultists","floor":30,"turns":5},{"damage":7,"enemies":"Gremlin Leader","floor":31,"turns":5},{"damage":54,"enemies":"Collector","floor":33,"turns":8},{"damage":4,"enemies":"3 Shapes","floor":35,"turns":5},{"damage":2,"enemies":"3 Darklings","floor":38,"turns":5},{"damage":16,"enemies":"Maw","floor":39,"turns":8},{"damage":20,"enemies":"Spire Growth","floor":48,"turns":5},{"damage":67,"enemies":"Donu and Deca","floor":50,"turns":10}],"seed_played":"7937719859136119422","potions_obtained":[{"floor":2,"key":"Dexterity Potion"},{"floor":7,"key":"Explosive Potion"},{"floor":16,"key":"BloodPotion"},{"floor":30,"key":"Energy Potion"},{"floor":31,"key":"BloodPotion"},{"floor":33,"key":"SneckoOil"},{"floor":39,"key":"Ancient Potion"}],"is_trial":false,"path_per_floor":["M","M","$","?","?","R","M","R","T","$","M","R","$","M","R","B",null,"M","?","?","?","M","R","E","R","T","M","M","$","M","E","R","B",null,"M","$","?","M","M","R","$","?","T","R","$","?","R","M","R","B",null],"character_chosen":"IRONCLAD","items_purchased":["Mayhem","HandOfGreed","Shrug It Off","AttackPotion"],"campfire_rested":0,"item_purchase_floors":[10,29,36,45],"current_hp_per_floor":[79,78,78,78,67,67,65,65,65,65,55,55,55,49,49,26,80,75,75,55,55,55,55,47,47,47,47,41,41,30,23,23,1,80,76,76,76,78,64,64,64,80,80,80,80,80,80,60,60,3],"gold":116,"neow_bonus":"BOSS_RELIC","is_prod":false,"is_daily":false,"chose_seed":false,"campfire_upgraded":11,"win_rate":0,"timestamp":1639495979,"path_taken":["M","?","$","?","?","R","?","R","T","$","M","R","?","M","R","BOSS","M","?","?","?","M","R","E","R","T","M","M","$","M","E","R","BOSS","M","$","?","M","M","R","?","?","T","R","$","?","R","M","R","BOSS"],"build_version":"2020-12-22","purchased_purges":2,"victory":true,"max_hp_per_floor":[80,80,80,80,80,80,80,80,80,80,80,80,80,80,80,80,80,80,80,80,80,80,80,80,80,80,80,80,80,80,80,80,80,80,80,80,80,80,80,80,80,80,80,80,80,80,80,80,80,80],"card_choices":[{"not_picked":["Flex","Iron Wave"],"picked":"Body Slam","floor":1},{"not_picked":["Rupture","Wild Strike","Uppercut"],"picked":"SKIP","floor":2},{"not_picked":["True Grit","Pummel"],"picked":"Iron Wave","floor":7},{"not_picked":["Spot Weakness","Anger"],"picked":"Shrug It Off","floor":11},{"not_picked":["Havoc","Thunderclap"],"picked":"Juggernaut","floor":14},{"not_picked":["Havoc","Burning Pact","Dropkick"],"picked":"SKIP","floor":18},{"not_picked":["Clash","Twin Strike"],"picked":"Body Slam+1","floor":22},{"not_picked":["Limit Break","Whirlwind"],"picked":"Flame Barrier","floor":24},{"not_picked":["Sword Boomerang","Twin Strike+1","Blood for Blood"],"picked":"SKIP","floor":27},{"not_picked":["Armaments","True Grit","Combust"],"picked":"SKIP","floor":28},{"not_picked":["Havoc","Clash"],"picked":"Rage","floor":30},{"not_picked":["Whirlwind","True Grit","Hemokinesis+1"],"picked":"SKIP","floor":31},{"not_picked":["Impervious","Demon Form"],"picked":"Reaper","floor":33},{"not_picked":["Armaments","Headbutt","Thunderclap+1"],"picked":"SKIP","floor":35},{"not_picked":["Dropkick+1","Warcry+1","Clothesline+1"],"picked":"SKIP","floor":38},{"not_picked":["Body Slam","True Grit"],"picked":"Impervious","floor":39},{"not_picked":["Hemokinesis+1","Power Through+1"],"picked":"Iron Wave+1","floor":48}],"player_experience":1722323,"relics_obtained":[],"event_choices":[{"damage_healed":0,"gold_gain":0,"player_choice":"Fled","damage_taken":0,"max_hp_gain":0,"max_hp_loss":0,"event_name":"Scrap Ooze","floor":4,"gold_loss":0},{"damage_healed":0,"gold_gain":75,"player_choice":"Gather Gold","damage_taken":11,"max_hp_gain":0,"max_hp_loss":0,"event_name":"World of Goop","floor":5,"gold_loss":0},{"damage_healed":0,"gold_gain":0,"player_choice":"Simplicity","damage_taken":0,"max_hp_gain":0,"max_hp_loss":0,"event_name":"Back to Basics","floor":19,"gold_loss":0,"cards_upgraded":["Strike_R","Strike_R","Strike_R","Strike_R","Strike_R","Defend_R","Defend_R","Defend_R","Defend_R"]},{"damage_healed":0,"gold_gain":0,"player_choice":"Fought Bandits","damage_taken":0,"max_hp_gain":0,"max_hp_loss":0,"event_name":"Masked Bandits","floor":20,"gold_loss":0},{"damage_healed":0,"gold_gain":0,"player_choice":"Ignored","damage_taken":0,"max_hp_gain":0,"max_hp_loss":0,"event_name":"Cursed Tome","floor":21,"gold_loss":0},{"damage_healed":0,"gold_gain":0,"player_choice":"Ignored","damage_taken":0,"max_hp_gain":0,"max_hp_loss":0,"event_name":"Tomb of Lord Red Mask","floor":37,"gold_loss":0},{"damage_healed":16,"gold_gain":0,"player_choice":"Heal","damage_taken":0,"max_hp_gain":0,"max_hp_loss":0,"event_name":"MindBloom","floor":42,"gold_loss":0,"cards_obtained":["Doubt"]},{"damage_healed":0,"gold_gain":0,"player_choice":"0 cards matched","damage_taken":0,"max_hp_gain":0,"max_hp_loss":0,"event_name":"Match and Keep!","floor":46,"gold_loss":0,"cards_obtained":[]}],"is_beta":false,"boss_relics":[{"not_picked":["Snecko Eye","Runic Pyramid","Calling Bell"]},{"not_picked":["Mark of Pain","Velvet Choker","Black Star"]}],"items_purged_floors":[29,45],"is_endless":false,"potions_floor_spawned":[2,7,16,18,30,31,33,39],"ascension_level":0}