{"gold_per_floor":[117,127,202,202,214,225,260,260,260,292,19,19,32,63,63,63],"floor_reached":16,"playtime":493,"items_purged":["Strike_R"],"score":152,"play_id":"6d9b29e1-db9b-4036-b459-e52a557fc624","local_time":"20211214170707","is_ascension_mode":true,"campfire_choices":[{"floor":15,"key":"REST"}],"neow_cost":"NONE","seed_source_timestamp":179920540924200,"circlet_count":0,"master_deck":["Strike_R","Strike_R","Strike_R","Strike_R","Defend_R","Defend_R+1","Defend_R","Bash+1","Ghostly Armor","Shrug It Off","Shrug It Off","Body Slam"],"relics":["Velvet Choker","Eternal Feather","Bird Faced Urn","CaptainsWheel","Membership Card","Omamori","Centennial Puzzle"],"potions_floor_usage":[14,14,16,16],"damage_taken":[{"damage":3,"enemies":"2 Louse","floor":1,"turns":3},{"damage":0,"enemies":"Small Slimes","floor":2,"turns":3},{"damage":0,"enemies":"Cultist","floor":5,"turns":4},{"damage":2,"enemies":"3 Louse","floor":6,"turns":4},{"damage":22,"enemies":"Gremlin Nob","floor":7,"turns":5},{"damage":14,"enemies":"Lagavulin","floor":10,"turns":10},{"damage":2,"enemies":"Looter","floor":13,"turns":3},{"damage":0,"enemies":"3 Sentries","floor":14,"turns":7},{"damage":33,"enemies":"Slime Boss","floor":16,"turns":13}],"seed_played":"-5412997441383235003","potions_obtained":[{"floor":1,"key":"EssenceOfSteel"},{"floor":7,"key":"Explosive Potion"},{"floor":10,"key":"SpeedPotion"},{"floor":14,"key":"ColorlessPotion"}],"is_trial":false,"path_per_floor":["M","M","?","?","M","M","E","?","T","E","$","?","M","E","R","B"],"character_chosen":"IRONCLAD","items_purchased":["Membership Card","Omamori"],"campfire_rested":1,"item_purchase_floors":[11,11],"current_hp_per_floor":[77,77,66,50,50,48,26,19,19,5,5,5,3,3,33,0],"gold":63,"neow_bonus":"BOSS_RELIC","is_prod":false,"is_daily":false,"chose_seed":false,"campfire_upgraded":0,"win_rate":0,"timestamp":1639498027,"path_taken":["M","M","?","?","M","M","E","?","T","E","$","?","M","E","R","BOSS"],"build_version":"2020-12-22","purchased_purges":1,"victory":false,"max_hp_per_floor":[80,80,80,80,80,80,80,80,80,80,80,80,80,80,80,80],"card_choices":[{"not_picked":["Burning Pact","Havoc"],"picked":"Ghostly Armor","floor":1},{"not_picked":["Twin Strike","Perfected Strike"],"picked":"Shrug It Off","floor":2},{"not_picked":["Heavy Blade","Whirlwind","Fiend Fire"],"picked":"SKIP","floor":5},{"not_picked":["Warcry","Iron Wave","True Grit"],"picked":"SKIP","floor":6},{"not_picked":["Infernal Blade","Corruption"],"picked":"Shrug It Off","floor":7},{"not_picked":["Perfected Strike","Shrug It Off"],"picked":"Body Slam","floor":10},{"not_picked":["Body Slam","Infernal Blade","Bludgeon"],"picked":"SKIP","floor":13},{"not_picked":["Heavy Blade","Sword Boomerang","Perfected Strike"],"picked":"SKIP","floor":14}],"player_experience":1725197,"relics_obtained":[{"floor":7,"key":"Eternal Feather"},{"floor":9,"key":"Bird Faced Urn"},{"floor":10,"key":"CaptainsWheel"},{"floor":14,"key":"Centennial Puzzle"}],"event_choices":[{"damage_healed":0,"gold_gain":75,"player_choice":"Gather Gold","damage_taken":11,"max_hp_gain":0,"max_hp_loss":0,"event_name":"World of Goop","floor":3,"gold_loss":0},{"damage_healed":0,"gold_gain":0,"player_choice":"Entered Light","damage_taken":16,"max_hp_gain":0,"max_hp_loss":0,"event_name":"Shining Light","floor":4,"gold_loss":0,"cards_upgraded":["Defend_R","Bash"]},{"cards_removed":["Defend_R"],"damage_healed":0,"gold_gain":0,"player_choice":"Card Removal","damage_taken":7,"max_hp_gain":0,"max_hp_loss":0,"event_name":"Golden Wing","floor":8,"gold_loss":0},{"damage_healed":0,"gold_gain":0,"player_choice":"Ignored","damage_taken":0,"max_hp_gain":0,"max_hp_loss":0,"event_name":"NoteForYourself","floor":12,"gold_loss":0}],"is_beta":false,"boss_relics":[],"items_purged_floors":[11],"is_endless":false,"potions_floor_spawned":[1,7,10,14],"killed_by":"Slime Boss","ascension_level":1}