{"gold_per_floor":[114,114,114,189,189,216,236,236,236,236,268],"floor_reached":11,"playtime":151,"items_purged":[],"score":83,"play_id":"b2870b81-c0bf-4c63-aebc-8dd0d044425d","local_time":"20211212021820","is_ascension_mode":true,"campfire_choices":[{"data":"Inflame","floor":8,"key":"SMITH"},{"data":"Bash","floor":10,"key":"SMITH"}],"neow_cost":"NONE","seed_source_timestamp":1431143659900,"circlet_count":0,"master_deck":["Strike_R","Strike_R+1","Strike_R","Strike_R","Strike_R","Defend_R+1","Defend_R","Defend_R","Defend_R","Bash+1","Inflame+1","Rage"],"relics":["Runic Dome","Calipers","Paper Frog","Sundial"],"potions_floor_usage":[],"damage_taken":[{"damage":1,"enemies":"Cultist","floor":1,"turns":3},{"damage":8,"enemies":"Gremlin Nob","floor":6,"turns":3},{"damage":0,"enemies":"2 Louse","floor":7,"turns":2},{"damage":7,"enemies":"Lagavulin","floor":11,"turns":5}],"seed_played":"-6779129136383668511","potions_obtained":[{"floor":6,"key":"SneckoOil"},{"floor":7,"key":"SneckoOil"},{"floor":11,"key":"Dexterity Potion"}],"is_trial":false,"path_per_floor":["M","T","?","?","?","E","M","R","T","R","E"],"character_chosen":"IRONCLAD","items_purchased":[],"campfire_rested":0,"item_purchase_floors":[],"current_hp_per_floor":[79,79,84,73,56,48,48,48,48,48,41],"gold":268,"neow_bonus":"BOSS_RELIC","is_prod":false,"is_daily":false,"chose_seed":false,"campfire_upgraded":2,"win_rate":0,"timestamp":1639271900,"path_taken":["M","?","?","?","?","E","M","R","T","R","E"],"build_version":"2020-12-22","purchased_purges":0,"victory":false,"max_hp_per_floor":[80,80,85,85,85,85,85,85,85,85,85],"card_choices":[{"not_picked":["Havoc","Iron Wave"],"picked":"Inflame","floor":1},{"not_picked":["Clothesline","Fire Breathing"],"picked":"Rage","floor":6},{"not_picked":["Carnage","Clash","Clothesline"],"picked":"SKIP","floor":7}],"player_experience":1711042,"relics_obtained":[{"floor":6,"key":"Calipers"},{"floor":9,"key":"Paper Frog"},{"floor":11,"key":"Sundial"}],"event_choices":[{"damage_healed":0,"gold_gain":0,"player_choice":"Donut","damage_taken":0,"max_hp_gain":5,"max_hp_loss":0,"event_name":"Big Fish","floor":3,"gold_loss":0},{"damage_healed":0,"gold_gain":75,"player_choice":"Gather Gold","damage_taken":11,"max_hp_gain":0,"max_hp_loss":0,"event_name":"World of Goop","floor":4,"gold_loss":0},{"damage_healed":0,"gold_gain":0,"player_choice":"Entered Light","damage_taken":17,"max_hp_gain":0,"max_hp_loss":0,"event_name":"Shining Light","floor":5,"gold_loss":0,"cards_upgraded":["Defend_R","Strike_R"]}],"is_beta":false,"boss_relics":[],"items_purged_floors":[],"is_endless":false,"potions_floor_spawned":[6,7,11],"killed_by":"Lagavulin","ascension_level":1}