{"gold_per_floor":[119,44,54,329,346,373,35,48,97,108,127,144,219,234,234,336,336,276],"floor_reached":18,"playtime":559,"items_purged":["Defend_R","Regret"],"score":166,"play_id":"1579f105-55b2-427b-9c44-08b28db957f0","local_time":"20211212023525","is_ascension_mode":false,"campfire_choices":[{"floor":15,"key":"REST"}],"neow_cost":"NONE","seed_source_timestamp":2036764479700,"circlet_count":0,"master_deck":["Strike_R","Strike_R","Strike_R","Strike_R","Strike_R","Defend_R","Defend_R","Defend_R","Bash","Ghostly Armor","Body Slam","Ghostly Armor","Master of Strategy","Shrug It Off","Battle Trance","Entrench","Feel No Pain","Barricade"],"special_seed":0,"relics":["Busted Crown","Akabeko"],"potions_floor_usage":[16],"damage_taken":[{"damage":0.0,"enemies":"Small Slimes","floor":1.0,"turns":3.0},{"damage":1.0,"enemies":"Cultist","floor":3.0,"turns":3.0},{"damage":1.0,"enemies":"Jaw Worm","floor":5.0,"turns":3.0},{"damage":41.0,"enemies":"3 Sentries","floor":6.0,"turns":10.0},{"damage":0,"enemies":"2 Fungi Beasts","floor":8,"turns":4},{"damage":0,"enemies":"Exordium Thugs","floor":10,"turns":3},{"damage":0,"enemies":"Blue Slaver","floor":11,"turns":3},{"damage":3,"enemies":"Large Slime","floor":12,"turns":5},{"damage":1,"enemies":"3 Louse","floor":14,"turns":3},{"damage":14,"enemies":"The Guardian","floor":16,"turns":12},{"damage":0,"enemies":"2 Thieves","floor":18,"turns":4}],"seed_played":"2069523701500093537","potions_obtained":[{"floor":1.0,"key":"BlessingOfTheForge"},{"floor":8,"key":"Fire Potion"},{"floor":10,"key":"SteroidPotion"}],"is_trial":false,"path_per_floor":["M","$","M","?","M","E","$","M","T","M","M","M","?","M","R","B",null,"M"],"character_chosen":"IRONCLAD","items_purchased":["Master of Strategy","Shrug It Off"],"campfire_rested":1,"item_purchase_floors":[7,7],"current_hp_per_floor":[80,80,79,79,78,37,37,37,37,37,37,34,23,22,46,32,80,80],"gold":276,"neow_bonus":"BOSS_RELIC","is_prod":false,"is_daily":false,"chose_seed":false,"campfire_upgraded":0,"win_rate":0,"timestamp":1639272925,"path_taken":["M","$","M","?","?","E","$","M","T","M","M","?","?","M","R","BOSS","M"],"build_version":"2020-12-22","purchased_purges":2,"victory":false,"max_hp_per_floor":[80,80,80,80,80,80,80,80,80,80,80,80,80,80,80,80,80,80],"card_choices":[{"not_picked":[],"picked":"Ghostly Armor","floor":1.0},{"not_picked":[],"picked":"Body Slam","floor":3.0},{"not_picked":["Flex"],"picked":"SKIP","floor":5.0},{"not_picked":[],"picked":"Ghostly Armor","floor":6},{"not_picked":[],"picked":"Battle Trance","floor":8},{"not_picked":["Havoc"],"picked":"SKIP","floor":10},{"not_picked":["Bloodletting"],"picked":"SKIP","floor":11},{"not_picked":[],"picked":"Entrench","floor":12},{"not_picked":[],"picked":"Feel No Pain","floor":14},{"not_picked":[],"picked":"Barricade","floor":16}],"player_experience":1711631,"relics_obtained":[{"floor":9,"key":"Akabeko"}],"event_choices":[{"damage_healed":0.0,"max_hp_gain":0.0,"max_hp_loss":0.0,"gold_gain":275.0,"event_name":"Golden Shrine","player_choice":"Desecrate","floor":4.0,"gold_loss":0.0,"damage_taken":0.0,"cards_obtained":["Regret"]},{"damage_healed":0,"gold_gain":75,"player_choice":"Gather Gold","damage_taken":11,"max_hp_gain":0,"max_hp_loss":0,"event_name":"World of Goop","floor":13,"gold_loss":0}],"is_beta":false,"boss_relics":[{"not_picked":["Ectoplasm","Fusion Hammer","Velvet Choker"]}],"items_purged_floors":[2,7],"is_endless":false,"potions_floor_spawned":[1,8,10,12],"killed_by":"2 Thieves","ascension_level":0}