{"gold_per_floor":[111,122,197,167,183,217,217,121,121,121,131,131,156,195,195,321,321,344,362,0,0,15,15],"floor_reached":23,"playtime":989,"items_purged":["Strike_R","Defend_R"],"score":211,"play_id":"d3b3db91-c022-4d69-87f8-050052e108ac","local_time":"20211214212707","is_ascension_mode":true,"campfire_choices":[{"floor":7,"key":"REST"},{"data":"Shrug It Off","floor":10,"key":"SMITH"},{"floor":15,"key":"REST"}],"neow_cost":"NONE","seed_source_timestamp":195024198019100,"circlet_count":0,"master_deck":["Strike_R","Defend_R","Defend_R","Bash","Shrug It Off+1","Reaper+1","Flame Barrier+1","Warcry+1","Body Slam"],"relics":["Runic Pyramid","Smiling Mask","Bottled Lightning","Golden Idol","Boot","Astrolabe","Paper Frog"],"potions_floor_usage":[6,23],"damage_taken":[{"damage":0,"enemies":"Small Slimes","floor":1,"turns":3},{"damage":5,"enemies":"Jaw Worm","floor":2,"turns":6},{"damage":3,"enemies":"Cultist","floor":5,"turns":5},{"damage":29,"enemies":"3 Sentries","floor":6,"turns":10},{"damage":8,"enemies":"2 Fungi Beasts","floor":11,"turns":4},{"damage":0,"enemies":"Large Slime","floor":13,"turns":5},{"damage":25,"enemies":"Lagavulin","floor":14,"turns":10},{"damage":35,"enemies":"The Guardian","floor":16,"turns":20},{"damage":2,"enemies":"Spheric Guardian","floor":18,"turns":21},{"damage":0,"enemies":"3 Byrds","floor":19,"turns":1},{"damage":6,"enemies":"Snake Plant","floor":22,"turns":6},{"damage":91,"enemies":"Gremlin Leader","floor":23,"turns":9}],"seed_played":"-3291987828884276864","potions_obtained":[{"floor":2,"key":"Ancient Potion"},{"floor":4,"key":"LiquidBronze"},{"floor":4,"key":"GamblersBrew"},{"floor":18,"key":"EntropicBrew"}],"is_trial":false,"path_per_floor":["M","M","?","?","M","E","R","$","T","R","M","?","M","E","R","B",null,"M","M","$","?","M","E"],"character_chosen":"IRONCLAD","items_purchased":["Shrug It Off","Body Slam","Paper Frog"],"campfire_rested":2,"item_purchase_floors":[8,20,20],"current_hp_per_floor":[80,75,64,64,61,32,56,56,56,56,48,48,48,23,45,10,74,74,74,74,74,73,0],"gold":15,"neow_bonus":"BOSS_RELIC","is_prod":false,"is_daily":false,"chose_seed":false,"campfire_upgraded":1,"win_rate":0,"timestamp":1639513627,"path_taken":["M","M","?","?","M","E","R","$","T","R","?","?","M","E","R","BOSS","M","M","$","?","?","E"],"build_version":"2020-12-22","purchased_purges":2,"victory":false,"max_hp_per_floor":[80,80,80,80,80,80,80,80,80,80,80,74,74,74,74,74,74,74,74,74,74,74,74],"card_choices":[{"not_picked":["Flex","Havoc","Thunderclap"],"picked":"SKIP","floor":1},{"not_picked":["Warcry","Sword Boomerang","Pommel Strike"],"picked":"SKIP","floor":2},{"not_picked":["Wild Strike","Clothesline","Headbutt"],"picked":"SKIP","floor":5},{"not_picked":["Power Through","Flame Barrier","Double Tap"],"picked":"SKIP","floor":6},{"not_picked":["Sword Boomerang","Heavy Blade","Flex"],"picked":"SKIP","floor":11},{"not_picked":["Thunderclap","Heavy Blade","Havoc"],"picked":"SKIP","floor":13},{"not_picked":["Havoc","Thunderclap","Evolve"],"picked":"SKIP","floor":14},{"not_picked":["Evolve","Wild Strike","Power Through"],"picked":"SKIP","floor":18},{"not_picked":["True Grit","Wild Strike","Havoc"],"picked":"SKIP","floor":19},{"not_picked":["Pommel Strike+1","Sentinel","Iron Wave+1"],"picked":"SKIP","floor":22}],"player_experience":1728490,"relics_obtained":[{"floor":6,"key":"Smiling Mask"},{"floor":9,"key":"Bottled Lightning"},{"floor":14,"key":"Boot"}],"event_choices":[{"damage_healed":0,"gold_gain":75,"player_choice":"Gather Gold","damage_taken":11,"max_hp_gain":0,"max_hp_loss":0,"event_name":"World of Goop","floor":3,"gold_loss":0},{"damage_healed":0,"gold_gain":0,"player_choice":"Bought 2 Potions","damage_taken":0,"max_hp_gain":0,"max_hp_loss":0,"event_name":"The Woman in Blue","floor":4,"gold_loss":0},{"damage_healed":0,"gold_gain":0,"player_choice":"Lose Max HP","damage_taken":0,"relics_obtained":["Golden Idol"],"max_hp_gain":0,"max_hp_loss":6,"event_name":"Golden Idol","floor":12,"gold_loss":0},{"cards_removed":["Strike_R"],"damage_healed":0,"gold_gain":0,"player_choice":"Purged","damage_taken":0,"max_hp_gain":0,"max_hp_loss":0,"event_name":"Purifier","floor":21,"gold_loss":0}],"is_beta":false,"boss_relics":[{"not_picked":["Coffee Dripper","Cursed Key"],"picked":"Astrolabe"}],"items_purged_floors":[8,20],"is_endless":false,"potions_floor_spawned":[2,18],"killed_by":"Gremlin Leader","ascension_level":1}