{"gold_per_floor":[109,109,27,27,40,67,93,112,112,160,160,176,196,196,196,196],"floor_reached":16,"playtime":436,"items_purged":[],"score":105,"play_id":"cc0568c0-7e39-41a1-8f12-05e6b32d7965","local_time":"20211218161438","is_ascension_mode":true,"campfire_choices":[{"floor":11,"key":"REST"},{"floor":15,"key":"REST"}],"neow_cost":"NONE","seed_source_timestamp":522441823731200,"circlet_count":0,"master_deck":["Strike_R","Strike_R","Strike_R","Strike_R","Strike_R","Defend_R","Defend_R","Defend_R","Defend_R","Bash","Dropkick","Trip","Decay"],"relics":["Mark of Pain","Magic Flower","Odd Mushroom","Question Card","Toy Ornithopter"],"potions_floor_usage":[7,16],"damage_taken":[{"damage":6,"enemies":"Jaw Worm","floor":1,"turns":4},{"damage":2,"enemies":"2 Louse","floor":5,"turns":2},{"damage":48,"enemies":"3 Sentries","floor":6,"turns":12},{"damage":24,"enemies":"The Mushroom Lair","floor":7,"turns":6},{"damage":1,"enemies":"Cultist","floor":8,"turns":3},{"damage":17,"enemies":"Exordium Wildlife","floor":12,"turns":4},{"damage":9,"enemies":"Blue Slaver","floor":13,"turns":4},{"damage":41,"enemies":"The Guardian","floor":16,"turns":8}],"seed_played":"4522899436901826354","potions_obtained":[{"floor":5,"key":"LiquidMemories"},{"floor":6,"key":"DuplicationPotion"}],"is_trial":false,"path_per_floor":["M","?","$","?","M","E","?","M","T","T","R","M","M","?","R","B"],"character_chosen":"IRONCLAD","items_purchased":["Trip"],"campfire_rested":2,"item_purchase_floors":[3],"current_hp_per_floor":[74,79,79,79,77,29,5,4,4,4,29,12,3,3,28,0],"gold":196,"neow_bonus":"BOSS_RELIC","is_prod":false,"is_daily":false,"chose_seed":false,"campfire_upgraded":0,"win_rate":0,"timestamp":1639840478,"path_taken":["M","?","$","?","?","E","?","M","T","?","R","?","M","?","R","BOSS"],"build_version":"2020-12-22","purchased_purges":0,"victory":false,"max_hp_per_floor":[80,85,85,85,85,85,85,85,85,85,85,85,85,85,85,85],"card_choices":[{"not_picked":["Armaments","Reckless Charge"],"picked":"Dropkick","floor":1},{"not_picked":["Battle Trance","Twin Strike","True Grit"],"picked":"SKIP","floor":5},{"not_picked":["Body Slam","Wild Strike","Thunderclap"],"picked":"SKIP","floor":6},{"not_picked":["Clothesline","Pommel Strike","Warcry"],"picked":"SKIP","floor":8},{"not_picked":["Pommel Strike","Warcry","Havoc","Flex"],"picked":"SKIP","floor":12},{"not_picked":["Metallicize","Dark Embrace","Feed","Wild Strike"],"picked":"SKIP","floor":13}],"player_experience":1735480,"relics_obtained":[{"floor":6,"key":"Magic Flower"},{"floor":7,"key":"Odd Mushroom"},{"floor":9,"key":"Question Card"},{"floor":10,"key":"Toy Ornithopter"}],"event_choices":[{"damage_healed":0,"gold_gain":0,"player_choice":"Donut","damage_taken":0,"max_hp_gain":5,"max_hp_loss":0,"event_name":"Big Fish","floor":2,"gold_loss":0},{"damage_healed":0,"gold_gain":0,"player_choice":"Cursed","damage_taken":0,"max_hp_gain":0,"max_hp_loss":0,"event_name":"Wheel of Change","floor":4,"gold_loss":0,"cards_obtained":["Decay"]},{"damage_healed":0,"gold_gain":0,"player_choice":"Fought Mushrooms","damage_taken":0,"max_hp_gain":0,"max_hp_loss":0,"event_name":"Mushrooms","floor":7,"gold_loss":0},{"damage_healed":0,"gold_gain":0,"player_choice":"Ignored","damage_taken":0,"max_hp_gain":0,"max_hp_loss":0,"event_name":"Shining Light","floor":14,"gold_loss":0}],"is_beta":false,"boss_relics":[],"items_purged_floors":[],"is_endless":false,"potions_floor_spawned":[5,6],"killed_by":"The Guardian","ascension_level":1}