{"gold_per_floor":[116,116,130,144,155,155,230,405,405,423,423,252,252,269,269,269],"floor_reached":16,"playtime":587,"items_purged":["Doubt"],"score":92,"play_id":"efdca18d-32ce-41c6-a43c-b842ceb23e2c","local_time":"20211213001803","is_ascension_mode":false,"campfire_choices":[{"floor":6.0,"key":"REST"},{"floor":11.0,"key":"REST"},{"floor":15,"key":"RECALL"}],"neow_cost":"NONE","seed_source_timestamp":32811304194900,"circlet_count":0,"master_deck":["Strike_R","Strike_R+1","Strike_R","Strike_R","Strike_R+1","Defend_R","Defend_R","Defend_R","Bash","True Grit","Dropkick","Shrug It Off","Disarm","Bandage Up"],"special_seed":0,"relics":["Fusion Hammer"],"potions_floor_usage":[16],"damage_taken":[{"damage":6.0,"enemies":"Jaw Worm","floor":1.0,"turns":3.0},{"damage":0.0,"enemies":"2 Louse","floor":3.0,"turns":2.0},{"damage":0.0,"enemies":"Small Slimes","floor":4.0,"turns":2.0},{"damage":1.0,"enemies":"2 Fungi Beasts","floor":5.0,"turns":3.0},{"damage":9.0,"enemies":"3 Louse","floor":10.0,"turns":4.0},{"damage":0,"enemies":"Exordium Wildlife","floor":14,"turns":2},{"damage":80,"enemies":"Slime Boss","floor":16,"turns":12}],"seed_played":"4016335040034275911","potions_obtained":[{"floor":1.0,"key":"PowerPotion"},{"floor":5.0,"key":"FearPotion"}],"is_trial":false,"path_per_floor":["M","?","M","M","M","R","?","?","T","M","R","$","?","M","R","B"],"character_chosen":"IRONCLAD","items_purchased":["Bandage Up"],"campfire_rested":2,"item_purchase_floors":[12],"current_hp_per_floor":[74,58,58,58,57,80,69,69,69,60,80,80,73,77,77,0],"gold":269,"neow_bonus":"BOSS_RELIC","is_prod":false,"is_daily":false,"chose_seed":false,"campfire_upgraded":0,"win_rate":0,"timestamp":1639351083,"path_taken":["M","?","M","M","M","R","?","?","T","M","R","$","?","M","R","BOSS"],"build_version":"2020-12-22","purchased_purges":1,"victory":false,"max_hp_per_floor":[80,80,80,80,80,80,80,80,80,80,80,80,80,80,80,80],"card_choices":[{"not_picked":["Headbutt","Wild Strike"],"picked":"True Grit","floor":1.0},{"not_picked":["Entrench","Sword Boomerang"],"picked":"Dropkick","floor":3.0},{"not_picked":["Carnage","Pummel","Anger"],"picked":"SKIP","floor":4.0},{"not_picked":["Sword Boomerang","Twin Strike"],"picked":"Shrug It Off","floor":5.0},{"not_picked":["Whirlwind","Sword Boomerang"],"picked":"Disarm","floor":10.0},{"not_picked":["Clash","Metallicize","Perfected Strike"],"picked":"SKIP","floor":14}],"player_experience":1719943,"relics_obtained":[],"event_choices":[{"damage_healed":0.0,"max_hp_gain":0.0,"max_hp_loss":0.0,"gold_gain":0.0,"event_name":"Shining Light","player_choice":"Entered Light","floor":2.0,"gold_loss":0.0,"damage_taken":16.0,"cards_upgraded":["Strike_R","Strike_R"]},{"damage_healed":0.0,"max_hp_gain":0.0,"max_hp_loss":0.0,"gold_gain":75.0,"event_name":"World of Goop","player_choice":"Gather Gold","floor":7.0,"gold_loss":0.0,"damage_taken":11.0},{"damage_healed":0.0,"max_hp_gain":0.0,"max_hp_loss":0.0,"gold_gain":175.0,"event_name":"Liars Game","player_choice":"AGREE","floor":8.0,"gold_loss":0.0,"damage_taken":0.0,"cards_obtained":["Doubt"]},{"cards_removed":["Defend_R"],"damage_healed":0,"gold_gain":0,"player_choice":"Card Removal","damage_taken":7,"max_hp_gain":0,"max_hp_loss":0,"event_name":"Golden Wing","floor":13,"gold_loss":0}],"is_beta":false,"boss_relics":[],"items_purged_floors":[12],"is_endless":false,"potions_floor_spawned":[1,5],"killed_by":"Slime Boss","ascension_level":0}