{"gold_per_floor":[115,115,65,75,0,0,28,28,28,28,61,61,87,116,116,215,215,233,244,244,261,276,276,289,189,267,267,297,222,222,68,68,166,166,190,201,255,255,130,130,160,160,186,186,186,36,36,55,55,55],"floor_reached":51,"playtime":1206,"items_purged":["Strike_R","Strike_R","Defend_R","Defend_R"],"score":1045,"play_id":"c6d44b5e-837b-4869-bf2c-2ada911dafbe","local_time":"20211218163613","is_ascension_mode":true,"campfire_choices":[{"data":"Body Slam","floor":6.0,"key":"SMITH"},{"floor":8.0,"key":"DIG"},{"floor":10,"key":"DIG"},{"floor":15,"key":"DIG"},{"floor":23,"key":"DIG"},{"floor":27,"key":"DIG"},{"floor":30,"key":"DIG"},{"floor":32,"key":"DIG"},{"floor":40,"key":"DIG"},{"floor":45,"key":"DIG"},{"floor":47,"key":"DIG"},{"floor":49,"key":"DIG"}],"neow_cost":"NONE","seed_source_timestamp":522885636142600,"circlet_count":0,"master_deck":["Defend_R","Body Slam+1","Ghostly Armor","Corruption","Dual Wield+1"],"special_seed":0,"relics":["Runic Pyramid","Shovel","Happy Flower","Meat on the Bone","Bronze Scales","Dead Branch","Anchor","Toy Ornithopter","Calipers","Empty Cage","Kunai","FossilizedHelix","HornCleat","Bag of Preparation","Thread and Needle","CeramicFish","Strange Spoon","Omamori","Cursed Key","Mango","Frozen Egg 2","Ice Cream","Vajra","Centennial Puzzle","Lantern","StoneCalendar"],"potions_floor_usage":[14,33,50,50],"damage_taken":[{"damage":5.0,"enemies":"Small Slimes","floor":1.0,"turns":4.0},{"damage":2.0,"enemies":"Jaw Worm","floor":4.0,"turns":5.0},{"damage":20.0,"enemies":"3 Sentries","floor":7.0,"turns":11.0},{"damage":6,"enemies":"Lagavulin","floor":11,"turns":7},{"damage":0,"enemies":"3 Sentries","floor":14,"turns":7},{"damage":23,"enemies":"Hexaghost","floor":16,"turns":10},{"damage":0,"enemies":"Spheric Guardian","floor":18,"turns":2},{"damage":0,"enemies":"Shell Parasite","floor":19,"turns":3},{"damage":0,"enemies":"Cultist and Chosen","floor":21,"turns":3},{"damage":0,"enemies":"Centurion and Healer","floor":22,"turns":3},{"damage":0,"enemies":"Snake Plant","floor":24,"turns":1},{"damage":0,"enemies":"Book of Stabbing","floor":28,"turns":3},{"damage":0,"enemies":"Automaton","floor":33,"turns":7},{"damage":0,"enemies":"Orb Walker","floor":35,"turns":2},{"damage":0,"enemies":"3 Shapes","floor":36,"turns":2},{"damage":0,"enemies":"2 Orb Walkers","floor":37,"turns":2},{"damage":0,"enemies":"Reptomancer","floor":41,"turns":2},{"damage":11,"enemies":"Transient","floor":48,"turns":5},{"damage":20,"enemies":"Time Eater","floor":50,"turns":7}],"seed_played":"-1961512652520834298","potions_obtained":[{"floor":11,"key":"EssenceOfSteel"},{"floor":16,"key":"Dexterity Potion"},{"floor":22,"key":"SpeedPotion"},{"floor":24,"key":"Strength Potion"},{"floor":33,"key":"Explosive Potion"}],"is_trial":false,"path_per_floor":["M","?","?","M","$","R","E","R","T","R","E","$","T","E","R","B",null,"M","M","T","M","M","R","M","$","T","R","E","?","R","$","R","B",null,"M","M","?","?","$","R","E","?","T","?","R","$","R","M","R","B",null],"character_chosen":"IRONCLAD","items_purchased":["Strange Spoon"],"campfire_rested":0,"item_purchase_floors":[31],"current_hp_per_floor":[75,75,75,73,73,73,53,53,53,53,47,47,47,47,47,36,80,80,80,80,80,80,80,80,80,80,80,80,80,80,80,80,80,80,80,80,94,94,94,94,94,94,94,94,94,94,94,83,83,73],"gold":55,"neow_bonus":"BOSS_RELIC","is_prod":false,"is_daily":false,"chose_seed":false,"campfire_upgraded":1,"win_rate":0,"timestamp":1639841773,"path_taken":["M","?","?","M","?","R","E","R","T","R","E","$","?","E","R","BOSS","M","M","?","M","M","R","M","$","T","R","E","?","R","$","R","BOSS","M","M","?","?","$","R","E","?","T","?","R","$","R","M","R","BOSS"],"build_version":"2020-12-22","purchased_purges":4,"victory":true,"max_hp_per_floor":[80,80,80,80,80,80,80,80,80,80,80,80,80,80,80,80,80,80,80,80,80,80,80,80,80,80,80,80,80,80,80,80,80,80,80,80,94,94,94,94,94,94,94,94,94,94,94,94,94,94],"card_choices":[{"not_picked":["Feel No Pain","Sword Boomerang"],"picked":"Body Slam","floor":1.0},{"not_picked":["Battle Trance","Warcry","Thunderclap"],"picked":"SKIP","floor":4.0},{"not_picked":["Armaments","Cleave","Fire Breathing"],"picked":"SKIP","floor":7.0},{"not_picked":["Feed","Clash"],"picked":"Ghostly Armor","floor":11},{"not_picked":["Wild Strike","Sever Soul","Rampage"],"picked":"SKIP","floor":14},{"not_picked":["Exhume","Berserk"],"picked":"Corruption","floor":16},{"not_picked":["Havoc","Clothesline","Sword Boomerang"],"picked":"SKIP","floor":18},{"not_picked":["Bloodletting","Dark Embrace+1","Clothesline+1"],"picked":"SKIP","floor":19},{"not_picked":["Fire Breathing","Infernal Blade+1","Carnage"],"picked":"SKIP","floor":21},{"not_picked":["Havoc","Feel No Pain","Anger"],"picked":"SKIP","floor":22},{"not_picked":["Clash","Clothesline","Sword Boomerang"],"picked":"SKIP","floor":24},{"not_picked":["Pummel","Disarm","Wild Strike+1"],"picked":"SKIP","floor":28},{"not_picked":["Body Slam","Clothesline"],"picked":"Dual Wield+1","floor":35},{"not_picked":["Twin Strike+1","Infernal Blade","Warcry+1"],"picked":"SKIP","floor":36},{"not_picked":["Flex","Feel No Pain+1","Fire Breathing+1"],"picked":"SKIP","floor":41},{"not_picked":["Anger+1","True Grit","Sword Boomerang"],"picked":"SKIP","floor":48}],"player_experience":1735916,"relics_obtained":[{"floor":7.0,"key":"Shovel"},{"floor":8.0,"key":"Happy Flower"},{"floor":9.0,"key":"Meat on the Bone"},{"floor":10,"key":"Bronze Scales"},{"floor":11,"key":"Dead Branch"},{"floor":13,"key":"Anchor"},{"floor":14,"key":"Toy Ornithopter"},{"floor":15,"key":"Calipers"},{"floor":20,"key":"Kunai"},{"floor":23,"key":"FossilizedHelix"},{"floor":26,"key":"HornCleat"},{"floor":27,"key":"Bag of Preparation"},{"floor":28,"key":"Thread and Needle"},{"floor":30,"key":"CeramicFish"},{"floor":32,"key":"Omamori"},{"floor":37,"key":"Mango"},{"floor":40,"key":"Frozen Egg 2"},{"floor":41,"key":"Ice Cream"},{"floor":43,"key":"Vajra"},{"floor":45,"key":"Centennial Puzzle"},{"floor":47,"key":"Lantern"},{"floor":49,"key":"StoneCalendar"}],"event_choices":[{"damage_healed":0.0,"max_hp_gain":0.0,"max_hp_loss":0.0,"gold_gain":0.0,"event_name":"Liars Game","player_choice":"Ignored","floor":2.0,"gold_loss":0.0,"damage_taken":0.0},{"cards_removed":["Strike_R"],"damage_healed":0.0,"max_hp_gain":0.0,"max_hp_loss":0.0,"gold_gain":0.0,"event_name":"The Cleric","player_choice":"Card Removal","floor":3.0,"gold_loss":50.0,"damage_taken":0.0},{"cards_removed":["Bash"],"damage_healed":0,"gold_gain":0,"player_choice":"Gave Gold","damage_taken":0,"max_hp_gain":0,"max_hp_loss":0,"event_name":"Beggar","floor":29,"gold_loss":75},{"damage_healed":0,"gold_gain":0,"player_choice":"Fight","damage_taken":0,"max_hp_gain":0,"max_hp_loss":0,"event_name":"Mysterious Sphere","floor":37,"gold_loss":0},{"cards_removed":["Defend_R"],"damage_healed":0,"gold_gain":0,"player_choice":"Removed Skill","damage_taken":0,"max_hp_gain":0,"max_hp_loss":0,"event_name":"Falling","floor":38,"gold_loss":0},{"damage_healed":0,"gold_gain":0,"player_choice":"Memory 1","damage_taken":0,"max_hp_gain":0,"max_hp_loss":0,"event_name":"SensoryStone","floor":42,"gold_loss":0},{"damage_healed":0,"gold_gain":0,"player_choice":"Bought 0 Potions","damage_taken":0,"max_hp_gain":0,"max_hp_loss":0,"event_name":"The Woman in Blue","floor":44,"gold_loss":0}],"is_beta":false,"boss_relics":[{"not_picked":["Calling Bell","SacredBark"],"picked":"Empty Cage"},{"not_picked":["Philosopher\u0027s Stone","Black Star"],"picked":"Cursed Key"}],"items_purged_floors":[5,25,39,46],"is_endless":false,"potions_floor_spawned":[11,16,22,24,33,35,36],"ascension_level":1}