{"gold_per_floor":[112,127,302,319,61,61,92,92,92,123,123,123,73,73,73,175,175,191,208,108,108,108,139,86,86,86,86,99,119,119,132,132,233,233,245,245,245,264,264],"floor_reached":39,"playtime":1086,"items_purged":["Doubt"],"score":405,"play_id":"842ee98c-8fde-4720-984f-7f0aad61555a","local_time":"20211212134549","is_ascension_mode":false,"campfire_choices":[{"data":"Armaments","floor":6,"key":"SMITH"},{"data":"Searing Blow","floor":8,"key":"SMITH"},{"data":"Searing Blow+1","floor":11,"key":"SMITH"},{"data":"Searing Blow+2","floor":12,"key":"SMITH"},{"data":"Searing Blow+3","floor":15,"key":"SMITH"},{"floor":25,"key":"REST"},{"data":"Searing Blow+4","floor":27,"key":"SMITH"},{"data":"Searing Blow+5","floor":30,"key":"SMITH"},{"floor":32,"key":"REST"}],"neow_cost":"NONE","seed_source_timestamp":1639122845500,"circlet_count":0,"master_deck":["Strike_R","Strike_R","Defend_R","Defend_R","Defend_R","Bash","Armaments+1","Mayhem","Searing Blow+6","Battle Trance","Exhume","Feel No Pain","Warcry","J.A.X.","Havoc","Offering","CurseOfTheBell","Havoc+1","Dark Shackles","Havoc+1"],"relics":["Empty Cage","Dead Branch","WingedGreaves","Ancient Tea Set","Shuriken","Snecko Eye","Potion Belt","StrikeDummy","Calling Bell","Art of War","Pantograph","Mango"],"potions_floor_usage":[10,16,18,23,23,28,33,39],"damage_taken":[{"damage":1,"enemies":"Cultist","floor":1,"turns":3},{"damage":1,"enemies":"Jaw Worm","floor":2,"turns":3},{"damage":4,"enemies":"2 Louse","floor":4,"turns":5},{"damage":5,"enemies":"Gremlin Nob","floor":7,"turns":3},{"damage":16,"enemies":"3 Sentries","floor":10,"turns":9},{"damage":17,"enemies":"Hexaghost","floor":16,"turns":7},{"damage":20,"enemies":"2 Thieves","floor":18,"turns":3},{"damage":0,"enemies":"3 Byrds","floor":19,"turns":4},{"damage":43,"enemies":"Slavers","floor":23,"turns":4},{"damage":0,"enemies":"Snecko","floor":28,"turns":2},{"damage":10,"enemies":"Centurion and Healer","floor":29,"turns":2},{"damage":2,"enemies":"Sentry and Sphere","floor":31,"turns":3},{"damage":26,"enemies":"Champ","floor":33,"turns":7},{"damage":12,"enemies":"3 Shapes","floor":35,"turns":3},{"damage":28,"enemies":"3 Darklings","floor":38,"turns":3},{"damage":79,"enemies":"2 Orb Walkers","floor":39,"turns":4}],"seed_played":"3284483146434635823","potions_obtained":[{"floor":4,"key":"SkillPotion"},{"floor":7,"key":"LiquidMemories"},{"floor":10,"key":"Explosive Potion"},{"floor":18,"key":"Block Potion"},{"floor":22,"key":"AttackPotion"},{"floor":22,"key":"HeartOfIron"},{"floor":23,"key":"SkillPotion"},{"floor":29,"key":"BloodPotion"},{"floor":35,"key":"SpeedPotion"}],"is_trial":false,"path_per_floor":["M","M","?","M","$","R","E","R","T","E","R","R","?","?","R","B",null,"M","M","$","?","?","E","$","R","T","R","M","M","R","M","R","B",null,"M","?","?","M","?"],"character_chosen":"IRONCLAD","items_purchased":["Mayhem","Feel No Pain","Warcry","Havoc"],"campfire_rested":2,"item_purchase_floors":[5,20,20,24],"current_hp_per_floor":[79,78,78,74,74,74,69,69,69,53,53,53,53,53,53,36,80,60,60,60,60,60,17,17,41,41,41,41,31,31,29,53,27,94,82,82,82,54,0],"gold":264,"neow_bonus":"BOSS_RELIC","is_prod":false,"is_daily":false,"chose_seed":false,"campfire_upgraded":7,"win_rate":0,"timestamp":1639313149,"path_taken":["M","?","?","M","$","R","E","R","T","E","R","R","?","?","R","BOSS","M","M","?","?","?","E","$","R","T","R","?","M","R","M","R","BOSS","M","?","?","M","?"],"build_version":"2020-12-22","purchased_purges":1,"victory":false,"max_hp_per_floor":[80,80,80,80,80,80,80,80,80,80,80,80,80,80,80,80,80,80,80,80,80,80,80,80,80,80,80,80,80,80,80,80,80,94,94,94,94,94,94],"card_choices":[{"not_picked":["Perfected Strike","Anger"],"picked":"Clash","floor":1},{"not_picked":["Perfected Strike","True Grit"],"picked":"Armaments","floor":2},{"not_picked":["Hemokinesis","Sever Soul","Sentinel"],"picked":"SKIP","floor":4},{"not_picked":["Anger","Clothesline"],"picked":"Searing Blow","floor":7},{"not_picked":["Heavy Blade","Headbutt"],"picked":"Battle Trance","floor":10},{"not_picked":["Demon Form","Bludgeon"],"picked":"Exhume","floor":16},{"not_picked":["Armaments","Perfected Strike","Body Slam"],"picked":"SKIP","floor":18},{"not_picked":["Cleave+1","Dropkick","Whirlwind"],"picked":"SKIP","floor":19},{"not_picked":["Cleave+1","Dark Embrace","Hemokinesis+1"],"picked":"SKIP","floor":23},{"not_picked":["Cleave+1","Armaments","Heavy Blade"],"picked":"SKIP","floor":28},{"not_picked":["Perfected Strike","Clothesline+1","Hemokinesis"],"picked":"SKIP","floor":29},{"not_picked":["Clash","Perfected Strike","Wild Strike"],"picked":"SKIP","floor":31},{"not_picked":["Feed","Reaper"],"picked":"Offering","floor":33},{"not_picked":["Armaments+1","Thunderclap+1"],"picked":"Havoc+1","floor":35},{"not_picked":["Jack Of All Trades","Panache"],"picked":"Dark Shackles","floor":37},{"not_picked":["Shrug It Off+1","Anger"],"picked":"Havoc+1","floor":38}],"player_experience":1713716,"relics_obtained":[{"floor":7,"key":"Dead Branch"},{"floor":9,"key":"WingedGreaves"},{"floor":10,"key":"Ancient Tea Set"},{"floor":23,"key":"Potion Belt"},{"floor":26,"key":"StrikeDummy"},{"floor":34,"key":"Art of War"},{"floor":34,"key":"Pantograph"},{"floor":34,"key":"Mango"}],"event_choices":[{"damage_healed":0,"gold_gain":175,"player_choice":"AGREE","damage_taken":0,"max_hp_gain":0,"max_hp_loss":0,"event_name":"Liars Game","floor":3,"gold_loss":0,"cards_obtained":["Doubt"]},{"cards_removed":["Strike_R"],"damage_healed":0,"gold_gain":0,"player_choice":"Card Removal","damage_taken":0,"max_hp_gain":0,"max_hp_loss":0,"event_name":"The Cleric","floor":13,"gold_loss":50},{"cards_removed":["Clash"],"damage_healed":0,"gold_gain":0,"player_choice":"Gave Card","damage_taken":0,"relics_obtained":["Shuriken"],"max_hp_gain":0,"max_hp_loss":0,"event_name":"WeMeetAgain","floor":14,"gold_loss":0},{"damage_healed":0,"gold_gain":0,"player_choice":"Obtain J.A.X.","damage_taken":0,"max_hp_gain":0,"max_hp_loss":0,"event_name":"Drug Dealer","floor":21,"gold_loss":0,"cards_obtained":["J.A.X."]},{"damage_healed":0,"gold_gain":0,"player_choice":"Got Potions","damage_taken":0,"max_hp_gain":0,"max_hp_loss":0,"event_name":"Lab","floor":22,"gold_loss":0},{"cards_removed":["Strike_R"],"damage_healed":0,"gold_gain":0,"player_choice":"Removed Attack","damage_taken":0,"max_hp_gain":0,"max_hp_loss":0,"event_name":"Falling","floor":36,"gold_loss":0},{"damage_healed":0,"gold_gain":0,"player_choice":"Memory 1","damage_taken":0,"max_hp_gain":0,"max_hp_loss":0,"event_name":"SensoryStone","floor":37,"gold_loss":0},{"damage_healed":0,"gold_gain":0,"player_choice":"Fight","damage_taken":0,"max_hp_gain":0,"max_hp_loss":0,"event_name":"Mysterious Sphere","floor":39,"gold_loss":0}],"is_beta":false,"boss_relics":[{"not_picked":["Runic Cube","Ectoplasm"],"picked":"Snecko Eye"},{"not_picked":["Tiny House","Runic Dome"],"picked":"Calling Bell"}],"items_purged_floors":[5],"is_endless":false,"potions_floor_spawned":[4,7,10,18,23,29,35],"killed_by":"2 Orb Walkers","ascension_level":0}