{"gold_per_floor":[112,129,129,148,66,66,77,77,126,126,144,171,171,346,346,346],"floor_reached":16,"playtime":438,"items_purged":[],"score":102,"play_id":"74180c6f-781a-4bad-b1ad-fb9b16ad887e","local_time":"20211212022546","is_ascension_mode":false,"campfire_choices":[{"data":"Searing Blow","floor":6,"key":"SMITH"},{"data":"Searing Blow+1","floor":10,"key":"SMITH"},{"data":"Searing Blow+2","floor":13,"key":"SMITH"},{"data":"Searing Blow+3","floor":15,"key":"SMITH"}],"neow_cost":"NONE","seed_source_timestamp":1590653229900,"circlet_count":0,"master_deck":["Strike_R","Strike_R","Strike_R","Strike_R","Strike_R","Defend_R","Defend_R","Defend_R","Bash","Sentinel","Shrug It Off","Searing Blow+4","Enlightenment","Doubt"],"relics":["Burning Blood","Blue Candle"],"potions_floor_usage":[8],"damage_taken":[{"damage":1,"enemies":"Jaw Worm","floor":1,"turns":3},{"damage":1,"enemies":"Cultist","floor":2,"turns":4},{"damage":2,"enemies":"Small Slimes","floor":4,"turns":4},{"damage":1,"enemies":"2 Fungi Beasts","floor":7,"turns":4},{"damage":0,"enemies":"Lots of Slimes","floor":8,"turns":1},{"damage":9,"enemies":"Blue Slaver","floor":11,"turns":3},{"damage":37,"enemies":"3 Sentries","floor":12,"turns":10},{"damage":54,"enemies":"The Guardian","floor":16,"turns":7}],"seed_played":"5764132817722396885","potions_obtained":[{"floor":1,"key":"SmokeBomb"},{"floor":4,"key":"Regen Potion"},{"floor":12,"key":"Ancient Potion"}],"is_trial":false,"path_per_floor":["M","M","?","M","$","R","M","M","T","R","M","E","R","?","R","B"],"character_chosen":"IRONCLAD","items_purchased":["Enlightenment"],"campfire_rested":0,"item_purchase_floors":[5],"current_hp_per_floor":[88,88,88,88,88,88,88,88,88,88,85,54,54,54,54,0],"gold":346,"neow_bonus":"TEN_PERCENT_HP_BONUS","is_prod":false,"is_daily":false,"chose_seed":false,"campfire_upgraded":4,"win_rate":0,"timestamp":1639272346,"path_taken":["M","M","?","M","$","R","?","M","T","R","M","E","R","?","R","BOSS"],"build_version":"2020-12-22","purchased_purges":0,"victory":false,"max_hp_per_floor":[88,88,88,88,88,88,88,88,88,88,88,88,88,88,88,88],"card_choices":[{"not_picked":["Seeing Red","Sword Boomerang"],"picked":"Sentinel","floor":1},{"not_picked":["Rage","Heavy Blade"],"picked":"Shrug It Off","floor":2},{"not_picked":["Dual Wield","Havoc"],"picked":"Searing Blow","floor":4},{"not_picked":["Clash","Reckless Charge","Sword Boomerang"],"picked":"SKIP","floor":7},{"not_picked":["Heavy Blade","Ghostly Armor","Headbutt"],"picked":"SKIP","floor":11},{"not_picked":["Heavy Blade","Shockwave","Combust"],"picked":"SKIP","floor":12}],"player_experience":1711193,"relics_obtained":[{"floor":12,"key":"Blue Candle"}],"event_choices":[{"cards_removed":["Defend_R"],"damage_healed":0,"gold_gain":0,"player_choice":"Purged","damage_taken":0,"max_hp_gain":0,"max_hp_loss":0,"event_name":"Purifier","floor":3,"gold_loss":0},{"damage_healed":0,"gold_gain":175,"player_choice":"AGREE","damage_taken":0,"max_hp_gain":0,"max_hp_loss":0,"event_name":"Liars Game","floor":14,"gold_loss":0,"cards_obtained":["Doubt"]}],"is_beta":false,"boss_relics":[],"items_purged_floors":[],"is_endless":false,"potions_floor_spawned":[1,4,8,12],"killed_by":"The Guardian","ascension_level":0}