{"gold_per_floor":[123,135,174,203,27,59,59,89,89,115,128,128,142,156,156,156],"floor_reached":16,"playtime":409,"items_purged":["Strike_R"],"score":126,"play_id":"dc7505fb-d8b3-44f1-be2d-c86ba0679399","local_time":"20211214164948","is_ascension_mode":true,"campfire_choices":[{"floor":12,"key":"REST"},{"data":"Rampage","floor":15,"key":"SMITH"}],"neow_cost":"NONE","seed_source_timestamp":178965266680100,"circlet_count":0,"master_deck":["Strike_R","Strike_R","Strike_R","Defend_R","Defend_R","Defend_R","Defend_R","Bash","CurseOfTheBell","Rampage+1"],"relics":["Calling Bell","MawBank","Mercury Hourglass","Incense Burner","Blood Vial","Happy Flower","Membership Card","Strawberry","Smiling Mask","HornCleat","Turnip"],"potions_floor_usage":[10],"damage_taken":[{"damage":5,"enemies":"Small Slimes","floor":1,"turns":3},{"damage":1,"enemies":"Jaw Worm","floor":4,"turns":3},{"damage":26,"enemies":"Lagavulin","floor":6,"turns":7},{"damage":25,"enemies":"Gremlin Nob","floor":8,"turns":4},{"damage":2,"enemies":"3 Sentries","floor":10,"turns":8},{"damage":0,"enemies":"Cultist","floor":11,"turns":3},{"damage":1,"enemies":"3 Louse","floor":13,"turns":3},{"damage":6,"enemies":"Large Slime","floor":14,"turns":5},{"damage":44,"enemies":"Hexaghost","floor":16,"turns":11}],"seed_played":"-8736751098291170804","potions_obtained":[{"floor":1,"key":"Dexterity Potion"},{"floor":6,"key":"FearPotion"},{"floor":8,"key":"FearPotion"},{"floor":11,"key":"SteroidPotion"}],"is_trial":false,"path_per_floor":["M","?","T","M","$","E","?","E","T","E","M","R","M","M","R","B"],"character_chosen":"IRONCLAD","items_purchased":["Membership Card"],"campfire_rested":1,"item_purchase_floors":[5],"current_hp_per_floor":[75,63,63,64,64,47,40,17,17,17,19,45,46,42,42,0],"gold":156,"neow_bonus":"BOSS_RELIC","is_prod":false,"is_daily":false,"chose_seed":false,"campfire_upgraded":1,"win_rate":0,"timestamp":1639496988,"path_taken":["M","?","?","?","$","E","?","E","T","E","M","R","M","M","R","BOSS"],"build_version":"2020-12-22","purchased_purges":1,"victory":false,"max_hp_per_floor":[80,80,80,80,80,87,87,87,87,87,87,87,87,87,87,87],"card_choices":[{"not_picked":["Dark Embrace","Second Wind","Reckless Charge"],"picked":"SKIP","floor":1},{"not_picked":["Warcry","Clothesline","Dropkick"],"picked":"SKIP","floor":4},{"not_picked":["Twin Strike","Metallicize"],"picked":"Rampage","floor":6},{"not_picked":["Dual Wield","Whirlwind","Fire Breathing"],"picked":"SKIP","floor":8},{"not_picked":["Warcry","Intimidate","Infernal Blade"],"picked":"SKIP","floor":10},{"not_picked":["Brutality","Thunderclap","Perfected Strike"],"picked":"SKIP","floor":11},{"not_picked":["Sentinel","Metallicize","Flex"],"picked":"SKIP","floor":13},{"not_picked":["Headbutt","Shrug It Off","Iron Wave"],"picked":"SKIP","floor":14}],"player_experience":1724259,"relics_obtained":[{"floor":0,"key":"MawBank"},{"floor":0,"key":"Mercury Hourglass"},{"floor":0,"key":"Incense Burner"},{"floor":3,"key":"Happy Flower"},{"floor":6,"key":"Strawberry"},{"floor":8,"key":"Smiling Mask"},{"floor":9,"key":"HornCleat"},{"floor":10,"key":"Turnip"}],"event_choices":[{"damage_healed":0,"gold_gain":0,"player_choice":"Success","damage_taken":12,"relics_obtained":["Blood Vial"],"max_hp_gain":0,"max_hp_loss":0,"event_name":"Scrap Ooze","floor":2,"gold_loss":0},{"cards_removed":["Strike_R"],"damage_healed":0,"gold_gain":0,"player_choice":"Card Removal","damage_taken":7,"max_hp_gain":0,"max_hp_loss":0,"event_name":"Golden Wing","floor":7,"gold_loss":0}],"is_beta":false,"boss_relics":[],"items_purged_floors":[5],"is_endless":false,"potions_floor_spawned":[1,6,8,11],"killed_by":"Hexaghost","ascension_level":1}