{"gold_per_floor":[116,41,216,230,44,44,77,90,90,90,90,90,90,129,129,129],"floor_reached":16,"playtime":1061,"items_purged":["Strike_R"],"score":106,"play_id":"4e899c2b-23de-44df-a320-eb22a6877049","local_time":"20211212142032","is_ascension_mode":false,"campfire_choices":[{"data":"Bash","floor":11,"key":"SMITH"},{"data":"Infernal Blade","floor":13,"key":"SMITH"},{"data":"Shockwave","floor":15,"key":"SMITH"}],"neow_cost":"NONE","seed_source_timestamp":0,"circlet_count":0,"master_deck":["Strike_R","Strike_R","Strike_R","Strike_R","Defend_R","Defend_R","Defend_R","Defend_R","Bash+1","Infernal Blade+1","Doubt","Shockwave+1","Apotheosis+1","Dropkick","Parasite","Injury"],"special_seed":0,"relics":["Burning Blood","Golden Idol","Bag of Preparation"],"potions_floor_usage":[16],"damage_taken":[{"damage":8.0,"enemies":"Jaw Worm","floor":1.0,"turns":3.0},{"damage":2,"enemies":"Cultist","floor":4,"turns":5},{"damage":13,"enemies":"Lagavulin","floor":7,"turns":6},{"damage":0,"enemies":"Small Slimes","floor":8,"turns":3},{"damage":31,"enemies":"Gremlin Nob","floor":14,"turns":5},{"damage":64,"enemies":"Slime Boss","floor":16,"turns":9}],"seed_played":"-5372739065045670257","potions_obtained":[{"floor":1.0,"key":"Strength Potion"},{"floor":4,"key":"PowerPotion"},{"floor":7,"key":"Fire Potion"}],"is_trial":false,"path_per_floor":["M","$","?","M","$","?","E","M","T","?","R","?","R","E","R","B"],"character_chosen":"IRONCLAD","items_purchased":["Apotheosis"],"campfire_rested":0,"item_purchase_floors":[5],"current_hp_per_floor":[86,86,86,88,88,88,81,87,87,88,88,88,88,63,63,0],"gold":129,"neow_bonus":"TEN_PERCENT_HP_BONUS","is_prod":false,"is_daily":false,"chose_seed":false,"campfire_upgraded":3,"win_rate":0,"timestamp":1639315232,"path_taken":["M","$","?","M","$","?","E","?","T","?","R","?","R","E","R","BOSS"],"build_version":"2020-12-22","purchased_purges":1,"victory":false,"max_hp_per_floor":[88,88,88,88,88,88,88,88,88,88,88,88,88,88,88,88],"card_choices":[{"not_picked":["Sentinel","Heavy Blade"],"picked":"Infernal Blade","floor":1.0},{"not_picked":["Anger","Fire Breathing"],"picked":"Shockwave","floor":4},{"not_picked":["Iron Wave","Body Slam"],"picked":"Dropkick","floor":7},{"not_picked":["Feel No Pain","Dark Embrace","Clothesline"],"picked":"SKIP","floor":8},{"not_picked":["Infernal Blade","Heavy Blade","Perfected Strike"],"picked":"SKIP","floor":14}],"player_experience":1714894,"relics_obtained":[{"floor":14,"key":"Bag of Preparation"}],"event_choices":[{"damage_healed":0,"gold_gain":175,"player_choice":"AGREE","damage_taken":0,"max_hp_gain":0,"max_hp_loss":0,"event_name":"Liars Game","floor":3,"gold_loss":0,"cards_obtained":["Doubt"]},{"damage_healed":0,"gold_gain":0,"player_choice":"Forge","damage_taken":0,"max_hp_gain":0,"max_hp_loss":0,"event_name":"Accursed Blacksmith","floor":6,"gold_loss":0,"cards_upgraded":["Apotheosis"]},{"damage_healed":22,"gold_gain":0,"player_choice":"Healed and dodged fight","damage_taken":0,"max_hp_gain":0,"max_hp_loss":0,"event_name":"Mushrooms","floor":10,"gold_loss":0,"cards_obtained":["Parasite"]},{"damage_healed":0,"gold_gain":0,"player_choice":"Take Wound","damage_taken":0,"relics_obtained":["Golden Idol"],"max_hp_gain":0,"max_hp_loss":0,"event_name":"Golden Idol","floor":12,"gold_loss":0,"cards_obtained":["Injury"]}],"is_beta":false,"boss_relics":[],"items_purged_floors":[2],"is_endless":false,"potions_floor_spawned":[1,4,7,14],"killed_by":"Slime Boss","ascension_level":0}