{"gold_per_floor":[163,263,279,298,309,309,309,326,326,326,326,326,338,263,263,263],"floor_reached":16,"playtime":533,"items_purged":["Defend_R"],"score":92,"play_id":"e9a8bfaa-9489-4610-a144-4a5ad1c89487","local_time":"20211213002706","is_ascension_mode":false,"campfire_choices":[{"data":"Armaments","floor":6,"key":"SMITH"},{"data":"Bash","floor":12,"key":"SMITH"},{"data":"Shrug It Off","floor":15,"key":"SMITH"}],"neow_cost":"NONE","seed_source_timestamp":33477833333600,"circlet_count":0,"master_deck":["Strike_R","Strike_R","Strike_R","Defend_R+1","Defend_R","Defend_R","Bash+1","Dropkick","Shrug It Off+1","Armaments+1","Flex"],"relics":["Tiny House"],"potions_floor_usage":[],"damage_taken":[{"damage":1,"enemies":"2 Louse","floor":1,"turns":3},{"damage":0,"enemies":"Cultist","floor":3,"turns":3},{"damage":0,"enemies":"Small Slimes","floor":4,"turns":3},{"damage":18,"enemies":"Exordium Thugs","floor":5,"turns":6},{"damage":8,"enemies":"Red Slaver","floor":8,"turns":3},{"damage":1,"enemies":"2 Fungi Beasts","floor":13,"turns":4},{"damage":57,"enemies":"Hexaghost","floor":16,"turns":14}],"seed_played":"7542037373114754822","potions_obtained":[{"floor":0,"key":"Ancient Potion"},{"floor":1,"key":"BlessingOfTheForge"},{"floor":5,"key":"Explosive Potion"}],"is_trial":false,"path_per_floor":["M","?","M","M","M","R","?","M","T","?","?","R","M","$","R","B"],"character_chosen":"IRONCLAD","items_purchased":[],"campfire_rested":0,"item_purchase_floors":[],"current_hp_per_floor":[84,84,84,84,66,66,66,58,58,58,51,51,50,50,50,0],"gold":263,"neow_bonus":"BOSS_RELIC","is_prod":false,"is_daily":false,"chose_seed":false,"campfire_upgraded":3,"win_rate":0,"timestamp":1639351626,"path_taken":["M","?","M","M","?","R","?","M","T","?","?","R","?","?","R","BOSS"],"build_version":"2020-12-22","purchased_purges":1,"victory":false,"max_hp_per_floor":[85,85,85,85,85,85,85,85,85,85,85,85,85,85,85,85],"card_choices":[{"not_picked":["Dual Wield","Clash"],"picked":"Dropkick","floor":0},{"not_picked":["True Grit","Sever Soul"],"picked":"Shrug It Off","floor":1},{"not_picked":["Flex","Sever Soul","Heavy Blade"],"picked":"SKIP","floor":3},{"not_picked":["Pommel Strike","Shrug It Off"],"picked":"Armaments","floor":4},{"not_picked":["Warcry","Dark Embrace","Combust"],"picked":"SKIP","floor":5},{"not_picked":["Dual Wield","Heavy Blade","Perfected Strike"],"picked":"SKIP","floor":8},{"not_picked":["Sever Soul","Dual Wield","Dark Embrace"],"picked":"SKIP","floor":13}],"player_experience":1720530,"relics_obtained":[],"event_choices":[{"damage_healed":0,"gold_gain":100,"player_choice":"Gold","damage_taken":0,"max_hp_gain":0,"max_hp_loss":0,"event_name":"Wheel of Change","floor":2,"gold_loss":0},{"damage_healed":0,"gold_gain":0,"cards_transformed":["Strike_R"],"player_choice":"Change","damage_taken":0,"max_hp_gain":0,"max_hp_loss":0,"event_name":"Living Wall","floor":7,"gold_loss":0,"cards_obtained":["Flex"]},{"damage_healed":0,"gold_gain":0,"player_choice":"Fled","damage_taken":0,"max_hp_gain":0,"max_hp_loss":0,"event_name":"Scrap Ooze","floor":10,"gold_loss":0},{"cards_removed":["Strike_R"],"damage_healed":0,"gold_gain":0,"player_choice":"Card Removal","damage_taken":7,"max_hp_gain":0,"max_hp_loss":0,"event_name":"Golden Wing","floor":11,"gold_loss":0}],"is_beta":false,"boss_relics":[],"items_purged_floors":[14],"is_endless":false,"potions_floor_spawned":[1,5,13],"killed_by":"Hexaghost","ascension_level":0}