{"gold_per_floor":[115,115,130,305,305,332,332,346,346,360,360,390,409,443,443,542,542,559,559,559,484,199,199,234,234,259,302,89,116,142,169,169,277,277,295,295,295,93,111,149,160,188,188,224,60,78,87,158,158,158,158,158,38,78,78],"floor_reached":56,"playtime":2362,"items_purged":["Strike_R","Strike_R","Strike_R"],"score":1854,"play_id":"76226e71-f707-4b3d-804e-f694b05ea9c6","local_time":"20211213000513","is_ascension_mode":true,"campfire_choices":[{"data":"Feel No Pain","floor":7,"key":"SMITH"},{"data":"Feel No Pain","floor":11,"key":"SMITH"},{"data":"Dark Embrace","floor":15,"key":"SMITH"},{"data":"Corruption","floor":23,"key":"SMITH"},{"data":"Shockwave","floor":25,"key":"SMITH"},{"data":"Shrug It Off","floor":32,"key":"SMITH"},{"floor":49,"key":"RECALL"},{"data":"Fiend Fire","floor":52,"key":"SMITH"}],"neow_cost":"NONE","seed_source_timestamp":30315380611800,"circlet_count":0,"master_deck":["Strike_R","Defend_R","Defend_R","Defend_R","Defend_R","Bash","Clash","Feel No Pain+1","True Grit","Feel No Pain+1","Entrench","Shockwave+1","Dark Embrace+1","Corruption+1","Necronomicurse","Shrug It Off+1","Havoc+1","Shockwave+1","Deep Breath+1","Second Wind+1","Havoc+1","Exhume+1","Spot Weakness+1","Jack Of All Trades+1","Sentinel+1","Spot Weakness+1","Fiend Fire+1","Panacea+1","Bloodletting+1"],"relics":["Burning Blood","NeowsBlessing","Dead Branch","Shuriken","Bronze Scales","Blue Candle","Snecko Eye","Necronomicon","Membership Card","Red Skull","StoneCalendar","CeramicFish","Toxic Egg 2","Gremlin Horn","Anchor","Black Star","Potion Belt","Art of War","Lantern","Toy Ornithopter","Ancient Tea Set","The Courier","CaptainsWheel","Gambling Chip","Charon\u0027s Ashes","OrangePellets","Oddly Smooth Stone","Bottled Flame","HornCleat"],"potions_floor_usage":[12,16,16,50,50,50,50,50,50,50,50,50],"damage_taken":[{"damage":0,"enemies":"2 Louse","floor":1,"turns":1},{"damage":0,"enemies":"Jaw Worm","floor":3,"turns":1},{"damage":0,"enemies":"Gremlin Nob","floor":6,"turns":1},{"damage":6,"enemies":"Small Slimes","floor":8,"turns":5},{"damage":8,"enemies":"2 Fungi Beasts","floor":10,"turns":4},{"damage":24,"enemies":"Lagavulin","floor":12,"turns":10},{"damage":6,"enemies":"Exordium Wildlife","floor":13,"turns":4},{"damage":21,"enemies":"Gremlin Nob","floor":14,"turns":5},{"damage":20,"enemies":"Hexaghost","floor":16,"turns":11},{"damage":14,"enemies":"Spheric Guardian","floor":18,"turns":4},{"damage":3,"enemies":"Slavers","floor":24,"turns":3},{"damage":5,"enemies":"Gremlin Leader","floor":27,"turns":4},{"damage":6,"enemies":"Slavers","floor":29,"turns":2},{"damage":0,"enemies":"3 Byrds","floor":30,"turns":3},{"damage":3,"enemies":"Centurion and Healer","floor":31,"turns":4},{"damage":3,"enemies":"Automaton","floor":33,"turns":2},{"damage":2,"enemies":"3 Shapes","floor":35,"turns":3},{"damage":0,"enemies":"3 Darklings","floor":39,"turns":2},{"damage":26,"enemies":"Reptomancer","floor":40,"turns":5},{"damage":0,"enemies":"Sphere and 2 Shapes","floor":41,"turns":1},{"damage":3,"enemies":"Giant Head","floor":42,"turns":3},{"damage":0,"enemies":"Nemesis","floor":44,"turns":3},{"damage":8,"enemies":"4 Shapes","floor":46,"turns":2},{"damage":0,"enemies":"Time Eater","floor":50,"turns":1},{"damage":0,"enemies":"Shield and Spear","floor":54,"turns":1},{"damage":20,"enemies":"The Heart","floor":55,"turns":4}],"seed_played":"-7400212888938002426","potions_obtained":[{"floor":6,"key":"Explosive Potion"},{"floor":10,"key":"Swift Potion"},{"floor":13,"key":"SteroidPotion"},{"floor":14,"key":"Swift Potion"},{"floor":24,"key":"SneckoOil"},{"floor":27,"key":"EntropicBrew"},{"floor":30,"key":"BloodPotion"},{"floor":35,"key":"Strength Potion"},{"floor":39,"key":"Strength Potion"},{"floor":41,"key":"Strength Potion"}],"is_trial":false,"path_per_floor":["M","?","M","?","?","E","R","M","T","M","R","E","M","E","R","B",null,"M","?","?","?","$","R","E","R","T","E","$","E","M","M","R","B",null,"M","?","?","$","M","E","M","E","T","E","$","M","?","T","R","B",null,"R","$","E","B",null],"character_chosen":"IRONCLAD","items_purchased":["Membership Card","Shrug It Off","Red Skull","Deep Breath+1","Gremlin Horn","Spot Weakness+1","Potion Belt","Jack Of All Trades+1","Charon\u0027s Ashes","Fiend Fire","OrangePellets","Oddly Smooth Stone"],"campfire_rested":0,"item_purchase_floors":[22,22,22,28,28,38,38,38,45,45,53,53],"current_hp_per_floor":[80,85,85,85,85,85,85,85,85,83,83,65,65,50,50,36,85,77,61,61,61,61,61,64,64,64,65,65,65,71,74,74,77,85,85,85,85,85,85,65,71,74,74,80,80,78,78,78,78,85,85,85,85,85,71],"gold":78,"neow_bonus":"THREE_ENEMY_KILL","is_prod":false,"is_daily":false,"chose_seed":false,"campfire_upgraded":7,"win_rate":0,"timestamp":1639350313,"path_taken":["M","?","M","?","?","E","R","M","T","M","R","E","M","E","R","BOSS","M","?","?","?","$","R","E","R","T","E","$","E","M","M","R","BOSS","M","?","?","$","M","E","M","E","T","E","?","M","?","?","R","BOSS","R","$","E","BOSS"],"build_version":"2020-12-22","purchased_purges":3,"victory":true,"max_hp_per_floor":[80,85,85,85,85,85,85,85,85,85,85,85,85,85,85,85,85,85,85,85,85,85,85,85,85,85,85,85,85,85,85,85,85,85,85,85,85,85,85,85,85,85,85,85,85,85,85,85,85,85,85,85,85,85,85],"card_choices":[{"not_picked":["Clothesline","Second Wind"],"picked":"Clash","floor":1},{"not_picked":["Iron Wave","Seeing Red"],"picked":"Feel No Pain","floor":3},{"not_picked":["Sword Boomerang","Shrug It Off"],"picked":"True Grit","floor":6},{"not_picked":["Perfected Strike","Carnage","Clothesline"],"picked":"SKIP","floor":8},{"not_picked":["Anger","Sword Boomerang"],"picked":"Feel No Pain","floor":10},{"not_picked":["Double Tap","Sword Boomerang"],"picked":"Entrench","floor":12},{"not_picked":["Headbutt","Inflame"],"picked":"Shockwave","floor":13},{"not_picked":["Metallicize","Flex"],"picked":"Dark Embrace","floor":14},{"not_picked":["Immolate","Reaper"],"picked":"Corruption","floor":16},{"not_picked":["Power Through","Clash+1","Searing Blow+1"],"picked":"SKIP","floor":18},{"not_picked":["Searing Blow","Intimidate"],"picked":"Havoc+1","floor":24},{"not_picked":["Demon Form","Clothesline+1"],"picked":"Shockwave+1","floor":27},{"not_picked":["Headbutt","Fire Breathing","Heavy Blade"],"picked":"SKIP","floor":29},{"not_picked":["Cleave","Headbutt"],"picked":"Second Wind+1","floor":30},{"not_picked":["Battle Trance+1","Cleave+1"],"picked":"Havoc+1","floor":31},{"not_picked":["Berserk","Demon Form"],"picked":"Exhume+1","floor":33},{"not_picked":["Clothesline+1","Clash+1","Armaments+1"],"picked":"SKIP","floor":35},{"not_picked":["Anger","Flame Barrier+1","Thunderclap+1"],"picked":"SKIP","floor":39},{"not_picked":["Pommel Strike","Heavy Blade"],"picked":"Sentinel+1","floor":40},{"not_picked":["Clothesline","Thunderclap+1","Flex+1"],"picked":"SKIP","floor":41},{"not_picked":["Infernal Blade+1","Armaments+1","Inflame"],"picked":"SKIP","floor":42},{"not_picked":["Pummel","Headbutt+1"],"picked":"Spot Weakness+1","floor":44},{"not_picked":["Perfected Strike","Sword Boomerang+1","Burning Pact+1"],"picked":"SKIP","floor":46},{"not_picked":["The Bomb+1","Chrysalis+1"],"picked":"Panacea+1","floor":47},{"not_picked":["Clothesline","Inflame"],"picked":"Bloodletting+1","floor":54}],"player_experience":1717581,"relics_obtained":[{"floor":6,"key":"Dead Branch"},{"floor":9,"key":"Shuriken"},{"floor":12,"key":"Bronze Scales"},{"floor":14,"key":"Blue Candle"},{"floor":19,"key":"Necronomicon"},{"floor":24,"key":"StoneCalendar"},{"floor":26,"key":"CeramicFish"},{"floor":27,"key":"Toxic Egg 2"},{"floor":29,"key":"Anchor"},{"floor":40,"key":"Art of War"},{"floor":40,"key":"Lantern"},{"floor":42,"key":"Toy Ornithopter"},{"floor":42,"key":"Ancient Tea Set"},{"floor":43,"key":"The Courier"},{"floor":44,"key":"CaptainsWheel"},{"floor":44,"key":"Gambling Chip"},{"floor":54,"key":"Bottled Flame"},{"floor":54,"key":"HornCleat"}],"event_choices":[{"damage_healed":0,"gold_gain":0,"player_choice":"Donut","damage_taken":0,"max_hp_gain":5,"max_hp_loss":0,"event_name":"Big Fish","floor":2,"gold_loss":0},{"damage_healed":0,"gold_gain":175,"player_choice":"AGREE","damage_taken":0,"max_hp_gain":0,"max_hp_loss":0,"event_name":"Liars Game","floor":4,"gold_loss":0,"cards_obtained":["Doubt"]},{"cards_removed":["Doubt"],"damage_healed":0,"gold_gain":0,"player_choice":"Forget","damage_taken":0,"max_hp_gain":0,"max_hp_loss":0,"event_name":"Living Wall","floor":5,"gold_loss":0},{"damage_healed":0,"gold_gain":0,"player_choice":"Obtained Book","damage_taken":16,"max_hp_gain":0,"max_hp_loss":0,"event_name":"Cursed Tome","floor":19,"gold_loss":0},{"damage_healed":0,"gold_gain":0,"player_choice":"Smashed Altar","damage_taken":0,"max_hp_gain":0,"max_hp_loss":0,"event_name":"Forgotten Altar","floor":20,"gold_loss":0,"cards_obtained":["Decay"]},{"cards_removed":["Decay"],"damage_healed":0,"gold_gain":0,"player_choice":"Gave Gold","damage_taken":0,"max_hp_gain":0,"max_hp_loss":0,"event_name":"Beggar","floor":21,"gold_loss":75},{"cards_removed":["Strike_R"],"damage_healed":0,"gold_gain":0,"player_choice":"Removed Attack","damage_taken":0,"max_hp_gain":0,"max_hp_loss":0,"event_name":"Falling","floor":36,"gold_loss":0},{"damage_healed":0,"gold_gain":0,"player_choice":"Ignored","damage_taken":0,"max_hp_gain":0,"max_hp_loss":0,"event_name":"Tomb of Lord Red Mask","floor":37,"gold_loss":0},{"damage_healed":0,"gold_gain":0,"player_choice":"Memory 1","damage_taken":0,"max_hp_gain":0,"max_hp_loss":0,"event_name":"SensoryStone","floor":47,"gold_loss":0}],"is_beta":false,"boss_relics":[{"not_picked":["SlaversCollar","Busted Crown"],"picked":"Snecko Eye"},{"not_picked":["Pandora\u0027s Box","Runic Pyramid"],"picked":"Black Star"}],"items_purged_floors":[22,28,38],"is_endless":false,"potions_floor_spawned":[6,10,13,14,24,27,30,35,39,41,44],"ascension_level":1}