{"gold_per_floor":[119,43,43,43,61,61,105,105,105,123,137,181,204,237,237,327,327,348,28,28,28,39,64,64,92,115,40,40,52,102,136,136,209,209,222,222,222,64,79,79,107,118,165,231,260,290,334,296,308,320,332],"floor_reached":52,"playtime":1742,"items_purged":["Strike_R"],"score":2072,"play_id":"a5e28d43-b2f2-4992-9985-9055b2022bc6","local_time":"20211226232310","is_ascension_mode":true,"campfire_choices":[{"data":"Spot Weakness","floor":6,"key":"SMITH"},{"floor":8,"key":"REST"},{"data":"Shrug It Off","floor":15,"key":"SMITH"},{"floor":24,"key":"REST"},{"floor":28,"key":"REST"},{"floor":32,"key":"REST"},{"data":"Limit Break","floor":40,"key":"SMITH"},{"floor":49,"key":"REST"}],"neow_cost":"NONE","seed_source_timestamp":87500668380800,"circlet_count":0,"master_deck":["AscendersBane","Strike_R","Strike_R","Strike_R","Strike_R","Defend_R","Defend_R","Defend_R","Defend_R","Bash+1","Spot Weakness+1","Shrug It Off+1","Heavy Blade+1","Feed+1","Sword Boomerang+1","Uppercut+1","Limit Break+1","J.A.X.","Disarm","Flame Barrier+1","Demon Form","Sword Boomerang+1","Reaper+1","Ghostly Armor+1","Limit Break+1"],"relics":["Burning Blood","Bloody Idol","Regal Pillow","Bronze Scales","Molten Egg 2","Vajra","Singing Bowl","Empty Cage","Red Skull","ClockworkSouvenir","Lizard Tail","Toy Ornithopter","Nunchaku","Snecko Eye","Anchor","Bag of Preparation","MawBank","Dead Branch","Dream Catcher"],"potions_floor_usage":[12,14,23,42,47],"damage_taken":[{"damage":1,"enemies":"2 Louse","floor":1,"turns":4},{"damage":13,"enemies":"Small Slimes","floor":5,"turns":4},{"damage":44,"enemies":"Gremlin Nob","floor":7,"turns":5},{"damage":1,"enemies":"Cultist","floor":10,"turns":3},{"damage":7,"enemies":"Large Slime","floor":11,"turns":4},{"damage":22,"enemies":"3 Sentries","floor":12,"turns":5},{"damage":18,"enemies":"Blue Slaver","floor":13,"turns":5},{"damage":0,"enemies":"Gremlin Nob","floor":14,"turns":2},{"damage":38,"enemies":"Hexaghost","floor":16,"turns":9},{"damage":23,"enemies":"Spheric Guardian","floor":18,"turns":5},{"damage":14,"enemies":"Chosen","floor":22,"turns":6},{"damage":51,"enemies":"Book of Stabbing","floor":23,"turns":4},{"damage":46,"enemies":"Gremlin Leader","floor":25,"turns":7},{"damage":16,"enemies":"Snake Plant","floor":29,"turns":3},{"damage":32,"enemies":"Book of Stabbing","floor":31,"turns":4},{"damage":74,"enemies":"Automaton","floor":33,"turns":8},{"damage":82,"enemies":"3 Darklings","floor":35,"turns":5},{"damage":8,"enemies":"3 Shapes","floor":39,"turns":4},{"damage":63,"enemies":"Reptomancer","floor":41,"turns":5},{"damage":64,"enemies":"Maw","floor":42,"turns":7},{"damage":106,"enemies":"2 Orb Walkers","floor":44,"turns":5},{"damage":26,"enemies":"3 Darklings","floor":45,"turns":4},{"damage":34,"enemies":"Transient","floor":46,"turns":6},{"damage":33,"enemies":"Giant Head","floor":47,"turns":5},{"damage":79,"enemies":"Donu and Deca","floor":50,"turns":6},{"damage":55,"enemies":"Time Eater","floor":51,"turns":7}],"seed_played":"2840421517016422309","potions_obtained":[{"floor":7,"key":"PowerPotion"},{"floor":10,"key":"AttackPotion"},{"floor":16,"key":"Strength Potion"},{"floor":25,"key":"SpeedPotion"},{"floor":33,"key":"Regen Potion"},{"floor":44,"key":"Dexterity Potion"},{"floor":45,"key":"FairyPotion"},{"floor":47,"key":"BlessingOfTheForge"}],"is_trial":false,"path_per_floor":["M","$","?","?","M","R","E","R","T","M","M","E","M","E","R","B",null,"M","$","?","?","M","E","R","E","T","$","R","M","?","E","R","B",null,"M","?","?","$","M","R","E","M","T","?","M","M","E","?","R","B","B",null],"character_chosen":"IRONCLAD","items_purchased":["Spot Weakness","Red Skull","ClockworkSouvenir","Anchor"],"campfire_rested":5,"item_purchase_floors":[2,19,19,38],"current_hp_per_floor":[73,73,73,73,66,66,28,65,65,70,69,57,45,53,53,21,66,51,51,51,51,54,14,55,20,25,25,66,65,70,49,91,28,77,45,45,45,45,85,85,56,69,74,80,77,61,55,60,118,87,114],"gold":344,"neow_bonus":"UPGRADE_CARD","is_prod":false,"is_daily":false,"chose_seed":false,"campfire_upgraded":3,"win_rate":0,"timestamp":1640557390,"path_taken":["M","$","?","?","M","R","E","R","T","M","M","E","?","E","R","BOSS","M","$","?","?","M","E","R","E","T","$","R","M","?","E","R","BOSS","M","?","?","$","M","R","E","M","T","?","M","?","E","?","R","BOSS","BOSS"],"build_version":"2020-12-22","purchased_purges":1,"victory":true,"max_hp_per_floor":[75,75,75,75,75,75,75,75,75,75,75,79,79,81,81,81,81,83,83,83,83,89,89,89,89,89,89,89,93,93,93,93,93,93,97,97,97,97,103,103,105,111,111,111,113,115,121,121,123,127,127],"card_choices":[{"not_picked":["Clothesline","Evolve"],"picked":"Sword Boomerang","floor":1},{"not_picked":["Armaments","Power Through"],"picked":"Clothesline","floor":5},{"not_picked":["Wild Strike","Headbutt"],"picked":"Shrug It Off","floor":7},{"not_picked":["Havoc","Armaments"],"picked":"Heavy Blade+1","floor":10},{"not_picked":["Shrug It Off","True Grit"],"picked":"Feed+1","floor":11},{"not_picked":["Ghostly Armor","Cleave+1"],"picked":"Sword Boomerang+1","floor":12},{"not_picked":["Flex","True Grit"],"picked":"Uppercut+1","floor":13},{"not_picked":["Wild Strike+1","Sentinel","Iron Wave+1"],"picked":"Singing Bowl","floor":14},{"not_picked":["Brutality","Barricade"],"picked":"Limit Break","floor":16},{"not_picked":["Rampage+1","Power Through","Clash+1"],"picked":"Singing Bowl","floor":18},{"not_picked":["Clothesline+1","Second Wind+1","Evolve"],"picked":"Singing Bowl","floor":22},{"not_picked":["Clash+1","Havoc+1"],"picked":"Disarm","floor":23},{"not_picked":["True Grit","Wild Strike+1"],"picked":"Flame Barrier","floor":25},{"not_picked":["Thunderclap+1","Perfected Strike+1"],"picked":"Demon Form","floor":29},{"not_picked":["Warcry","Armaments"],"picked":"Sword Boomerang+1","floor":31},{"not_picked":["Corruption","Limit Break"],"picked":"Reaper+1","floor":33},{"not_picked":["Sword Boomerang+1","Warcry+1"],"picked":"Ghostly Armor+1","floor":35},{"not_picked":["Uppercut+1","Warcry","Cleave+1"],"picked":"Singing Bowl","floor":39},{"not_picked":["Pummel+1","Clash+1","Rupture"],"picked":"Singing Bowl","floor":41},{"not_picked":["Dropkick+1","Second Wind","Twin Strike+1"],"picked":"Singing Bowl","floor":42},{"not_picked":["Carnage+1","Heavy Blade+1"],"picked":"Limit Break","floor":44},{"not_picked":["Blood for Blood+1","Dual Wield","True Grit"],"picked":"Singing Bowl","floor":45},{"not_picked":["Havoc","Blood for Blood+1","Perfected Strike+1"],"picked":"Singing Bowl","floor":46},{"not_picked":["Feel No Pain+1","Iron Wave+1","Dual Wield"],"picked":"Singing Bowl","floor":47},{"not_picked":["Wild Strike+1","Armaments+1","Dropkick+1"],"picked":"Singing Bowl","floor":49}],"player_experience":1770287,"relics_obtained":[{"floor":7,"key":"Bronze Scales"},{"floor":9,"key":"Molten Egg 2"},{"floor":12,"key":"Vajra"},{"floor":14,"key":"Singing Bowl"},{"floor":23,"key":"Lizard Tail"},{"floor":25,"key":"Toy Ornithopter"},{"floor":31,"key":"Nunchaku"},{"floor":41,"key":"Bag of Preparation"},{"floor":43,"key":"MawBank"},{"floor":44,"key":"Dead Branch"},{"floor":47,"key":"Dream Catcher"}],"event_choices":[{"damage_healed":0,"gold_gain":0,"player_choice":"Take Wound","damage_taken":0,"relics_obtained":["Golden Idol"],"max_hp_gain":0,"max_hp_loss":0,"event_name":"Golden Idol","floor":3,"gold_loss":0,"cards_obtained":["Injury"]},{"cards_removed":["Sword Boomerang"],"damage_healed":0,"gold_gain":0,"player_choice":"Gave Card","damage_taken":0,"relics_obtained":["Regal Pillow"],"max_hp_gain":0,"max_hp_loss":0,"event_name":"WeMeetAgain","floor":4,"gold_loss":0},{"damage_healed":0,"gold_gain":0,"player_choice":"Gave Idol","damage_taken":0,"relics_obtained":["Bloody Idol"],"max_hp_gain":0,"max_hp_loss":0,"event_name":"Forgotten Altar","floor":20,"relics_lost":["Golden Idol"],"gold_loss":0},{"damage_healed":0,"gold_gain":0,"player_choice":"Obtain J.A.X.","damage_taken":0,"max_hp_gain":0,"max_hp_loss":0,"event_name":"Drug Dealer","floor":21,"gold_loss":0,"cards_obtained":["J.A.X."]},{"damage_healed":0,"gold_gain":50,"player_choice":"Stole From Cult","damage_taken":0,"max_hp_gain":0,"max_hp_loss":0,"event_name":"Nest","floor":30,"gold_loss":0},{"damage_healed":0,"gold_gain":0,"player_choice":"Ignored","damage_taken":0,"max_hp_gain":0,"max_hp_loss":0,"event_name":"The Moai Head","floor":36,"gold_loss":0},{"damage_healed":0,"gold_gain":0,"player_choice":"Ignored","damage_taken":0,"max_hp_gain":0,"max_hp_loss":0,"event_name":"Tomb of Lord Red Mask","floor":37,"gold_loss":0},{"damage_healed":0,"gold_gain":0,"player_choice":"Fight","damage_taken":0,"max_hp_gain":0,"max_hp_loss":0,"event_name":"Mysterious Sphere","floor":44,"gold_loss":0},{"damage_healed":0,"gold_gain":0,"player_choice":"Upgraded Two","damage_taken":0,"max_hp_gain":0,"max_hp_loss":0,"event_name":"Designer","floor":48,"gold_loss":50,"cards_upgraded":["Flame Barrier","Limit Break"]}],"is_beta":false,"boss_relics":[{"not_picked":["Runic Pyramid","Sozu"],"picked":"Empty Cage"},{"not_picked":["Calling Bell","SacredBark"],"picked":"Snecko Eye"}],"items_purged_floors":[27],"is_endless":false,"potions_floor_spawned":[7,10,11,16,18,25,33,41,44,45,46,47],"ascension_level":20}