{"gold_per_floor":[115,115,115,58,78,78,97,47,71,71,91,241,241,267,267,267],"floor_reached":16,"playtime":338,"items_purged":["Writhe"],"score":195,"play_id":"95efaa85-2032-48fb-8acf-593c82739879","local_time":"20220214191143","is_ascension_mode":true,"campfire_choices":[{"data":"Searing Blow","floor":6,"key":"SMITH"},{"data":"Searing Blow+1","floor":10,"key":"SMITH"},{"data":"Searing Blow+2","floor":15,"key":"SMITH"}],"neow_cost":"CURSE","seed_source_timestamp":88132482090400,"circlet_count":0,"master_deck":["AscendersBane","Strike_R","Strike_R","Strike_R","Strike_R","Strike_R+1","Defend_R+1","Defend_R","Defend_R","Defend_R","Bash","Searing Blow+3","Armaments","Dual Wield"],"relics":["Burning Blood","Smiling Mask","Pen Nib","Spirit Poop","Darkstone Periapt"],"potions_floor_usage":[14],"damage_taken":[{"damage":9,"enemies":"Jaw Worm","floor":1,"turns":5},{"damage":5,"enemies":"Small Slimes","floor":5,"turns":5},{"damage":8,"enemies":"2 Louse","floor":7,"turns":3},{"damage":11,"enemies":"Gremlin Gang","floor":11,"turns":5},{"damage":31,"enemies":"Lagavulin","floor":14,"turns":7},{"damage":51,"enemies":"Slime Boss","floor":16,"turns":9}],"seed_played":"-6041959229354034446","potions_obtained":[{"floor":1,"key":"ColorlessPotion"},{"floor":7,"key":"FairyPotion"}],"is_trial":false,"path_per_floor":["M","?","?","$","M","R","M","$","T","R","M","?","?","E","R","B"],"character_chosen":"IRONCLAD","items_purchased":["Armaments"],"campfire_rested":0,"item_purchase_floors":[4],"current_hp_per_floor":[79,52,41,41,42,42,40,40,40,40,35,35,35,10,10,0],"gold":267,"neow_bonus":"TWENTY_PERCENT_HP_BONUS","is_prod":false,"is_daily":false,"chose_seed":false,"campfire_upgraded":3,"win_rate":0,"timestamp":1644862303,"path_taken":["M","?","?","$","M","R","M","$","T","R","M","?","?","E","R","BOSS"],"build_version":"2020-12-22","purchased_purges":1,"victory":false,"max_hp_per_floor":[89,89,89,89,89,89,89,89,89,89,89,89,89,89,89,89],"card_choices":[{"not_picked":["Sever Soul","Headbutt"],"picked":"Searing Blow","floor":1},{"not_picked":["Infernal Blade","Thunderclap","Armaments"],"picked":"SKIP","floor":5},{"not_picked":["Uppercut","Wild Strike","Second Wind"],"picked":"SKIP","floor":7},{"not_picked":["Combust","Havoc","Iron Wave"],"picked":"SKIP","floor":11},{"not_picked":["Uppercut","Anger"],"picked":"Dual Wield","floor":14}],"player_experience":1779532,"relics_obtained":[{"floor":9,"key":"Pen Nib"},{"floor":14,"key":"Darkstone Periapt"}],"event_choices":[{"damage_healed":0,"gold_gain":0,"player_choice":"Entered Light","damage_taken":27,"max_hp_gain":0,"max_hp_loss":0,"event_name":"Shining Light","floor":2,"gold_loss":0,"cards_upgraded":["Defend_R","Strike_R"]},{"damage_healed":0,"gold_gain":0,"player_choice":"Success","damage_taken":11,"relics_obtained":["Smiling Mask"],"max_hp_gain":0,"max_hp_loss":0,"event_name":"Scrap Ooze","floor":3,"gold_loss":0},{"damage_healed":0,"gold_gain":150,"player_choice":"AGREE","damage_taken":0,"max_hp_gain":0,"max_hp_loss":0,"event_name":"Liars Game","floor":12,"gold_loss":0,"cards_obtained":["Doubt"]},{"cards_removed":["Doubt"],"damage_healed":0,"gold_gain":0,"player_choice":"Offered Curse","damage_taken":0,"relics_obtained":["Spirit Poop"],"max_hp_gain":0,"max_hp_loss":0,"event_name":"Bonfire Elementals","floor":13,"gold_loss":0}],"is_beta":false,"boss_relics":[],"items_purged_floors":[8],"is_endless":false,"potions_floor_spawned":[1,7],"killed_by":"Slime Boss","ascension_level":20}