{"gold_per_floor":[117,117,117,127,143,143,177,177,259,294,321,321,321,336,336,436,436,460,480,498,513,513,513],"floor_reached":23,"playtime":987,"items_purged":[],"score":402,"play_id":"e22f5f88-801b-4173-9be2-86067e448d01","local_time":"20220213192046","is_ascension_mode":true,"campfire_choices":[{"data":"Flame Barrier","floor":6,"key":"SMITH"},{"data":"Cleave","floor":8,"key":"SMITH"},{"floor":15,"key":"REST"}],"neow_cost":"TEN_PERCENT_HP_LOSS","seed_source_timestamp":1624686971000,"circlet_count":0,"master_deck":["AscendersBane","Strike_R","Strike_R","Defend_R","Defend_R","Defend_R","Defend_R","Bash","Clothesline","Cleave+1","Flame Barrier+1","Disarm","Barricade","Fire Breathing","Iron Wave"],"relics":["Burning Blood","Incense Burner","Strawberry","FaceOfCleric","CeramicFish","Pantograph","Singing Bowl","Golden Idol","Busted Crown"],"potions_floor_usage":[11,23],"damage_taken":[{"damage":0,"enemies":"Small Slimes","floor":1,"turns":4},{"damage":4,"enemies":"Jaw Worm","floor":4,"turns":3},{"damage":9,"enemies":"Cultist","floor":5,"turns":4},{"damage":26,"enemies":"3 Sentries","floor":7,"turns":8},{"damage":48,"enemies":"Gremlin Nob","floor":10,"turns":5},{"damage":9,"enemies":"3 Louse","floor":11,"turns":3},{"damage":1,"enemies":"Looter","floor":14,"turns":4},{"damage":38,"enemies":"The Guardian","floor":16,"turns":16},{"damage":8,"enemies":"Shell Parasite","floor":18,"turns":8},{"damage":33,"enemies":"Spheric Guardian","floor":19,"turns":8},{"damage":14,"enemies":"Snake Plant","floor":21,"turns":6},{"damage":61,"enemies":"Slavers","floor":23,"turns":4}],"seed_played":"-5203347200992059604","potions_obtained":[{"floor":1,"key":"Ancient Potion"},{"floor":5,"key":"Weak Potion"},{"floor":21,"key":"ColorlessPotion"}],"is_trial":false,"path_per_floor":["M","?","?","M","M","R","E","R","T","E","M","?","?","M","R","B",null,"M","M","?","M","?","E"],"character_chosen":"IRONCLAD","items_purchased":[],"campfire_rested":1,"item_purchase_floors":[],"current_hp_per_floor":[68,70,70,73,71,71,52,52,52,13,11,11,11,19,42,36,68,69,45,45,40,57,0],"gold":513,"neow_bonus":"ONE_RARE_RELIC","is_prod":false,"is_daily":false,"chose_seed":false,"campfire_upgraded":2,"win_rate":0,"timestamp":1644776446,"path_taken":["M","?","?","?","M","R","E","R","T","E","M","?","?","M","R","BOSS","M","M","?","M","?","E"],"build_version":"2020-12-22","purchased_purges":0,"victory":false,"max_hp_per_floor":[68,75,75,76,77,77,78,78,78,81,82,74,74,77,77,78,78,81,84,84,87,87,87],"card_choices":[{"not_picked":["Rage","Armaments"],"picked":"Clothesline","floor":1},{"not_picked":["Clothesline","Rampage"],"picked":"Cleave","floor":4},{"not_picked":["Body Slam","Cleave"],"picked":"Flame Barrier","floor":5},{"not_picked":["Wild Strike","Shrug It Off","Twin Strike"],"picked":"SKIP","floor":7},{"not_picked":["Iron Wave","Hemokinesis","Cleave"],"picked":"Singing Bowl","floor":10},{"not_picked":["Inflame","Wild Strike"],"picked":"Disarm","floor":11},{"not_picked":["Whirlwind","Second Wind","Feel No Pain"],"picked":"Singing Bowl","floor":14},{"not_picked":["Brutality","Exhume"],"picked":"Barricade","floor":16},{"not_picked":["Headbutt"],"picked":"Singing Bowl","floor":18},{"not_picked":["Twin Strike"],"picked":"Singing Bowl","floor":19},{"not_picked":["Cleave"],"picked":"Singing Bowl","floor":21}],"player_experience":1775650,"relics_obtained":[{"floor":7,"key":"CeramicFish"},{"floor":9,"key":"Pantograph"},{"floor":10,"key":"Singing Bowl"}],"event_choices":[{"damage_healed":0,"gold_gain":0,"player_choice":"Success","damage_taken":5,"relics_obtained":["Strawberry"],"max_hp_gain":0,"max_hp_loss":0,"event_name":"Scrap Ooze","floor":2,"gold_loss":0},{"damage_healed":0,"gold_gain":0,"player_choice":"Trade","damage_taken":0,"relics_obtained":["FaceOfCleric"],"max_hp_gain":0,"max_hp_loss":0,"event_name":"FaceTrader","floor":3,"gold_loss":0},{"damage_healed":0,"gold_gain":0,"player_choice":"Lose Max HP","damage_taken":0,"relics_obtained":["Golden Idol"],"max_hp_gain":0,"max_hp_loss":8,"event_name":"Golden Idol","floor":12,"gold_loss":0},{"cards_removed":["Strike_R"],"damage_healed":0,"gold_gain":0,"player_choice":"Purged","damage_taken":0,"max_hp_gain":0,"max_hp_loss":0,"event_name":"Purifier","floor":13,"gold_loss":0},{"damage_healed":0,"gold_gain":0,"cards_transformed":["Strike_R","Strike_R"],"player_choice":"Became Test Subject","damage_taken":0,"max_hp_gain":0,"max_hp_loss":0,"event_name":"Drug Dealer","floor":20,"gold_loss":0,"cards_obtained":["Fire Breathing","Iron Wave"]},{"damage_healed":17,"gold_gain":0,"player_choice":"Heal","damage_taken":0,"max_hp_gain":0,"max_hp_loss":0,"event_name":"The Library","floor":22,"gold_loss":0}],"is_beta":false,"boss_relics":[{"not_picked":["Tiny House","Runic Pyramid"],"picked":"Busted Crown"}],"items_purged_floors":[],"is_endless":false,"potions_floor_spawned":[1,5,7,10,21],"killed_by":"Slavers","ascension_level":20}