{"gold_per_floor":[110,185,185,110,80,80,108,125,125,125,137,153,180,194,194,271,271,289,179,79,91,141,141,173,173,225,236,236,263,263],"floor_reached":30,"playtime":916,"items_purged":["Strike_R","Strike_R"],"score":552,"play_id":"ba954f5d-81c9-452c-bd77-cf853c127e64","local_time":"20220214155802","is_ascension_mode":true,"campfire_choices":[{"data":"Clash","floor":6,"key":"SMITH"},{"data":"Bash","floor":10,"key":"SMITH"},{"floor":15,"key":"REST"},{"data":"Hemokinesis","floor":23,"key":"SMITH"},{"floor":25,"key":"REST"}],"neow_cost":"NONE","seed_source_timestamp":75933124407300,"circlet_count":0,"master_deck":["AscendersBane","Strike_R+1","Strike_R","Defend_R","Defend_R","Defend_R","Bash+1","Clash+1","Shrug It Off","Hemokinesis+1","Offering","Pommel Strike+1"],"relics":["Burning Blood","MealTicket","Akabeko","Ice Cream","Toy Ornithopter","Sozu","Bronze Scales","Eternal Feather"],"potions_floor_usage":[11,16,18],"damage_taken":[{"damage":2,"enemies":"Cultist","floor":1,"turns":4},{"damage":37,"enemies":"Gremlin Nob","floor":7,"turns":4},{"damage":0,"enemies":"2 Louse","floor":8,"turns":1},{"damage":0,"enemies":"Small Slimes","floor":11,"turns":2},{"damage":0,"enemies":"2 Fungi Beasts","floor":12,"turns":3},{"damage":36,"enemies":"Lagavulin","floor":13,"turns":8},{"damage":9,"enemies":"Large Slime","floor":14,"turns":8},{"damage":44,"enemies":"The Guardian","floor":16,"turns":11},{"damage":20,"enemies":"3 Byrds","floor":18,"turns":8},{"damage":12,"enemies":"Chosen","floor":21,"turns":3},{"damage":52,"enemies":"Book of Stabbing","floor":24,"turns":5},{"damage":10,"enemies":"Snecko","floor":27,"turns":2},{"damage":25,"enemies":"Colosseum Slavers","floor":28,"turns":3},{"damage":13,"enemies":"Gremlin Leader","floor":29,"turns":4},{"damage":18,"enemies":"Shelled Parasite and Fungi","floor":30,"turns":1}],"seed_played":"7960814569656087299","potions_obtained":[{"floor":5,"key":"BlessingOfTheForge"},{"floor":5,"key":"SneckoOil"},{"floor":7,"key":"SkillPotion"},{"floor":11,"key":"Fruit Juice"},{"floor":14,"key":"SneckoOil"}],"is_trial":false,"path_per_floor":["M","?","?","$","?","R","E","M","T","R","M","M","E","M","R","B",null,"M","?","$","M","?","R","E","R","T","M","?","E","M"],"character_chosen":"IRONCLAD","items_purchased":[],"campfire_rested":2,"item_purchase_floors":[],"current_hp_per_floor":[72,61,61,75,75,75,44,50,50,50,61,67,37,34,58,25,66,57,57,72,66,66,66,20,44,44,40,21,14,0],"gold":263,"neow_bonus":"RANDOM_COMMON_RELIC","is_prod":false,"is_daily":false,"chose_seed":false,"campfire_upgraded":3,"win_rate":0,"timestamp":1644850682,"path_taken":["M","?","?","$","?","R","E","?","T","R","M","M","E","M","R","BOSS","M","?","$","?","?","R","E","R","T","M","?","E","M"],"build_version":"2020-12-22","purchased_purges":2,"victory":false,"max_hp_per_floor":[75,75,75,75,75,75,75,75,75,75,80,80,80,80,80,80,80,80,80,80,80,80,80,80,80,80,80,80,80,80],"card_choices":[{"not_picked":["True Grit","Heavy Blade"],"picked":"Clash","floor":1},{"not_picked":["Dark Embrace","Bloodletting","Perfected Strike"],"picked":"SKIP","floor":7},{"not_picked":["Flame Barrier","Thunderclap","Anger"],"picked":"SKIP","floor":8},{"not_picked":["Anger","Combust"],"picked":"Shrug It Off","floor":11},{"not_picked":["Warcry","Flex","Shrug It Off"],"picked":"SKIP","floor":12},{"not_picked":["Wild Strike","Sentinel","True Grit"],"picked":"SKIP","floor":13},{"not_picked":["Headbutt","Reckless Charge"],"picked":"Hemokinesis","floor":14},{"not_picked":["Demon Form","Exhume"],"picked":"Offering","floor":16},{"not_picked":["Searing Blow","Metallicize","Rage"],"picked":"SKIP","floor":18},{"not_picked":["Iron Wave","Spot Weakness"],"picked":"Pommel Strike+1","floor":21},{"not_picked":["Entrench","Clothesline","Evolve"],"picked":"SKIP","floor":24},{"not_picked":["Flex","Sever Soul","Pommel Strike"],"picked":"SKIP","floor":27},{"not_picked":["Spot Weakness","Dark Embrace","Combust"],"picked":"SKIP","floor":29}],"player_experience":1778616,"relics_obtained":[{"floor":7,"key":"Akabeko"},{"floor":9,"key":"Ice Cream"},{"floor":13,"key":"Toy Ornithopter"},{"floor":24,"key":"Bronze Scales"},{"floor":29,"key":"Eternal Feather"}],"event_choices":[{"damage_healed":0,"gold_gain":75,"player_choice":"Gather Gold","damage_taken":11,"max_hp_gain":0,"max_hp_loss":0,"event_name":"World of Goop","floor":2,"gold_loss":0},{"cards_removed":["Strike_R"],"damage_healed":0,"gold_gain":0,"player_choice":"Forget","damage_taken":0,"max_hp_gain":0,"max_hp_loss":0,"event_name":"Living Wall","floor":3,"gold_loss":0},{"damage_healed":0,"gold_gain":0,"player_choice":"Bought 2 Potions","damage_taken":0,"max_hp_gain":0,"max_hp_loss":0,"event_name":"The Woman in Blue","floor":5,"gold_loss":0},{"cards_removed":["Defend_R"],"damage_healed":0,"gold_gain":0,"player_choice":"Upgrade and Remove","damage_taken":0,"max_hp_gain":0,"max_hp_loss":0,"event_name":"Designer","floor":19,"gold_loss":110,"cards_upgraded":["Strike_R"]},{"damage_healed":0,"gold_gain":50,"player_choice":"Stole From Cult","damage_taken":0,"max_hp_gain":0,"max_hp_loss":0,"event_name":"Nest","floor":22,"gold_loss":0},{"damage_healed":0,"gold_gain":0,"player_choice":"Fight","damage_taken":0,"max_hp_gain":0,"max_hp_loss":0,"event_name":"Colosseum","floor":28,"gold_loss":0},{"damage_healed":0,"gold_gain":0,"player_choice":"Fled From Nobs","damage_taken":0,"max_hp_gain":0,"max_hp_loss":0,"event_name":"Colosseum","floor":28,"gold_loss":0}],"is_beta":false,"boss_relics":[{"not_picked":["Coffee Dripper","Philosopher\u0027s Stone"],"picked":"Sozu"}],"items_purged_floors":[4,20],"is_endless":false,"potions_floor_spawned":[7,11,14,18],"killed_by":"Shelled Parasite and Fungi","ascension_level":20}