{"gold_per_floor":[114,114,39,39,53,92,92,40,40,40,40,79,160,185,185,185],"floor_reached":16,"playtime":581,"items_purged":["Regret"],"score":262,"play_id":"170aa7ed-a26b-4708-b43b-e486c2e350f9","local_time":"20220213190407","is_ascension_mode":true,"campfire_choices":[{"data":"Rampage","floor":7,"key":"SMITH"},{"data":"Combust","floor":10,"key":"SMITH"},{"data":"Rage","floor":15,"key":"SMITH"}],"neow_cost":"NONE","seed_source_timestamp":1032515080500,"circlet_count":0,"master_deck":["AscendersBane","Strike_R","Strike_R","Strike_R","Strike_R+1","Strike_R","Defend_R","Defend_R","Defend_R","Defend_R","Bash","Combust+1","Pommel Strike+1","Rampage+1","Shrug It Off","Rage+1"],"relics":["Burning Blood","NeowsBlessing","Omamori","Golden Idol","FossilizedHelix","Frozen Egg 2","Smiling Mask","Molten Egg 2"],"potions_floor_usage":[16],"damage_taken":[{"damage":0,"enemies":"Jaw Worm","floor":1,"turns":1},{"damage":0,"enemies":"Small Slimes","floor":5,"turns":1},{"damage":0,"enemies":"Lagavulin","floor":6,"turns":1},{"damage":8,"enemies":"Gremlin Nob","floor":12,"turns":3},{"damage":0,"enemies":"2 Louse","floor":14,"turns":3},{"damage":57,"enemies":"Hexaghost","floor":16,"turns":10}],"seed_played":"4824158687988058606","potions_obtained":[{"floor":6,"key":"Dexterity Potion"},{"floor":14,"key":"ColorlessPotion"}],"is_trial":false,"path_per_floor":["M","?","$","?","M","E","R","$","T","R","?","E","T","M","R","B"],"character_chosen":"IRONCLAD","items_purchased":["Shrug It Off"],"campfire_rested":0,"item_purchase_floors":[8],"current_hp_per_floor":[74,74,74,74,75,75,75,75,75,75,52,50,50,56,56,0],"gold":185,"neow_bonus":"THREE_ENEMY_KILL","is_prod":false,"is_daily":false,"chose_seed":false,"campfire_upgraded":3,"win_rate":0,"timestamp":1644775447,"path_taken":["M","?","$","?","M","E","R","?","T","R","?","E","?","M","R","BOSS"],"build_version":"2020-12-22","purchased_purges":1,"victory":false,"max_hp_per_floor":[75,75,75,75,75,75,75,75,75,75,75,75,75,75,75,75],"card_choices":[{"not_picked":["Iron Wave","Flex"],"picked":"Combust","floor":1},{"not_picked":["Havoc","Clash"],"picked":"Pommel Strike","floor":5},{"not_picked":["Havoc","Anger"],"picked":"Rampage","floor":6},{"not_picked":["Warcry","Iron Wave","Headbutt"],"picked":"SKIP","floor":12},{"not_picked":["Shrug It Off","Armaments"],"picked":"Rage","floor":14}],"player_experience":1775069,"relics_obtained":[{"floor":6,"key":"FossilizedHelix"},{"floor":9,"key":"Frozen Egg 2"},{"floor":12,"key":"Smiling Mask"},{"floor":13,"key":"Molten Egg 2"}],"event_choices":[{"damage_healed":0,"gold_gain":0,"player_choice":"Box","damage_taken":0,"relics_obtained":["Omamori"],"max_hp_gain":0,"max_hp_loss":0,"event_name":"Big Fish","floor":2,"gold_loss":0,"cards_obtained":["Regret"]},{"damage_healed":0,"gold_gain":0,"player_choice":"Take Wound","damage_taken":0,"relics_obtained":["Golden Idol"],"max_hp_gain":0,"max_hp_loss":0,"event_name":"Golden Idol","floor":4,"gold_loss":0,"cards_obtained":["Injury"]},{"damage_healed":0,"gold_gain":0,"player_choice":"Entered Light","damage_taken":23,"max_hp_gain":0,"max_hp_loss":0,"event_name":"Shining Light","floor":11,"gold_loss":0,"cards_upgraded":["Pommel Strike","Strike_R"]}],"is_beta":false,"boss_relics":[],"items_purged_floors":[3],"is_endless":false,"potions_floor_spawned":[6,14],"killed_by":"Hexaghost","ascension_level":20}