{"gold_per_floor":[114,114,114,114,128,128,163,163,163,178,221,221,4,4,4,4],"floor_reached":16,"playtime":275,"items_purged":[],"score":212,"play_id":"64d75476-c519-4a8d-b614-147eb98915a2","local_time":"20220214191628","is_ascension_mode":true,"campfire_choices":[{"data":"Immolate","floor":6,"key":"SMITH"},{"data":"Bash","floor":8,"key":"SMITH"},{"data":"Flame Barrier","floor":12,"key":"SMITH"},{"data":"Strike_R","floor":15,"key":"SMITH"}],"neow_cost":"NONE","seed_source_timestamp":88480658262300,"circlet_count":0,"master_deck":["AscendersBane","Strike_R","Strike_R","Strike_R+1","Strike_R","Strike_R+1","Defend_R","Defend_R","Defend_R","Defend_R+1","Bash+1","Immolate+1","Flame Barrier+1"],"relics":["Burning Blood","CeramicFish","Boot","Regal Pillow","The Courier","Meat on the Bone","Golden Idol"],"potions_floor_usage":[16,16],"damage_taken":[{"damage":4,"enemies":"Jaw Worm","floor":1,"turns":4},{"damage":0,"enemies":"2 Louse","floor":5,"turns":1},{"damage":8,"enemies":"Gremlin Nob","floor":7,"turns":3},{"damage":4,"enemies":"Small Slimes","floor":10,"turns":2},{"damage":22,"enemies":"3 Sentries","floor":11,"turns":5},{"damage":31,"enemies":"Hexaghost","floor":16,"turns":9}],"seed_played":"8841712683339516622","potions_obtained":[{"floor":10,"key":"DistilledChaos"},{"floor":11,"key":"ColorlessPotion"}],"is_trial":false,"path_per_floor":["M","?","?","?","M","R","E","R","T","M","E","R","$","?","R","B"],"character_chosen":"IRONCLAD","items_purchased":["Meat on the Bone"],"campfire_rested":0,"item_purchase_floors":[13],"current_hp_per_floor":[70,47,52,41,47,47,45,45,45,47,31,31,31,31,31,0],"gold":4,"neow_bonus":"ONE_RANDOM_RARE_CARD","is_prod":false,"is_daily":false,"chose_seed":false,"campfire_upgraded":4,"win_rate":0,"timestamp":1644862588,"path_taken":["M","?","?","?","M","R","E","R","T","M","E","R","$","?","R","BOSS"],"build_version":"2020-12-22","purchased_purges":0,"victory":false,"max_hp_per_floor":[75,75,80,80,80,80,80,80,80,80,80,80,80,72,72,72],"card_choices":[{"not_picked":["Warcry","Clothesline","Anger"],"picked":"SKIP","floor":1},{"not_picked":["Entrench","Cleave","Clothesline"],"picked":"SKIP","floor":5},{"not_picked":["Body Slam","Twin Strike","Warcry"],"picked":"SKIP","floor":7},{"not_picked":["Armaments","Intimidate","Dark Embrace"],"picked":"SKIP","floor":10},{"not_picked":["Demon Form","Havoc"],"picked":"Flame Barrier","floor":11}],"player_experience":1779870,"relics_obtained":[{"floor":7,"key":"Boot"},{"floor":9,"key":"Regal Pillow"},{"floor":11,"key":"The Courier"}],"event_choices":[{"damage_healed":0,"gold_gain":0,"player_choice":"Entered Light","damage_taken":23,"max_hp_gain":0,"max_hp_loss":0,"event_name":"Shining Light","floor":2,"gold_loss":0,"cards_upgraded":["Strike_R","Defend_R"]},{"damage_healed":0,"gold_gain":0,"player_choice":"Donut","damage_taken":0,"max_hp_gain":5,"max_hp_loss":0,"event_name":"Big Fish","floor":3,"gold_loss":0},{"damage_healed":0,"gold_gain":0,"player_choice":"Success","damage_taken":11,"relics_obtained":["CeramicFish"],"max_hp_gain":0,"max_hp_loss":0,"event_name":"Scrap Ooze","floor":4,"gold_loss":0},{"damage_healed":0,"gold_gain":0,"player_choice":"Lose Max HP","damage_taken":0,"relics_obtained":["Golden Idol"],"max_hp_gain":0,"max_hp_loss":8,"event_name":"Golden Idol","floor":14,"gold_loss":0}],"is_beta":false,"boss_relics":[],"items_purged_floors":[],"is_endless":false,"potions_floor_spawned":[10,11],"killed_by":"Hexaghost","ascension_level":20}