{"gold_per_floor":[366,366,516,516,516,516,542,553,576,609,57,75,75],"floor_reached":13,"playtime":246,"items_purged":[],"score":182,"play_id":"97bc5afc-7aef-40b5-9d87-9a96a1853f41","local_time":"20220218005148","is_ascension_mode":true,"campfire_choices":[{"data":"Bash","floor":6,"key":"SMITH"}],"neow_cost":"TEN_PERCENT_HP_LOSS","seed_source_timestamp":9389914549300,"circlet_count":0,"master_deck":["AscendersBane","Strike_R","Strike_R","Strike_R","Strike_R","Defend_R","Defend_R","Defend_R","Defend_R+1","Bash+1","Whirlwind+1","Pommel Strike"],"relics":["Burning Blood","Art of War","CeramicFish","StrikeDummy","Bottled Flame","Pantograph"],"potions_floor_usage":[10,10],"damage_taken":[{"damage":7,"enemies":"Small Slimes","floor":1,"turns":4},{"damage":22,"enemies":"3 Sentries","floor":7,"turns":6},{"damage":2,"enemies":"Jaw Worm","floor":8,"turns":3},{"damage":26,"enemies":"Lagavulin","floor":10,"turns":5},{"damage":0,"enemies":"2 Louse","floor":12,"turns":1},{"damage":22,"enemies":"3 Sentries","floor":13,"turns":3}],"seed_played":"-5783356029986430086","potions_obtained":[{"floor":7,"key":"FearPotion"},{"floor":8,"key":"Dexterity Potion"},{"floor":12,"key":"BlessingOfTheForge"}],"is_trial":false,"path_per_floor":["M","?","?","?","?","R","E","M","T","E","$","M","E"],"character_chosen":"IRONCLAD","items_purchased":["Bottled Flame","Pantograph"],"campfire_rested":0,"item_purchase_floors":[11,11],"current_hp_per_floor":[67,60,60,40,40,40,24,28,28,8,8,14,0],"gold":75,"neow_bonus":"TWO_FIFTY_GOLD","is_prod":false,"is_daily":false,"chose_seed":false,"campfire_upgraded":1,"win_rate":0,"timestamp":1645141908,"path_taken":["M","?","?","?","?","R","E","?","T","E","$","M","E"],"build_version":"2020-12-22","purchased_purges":0,"victory":false,"max_hp_per_floor":[68,68,68,68,68,68,68,68,68,68,68,68,68],"card_choices":[{"not_picked":["Headbutt","Dual Wield"],"picked":"Whirlwind","floor":1},{"not_picked":["Pummel","Perfected Strike"],"picked":"Pommel Strike","floor":7},{"not_picked":["Whirlwind","Clash","Perfected Strike"],"picked":"SKIP","floor":8},{"not_picked":["Headbutt","Hemokinesis","Bloodletting"],"picked":"SKIP","floor":10},{"not_picked":["Twin Strike","Havoc","Iron Wave"],"picked":"SKIP","floor":12}],"player_experience":1780385,"relics_obtained":[{"floor":7,"key":"Art of War"},{"floor":9,"key":"CeramicFish"},{"floor":10,"key":"StrikeDummy"}],"event_choices":[{"cards_removed":["Strike_R"],"damage_healed":0,"gold_gain":0,"player_choice":"Card Removal","damage_taken":7,"max_hp_gain":0,"max_hp_loss":0,"event_name":"Golden Wing","floor":2,"gold_loss":0},{"damage_healed":0,"gold_gain":150,"player_choice":"AGREE","damage_taken":0,"max_hp_gain":0,"max_hp_loss":0,"event_name":"Liars Game","floor":3,"gold_loss":0,"cards_obtained":["Doubt"]},{"damage_healed":0,"gold_gain":0,"player_choice":"Entered Light","damage_taken":20,"max_hp_gain":0,"max_hp_loss":0,"event_name":"Shining Light","floor":4,"gold_loss":0,"cards_upgraded":["Defend_R","Whirlwind"]},{"cards_removed":["Doubt"],"damage_healed":0,"gold_gain":0,"player_choice":"Forget","damage_taken":0,"max_hp_gain":0,"max_hp_loss":0,"event_name":"Living Wall","floor":5,"gold_loss":0}],"is_beta":false,"boss_relics":[],"items_purged_floors":[],"is_endless":false,"potions_floor_spawned":[7,8,12],"killed_by":"3 Sentries","ascension_level":20}