{"gold_per_floor":[12,23,23,38,38,66,85,110,110,110],"floor_reached":10,"playtime":267,"items_purged":[],"score":156,"play_id":"5705e28e-f80c-4afd-b584-2e81be9e7612","local_time":"20220219131118","is_ascension_mode":true,"campfire_choices":[],"neow_cost":"NO_GOLD","seed_source_timestamp":140141487626800,"circlet_count":0,"master_deck":["AscendersBane","Strike_R","Strike_R","Strike_R","Strike_R","Strike_R","Defend_R","Defend_R","Defend_R","Defend_R","Bash","The Bomb","Ghostly Armor","Warcry","Dropkick"],"relics":["Burning Blood","Pen Nib","Singing Bowl","Mummified Hand","Letter Opener"],"potions_floor_usage":[5,8,10],"damage_taken":[{"damage":0,"enemies":"Cultist","floor":1,"turns":3},{"damage":13,"enemies":"Small Slimes","floor":2,"turns":5},{"damage":3,"enemies":"2 Louse","floor":4,"turns":3},{"damage":26,"enemies":"Gremlin Nob","floor":6,"turns":4},{"damage":19,"enemies":"Exordium Thugs","floor":7,"turns":3},{"damage":15,"enemies":"Lagavulin","floor":8,"turns":7},{"damage":39,"enemies":"Gremlin Nob","floor":10,"turns":3}],"seed_played":"-5588085689939707138","potions_obtained":[{"floor":1,"key":"Energy Potion"},{"floor":5,"key":"Fruit Juice"},{"floor":5,"key":"FearPotion"},{"floor":8,"key":"Dexterity Potion"}],"is_trial":false,"path_per_floor":["M","M","?","M","?","E","M","E","T","E"],"character_chosen":"IRONCLAD","items_purchased":[],"campfire_rested":0,"item_purchase_floors":[],"current_hp_per_floor":[74,67,56,59,64,44,33,26,26,0],"gold":110,"neow_bonus":"RANDOM_COLORLESS_2","is_prod":false,"is_daily":false,"chose_seed":false,"campfire_upgraded":0,"win_rate":0,"timestamp":1645272678,"path_taken":["M","?","?","M","?","E","M","E","T","E"],"build_version":"2020-12-22","purchased_purges":0,"victory":false,"max_hp_per_floor":[75,75,75,75,80,80,82,84,84,84],"card_choices":[{"not_picked":["Master of Strategy","Violence"],"picked":"The Bomb","floor":0},{"not_picked":["Wild Strike","Clothesline","Heavy Blade"],"picked":"SKIP","floor":1},{"not_picked":["Second Wind","Havoc"],"picked":"Ghostly Armor","floor":2},{"not_picked":["Anger","Cleave"],"picked":"Warcry","floor":4},{"not_picked":["Rampage","Heavy Blade"],"picked":"Dropkick","floor":6},{"not_picked":["Anger","Pommel Strike","Demon Form"],"picked":"Singing Bowl","floor":7},{"not_picked":["Sword Boomerang","Havoc","Warcry"],"picked":"Singing Bowl","floor":8}],"player_experience":1781312,"relics_obtained":[{"floor":6,"key":"Singing Bowl"},{"floor":8,"key":"Mummified Hand"},{"floor":9,"key":"Letter Opener"}],"event_choices":[{"damage_healed":0,"gold_gain":0,"player_choice":"Success","damage_taken":11,"relics_obtained":["Pen Nib"],"max_hp_gain":0,"max_hp_loss":0,"event_name":"Scrap Ooze","floor":3,"gold_loss":0},{"damage_healed":0,"gold_gain":0,"player_choice":"Got Potions","damage_taken":0,"max_hp_gain":0,"max_hp_loss":0,"event_name":"Lab","floor":5,"gold_loss":0}],"is_beta":false,"boss_relics":[],"items_purged_floors":[],"is_endless":false,"potions_floor_spawned":[1,7,8],"killed_by":"Gremlin Nob","ascension_level":20}