{"gold_per_floor":[17,17,17,35,53,86,86,111,136,171,171,188,202,231,231,305,305,315,333,22,22,38,38],"floor_reached":23,"playtime":1035,"items_purged":[],"score":442,"play_id":"e00c0226-6f07-485d-aee9-1c4321ac0c58","local_time":"20220227165451","is_ascension_mode":true,"campfire_choices":[{"floor":11,"key":"REST"},{"floor":15,"key":"REST"}],"neow_cost":"NO_GOLD","seed_source_timestamp":188058449244400,"circlet_count":0,"master_deck":["AscendersBane","Strike_R","Strike_R","Strike_R+1","Strike_R","Defend_R","Defend_R","Defend_R","Defend_R","Bash+1","Sadistic Nature","Shrug It Off","Dual Wield","Dropkick","Thunderclap","Feed","Apotheosis","Finesse"],"special_seed":0,"relics":["Burning Blood","Regal Pillow","Pen Nib","MealTicket","Incense Burner","Tiny Chest","SacredBark"],"potions_floor_usage":[10,10,16,18,22],"damage_taken":[{"damage":2.0,"enemies":"Cultist","floor":1.0,"turns":4.0},{"damage":7.0,"enemies":"Jaw Worm","floor":4.0,"turns":5.0},{"damage":7.0,"enemies":"Small Slimes","floor":5.0,"turns":4.0},{"damage":36.0,"enemies":"Gremlin Nob","floor":6.0,"turns":4.0},{"damage":39.0,"enemies":"3 Sentries","floor":8.0,"turns":12.0},{"damage":36,"enemies":"Gremlin Nob","floor":10,"turns":4},{"damage":10,"enemies":"Red Slaver","floor":12,"turns":3},{"damage":1,"enemies":"2 Fungi Beasts","floor":13,"turns":3},{"damage":32,"enemies":"Lagavulin","floor":14,"turns":6},{"damage":46,"enemies":"The Guardian","floor":16,"turns":8},{"damage":23,"enemies":"Spheric Guardian","floor":18,"turns":7},{"damage":44,"enemies":"Shell Parasite","floor":19,"turns":11},{"damage":26,"enemies":"Snecko","floor":22,"turns":5},{"damage":41,"enemies":"Book of Stabbing","floor":23,"turns":4}],"seed_played":"1316043447707229283","potions_obtained":[{"floor":5.0,"key":"FearPotion"},{"floor":6.0,"key":"Fire Potion"},{"floor":10,"key":"Fruit Juice"},{"floor":14,"key":"CultistPotion"},{"floor":16,"key":"Block Potion"},{"floor":18,"key":"Swift Potion"}],"is_trial":false,"path_per_floor":["M","?","?","M","M","E","?","E","T","E","R","M","M","E","R","B",null,"M","M","$","?","M","E"],"character_chosen":"IRONCLAD","items_purchased":["Apotheosis","Finesse"],"campfire_rested":2,"item_purchase_floors":[20,20],"current_hp_per_floor":[72,72,49,48,47,17,75,42,42,17,56,55,63,40,81,41,77,60,25,40,58,38,0],"gold":38,"neow_bonus":"RANDOM_COLORLESS_2","is_prod":false,"is_daily":false,"chose_seed":false,"campfire_upgraded":0,"win_rate":0,"timestamp":1645977291,"path_taken":["M","?","?","M","M","E","?","E","T","E","R","M","M","E","R","BOSS","M","M","$","?","M","E"],"build_version":"2020-12-22","purchased_purges":0,"victory":false,"max_hp_per_floor":[75,75,75,75,75,75,75,75,75,80,80,83,86,89,89,89,89,89,92,92,92,92,92],"card_choices":[{"not_picked":["Master of Strategy","Thinking Ahead"],"picked":"Sadistic Nature","floor":0.0},{"not_picked":["Armaments","Warcry"],"picked":"Shrug It Off","floor":1.0},{"not_picked":["Iron Wave","Twin Strike"],"picked":"Dropkick","floor":4.0},{"not_picked":["Pommel Strike","Warcry"],"picked":"Thunderclap","floor":5.0},{"not_picked":["Anger","Ghostly Armor","Carnage"],"picked":"SKIP","floor":6.0},{"not_picked":["Dark Embrace","Sword Boomerang"],"picked":"Feed","floor":8.0},{"not_picked":["Barricade","Shrug It Off","Rampage"],"picked":"SKIP","floor":10},{"not_picked":["Cleave","Havoc","Headbutt"],"picked":"SKIP","floor":12},{"not_picked":["Warcry","Battle Trance","Body Slam"],"picked":"SKIP","floor":13},{"not_picked":["True Grit","Exhume","Wild Strike"],"picked":"SKIP","floor":14},{"not_picked":["Thunderclap","Clash","Armaments"],"picked":"SKIP","floor":18},{"not_picked":["Sentinel","Shrug It Off","Anger"],"picked":"SKIP","floor":19},{"not_picked":["Shrug It Off","Havoc","Iron Wave"],"picked":"SKIP","floor":22}],"player_experience":1792090,"relics_obtained":[{"floor":6.0,"key":"Regal Pillow"},{"floor":8.0,"key":"Pen Nib"},{"floor":9.0,"key":"MealTicket"},{"floor":10,"key":"Incense Burner"},{"floor":14,"key":"Tiny Chest"}],"event_choices":[{"damage_healed":0.0,"max_hp_gain":0.0,"max_hp_loss":0.0,"gold_gain":0.0,"cards_transformed":["Strike_R"],"event_name":"Living Wall","player_choice":"Change","floor":2.0,"gold_loss":0.0,"damage_taken":0.0,"cards_obtained":["Dual Wield"]},{"damage_healed":0.0,"max_hp_gain":0.0,"max_hp_loss":0.0,"gold_gain":0.0,"event_name":"Shining Light","player_choice":"Entered Light","floor":3.0,"gold_loss":0.0,"damage_taken":23.0,"cards_upgraded":["Strike_R","Bash"]},{"damage_healed":58.0,"max_hp_gain":0.0,"max_hp_loss":0.0,"gold_gain":0.0,"event_name":"Wheel of Change","player_choice":"Full Heal","floor":7.0,"gold_loss":0.0,"damage_taken":0.0},{"damage_healed":18,"gold_gain":0,"player_choice":"Heal","damage_taken":0,"max_hp_gain":0,"max_hp_loss":0,"event_name":"The Library","floor":21,"gold_loss":0}],"is_beta":false,"boss_relics":[{"not_picked":["Runic Cube","Coffee Dripper"],"picked":"SacredBark"}],"items_purged_floors":[],"is_endless":false,"potions_floor_spawned":[5,6,10,14,16,18],"killed_by":"Book of Stabbing","ascension_level":20}