{"gold_per_floor":[111,111,127,127,144,177,177,209,209,209],"floor_reached":10,"playtime":231,"items_purged":[],"score":152,"play_id":"de1e700a-79b6-4184-bb60-aed82a4d63da","local_time":"20220219131518","is_ascension_mode":true,"campfire_choices":[{"floor":7,"key":"DIG"}],"neow_cost":"NONE","seed_source_timestamp":140417858529500,"circlet_count":0,"master_deck":["AscendersBane","Strike_R","Strike_R","Strike_R","Strike_R","Strike_R","Defend_R","Defend_R","Defend_R","Defend_R","Bash+1","Thunderclap","Whirlwind","Armaments","Spot Weakness","Flame Barrier"],"relics":["Burning Blood","NeowsBlessing","Shovel","Incense Burner","Vajra","Ginger"],"potions_floor_usage":[8,10],"damage_taken":[{"damage":0,"enemies":"Jaw Worm","floor":1,"turns":1},{"damage":0,"enemies":"Cultist","floor":3,"turns":1},{"damage":0,"enemies":"Small Slimes","floor":5,"turns":1},{"damage":40,"enemies":"3 Sentries","floor":6,"turns":8},{"damage":36,"enemies":"Gremlin Nob","floor":8,"turns":4},{"damage":29,"enemies":"Lagavulin","floor":10,"turns":6}],"seed_played":"6461101938088572616","potions_obtained":[{"floor":5,"key":"SkillPotion"},{"floor":8,"key":"SkillPotion"}],"is_trial":false,"path_per_floor":["M","?","M","$","M","E","R","E","T","E"],"character_chosen":"IRONCLAD","items_purchased":[],"campfire_rested":0,"item_purchase_floors":[],"current_hp_per_floor":[74,74,75,75,75,41,41,11,11,0],"gold":209,"neow_bonus":"THREE_ENEMY_KILL","is_prod":false,"is_daily":false,"chose_seed":false,"campfire_upgraded":0,"win_rate":0,"timestamp":1645272918,"path_taken":["M","?","M","?","?","E","R","E","T","E"],"build_version":"2020-12-22","purchased_purges":0,"victory":false,"max_hp_per_floor":[75,75,75,75,75,75,75,75,75,75],"card_choices":[{"not_picked":["Twin Strike","Clothesline"],"picked":"Thunderclap","floor":1},{"not_picked":["Clothesline","Dual Wield"],"picked":"Whirlwind","floor":3},{"not_picked":["Cleave","Feel No Pain"],"picked":"Armaments","floor":5},{"not_picked":["Evolve","Body Slam"],"picked":"Spot Weakness","floor":6},{"not_picked":["Body Slam","Whirlwind"],"picked":"Flame Barrier","floor":8}],"player_experience":1781579,"relics_obtained":[{"floor":6,"key":"Shovel"},{"floor":7,"key":"Incense Burner"},{"floor":8,"key":"Vajra"},{"floor":9,"key":"Ginger"}],"event_choices":[{"damage_healed":0,"gold_gain":0,"player_choice":"Upgraded","damage_taken":0,"max_hp_gain":0,"max_hp_loss":0,"event_name":"Upgrade Shrine","floor":2,"gold_loss":0,"cards_upgraded":["Bash"]}],"is_beta":false,"boss_relics":[],"items_purged_floors":[],"is_endless":false,"potions_floor_spawned":[5,8],"killed_by":"Lagavulin","ascension_level":20}