{"gold_per_floor":[12,12,12,22,37,64,64,81,81,81,81],"floor_reached":11,"playtime":370,"items_purged":[],"score":146,"play_id":"2cb82d68-e7ed-412c-ae34-e1f161d803e4","local_time":"20220219173222","is_ascension_mode":true,"campfire_choices":[{"floor":7,"key":"REST"}],"neow_cost":"NO_GOLD","seed_source_timestamp":155703125236500,"circlet_count":0,"master_deck":["AscendersBane","Strike_R","Strike_R","Strike_R","Defend_R","Defend_R","Defend_R","Defend_R","Bash","Panache","Rupture","Combust","Rage"],"relics":["Burning Blood","Blood Vial","Omamori"],"potions_floor_usage":[8,11],"damage_taken":[{"damage":0,"enemies":"2 Louse","floor":1,"turns":4},{"damage":29,"enemies":"Cultist","floor":4,"turns":6},{"damage":4,"enemies":"Small Slimes","floor":5,"turns":5},{"damage":50,"enemies":"3 Sentries","floor":6,"turns":7},{"damage":32,"enemies":"Exordium Wildlife","floor":8,"turns":4},{"damage":9,"enemies":"Blue Slaver","floor":11,"turns":4}],"seed_played":"-4706021666546779729","potions_obtained":[{"floor":1,"key":"Dexterity Potion"},{"floor":6,"key":"Swift Potion"}],"is_trial":false,"path_per_floor":["M","?","$","M","M","E","R","M","T","?","M"],"character_chosen":"IRONCLAD","items_purchased":[],"campfire_rested":1,"item_purchase_floors":[],"current_hp_per_floor":[74,74,74,51,53,9,31,7,7,7,0],"gold":81,"neow_bonus":"RANDOM_COLORLESS_2","is_prod":false,"is_daily":false,"chose_seed":false,"campfire_upgraded":0,"win_rate":0,"timestamp":1645288342,"path_taken":["M","?","?","M","M","E","R","M","T","?","M"],"build_version":"2020-12-22","purchased_purges":0,"victory":false,"max_hp_per_floor":[75,75,75,75,75,75,75,75,75,75,75],"card_choices":[{"not_picked":["Apotheosis","Secret Technique"],"picked":"Panache","floor":0},{"not_picked":["Sword Boomerang","Second Wind"],"picked":"Rupture","floor":1},{"not_picked":["Clash","Fire Breathing","Perfected Strike"],"picked":"SKIP","floor":4},{"not_picked":["Rampage","Pommel Strike"],"picked":"Combust","floor":5},{"not_picked":["Sever Soul","Anger","Carnage"],"picked":"SKIP","floor":6},{"not_picked":["Clothesline","Wild Strike","Perfected Strike"],"picked":"SKIP","floor":8}],"player_experience":1784466,"relics_obtained":[{"floor":6,"key":"Blood Vial"},{"floor":9,"key":"Omamori"}],"event_choices":[{"cards_removed":["Strike_R"],"damage_healed":0,"gold_gain":0,"player_choice":"Card Removal","damage_taken":0,"max_hp_gain":0,"max_hp_loss":0,"event_name":"Wheel of Change","floor":2,"gold_loss":0},{"damage_healed":0,"gold_gain":0,"cards_transformed":["Strike_R"],"player_choice":"Change","damage_taken":0,"max_hp_gain":0,"max_hp_loss":0,"event_name":"Living Wall","floor":10,"gold_loss":0,"cards_obtained":["Rage"]}],"is_beta":false,"boss_relics":[],"items_purged_floors":[],"is_endless":false,"potions_floor_spawned":[1,6],"killed_by":"Blue Slaver","ascension_level":20}