{"gold_per_floor":[117,135,135,155,80,114,129,129,183,183,183],"floor_reached":11,"playtime":186,"items_purged":["Regret"],"score":146,"play_id":"294f9265-99ae-4bcc-9076-d0f5ee314990","local_time":"20220218005513","is_ascension_mode":true,"campfire_choices":[{"data":"Searing Blow","floor":8,"key":"SMITH"}],"neow_cost":"NONE","seed_source_timestamp":9655407595700,"circlet_count":0,"master_deck":["AscendersBane","Strike_R","Strike_R","Strike_R","Strike_R","Strike_R","Defend_R","Defend_R","Defend_R","Defend_R","Bash","Spot Weakness","Sword Boomerang","Flame Barrier","Searing Blow+1","Shrug It Off"],"relics":["Burning Blood","NeowsBlessing","StrikeDummy","Smiling Mask","Vajra","Singing Bowl"],"potions_floor_usage":[6],"damage_taken":[{"damage":0,"enemies":"Cultist","floor":1,"turns":1},{"damage":0,"enemies":"2 Louse","floor":2,"turns":1},{"damage":0,"enemies":"Jaw Worm","floor":4,"turns":1},{"damage":45,"enemies":"Lagavulin","floor":6,"turns":6},{"damage":13,"enemies":"Red Slaver","floor":7,"turns":3},{"damage":36,"enemies":"Gremlin Gang","floor":11,"turns":3}],"seed_played":"4785355354422003588","potions_obtained":[{"floor":1,"key":"Weak Potion"},{"floor":2,"key":"Swift Potion"}],"is_trial":false,"path_per_floor":["M","M","?","M","$","E","M","R","T","T","M"],"character_chosen":"IRONCLAD","items_purchased":[],"campfire_rested":0,"item_purchase_floors":[],"current_hp_per_floor":[74,75,75,75,75,36,29,29,29,29,0],"gold":183,"neow_bonus":"THREE_ENEMY_KILL","is_prod":false,"is_daily":false,"chose_seed":false,"campfire_upgraded":1,"win_rate":0,"timestamp":1645142113,"path_taken":["M","?","?","M","$","E","M","R","T","?","M"],"build_version":"2020-12-22","purchased_purges":1,"victory":false,"max_hp_per_floor":[75,75,75,75,75,75,75,75,75,75,75],"card_choices":[{"not_picked":["Clash","Heavy Blade"],"picked":"Spot Weakness","floor":1},{"not_picked":["True Grit","Intimidate"],"picked":"Sword Boomerang","floor":2},{"not_picked":["Body Slam","Flex"],"picked":"Flame Barrier","floor":4},{"not_picked":["Rage","Infernal Blade"],"picked":"Searing Blow","floor":6},{"not_picked":["Armaments","Intimidate"],"picked":"Shrug It Off","floor":7}],"player_experience":1780631,"relics_obtained":[{"floor":6,"key":"Smiling Mask"},{"floor":9,"key":"Vajra"},{"floor":10,"key":"Singing Bowl"}],"event_choices":[{"damage_healed":0,"gold_gain":0,"player_choice":"Box","damage_taken":0,"relics_obtained":["StrikeDummy"],"max_hp_gain":0,"max_hp_loss":0,"event_name":"Big Fish","floor":3,"gold_loss":0,"cards_obtained":["Regret"]}],"is_beta":false,"boss_relics":[],"items_purged_floors":[5],"is_endless":false,"potions_floor_spawned":[1,2,4],"killed_by":"Gremlin Gang","ascension_level":20}