{"gold_per_floor":[113,88,363,21,39,72,86,103,127,163,163,183,217,229,229,229],"floor_reached":16,"playtime":393,"items_purged":["Regret"],"score":344,"play_id":"9a00939d-5606-4769-bda6-ee49b32b775d","local_time":"20220219132219","is_ascension_mode":true,"campfire_choices":[{"data":"Body Slam","floor":11,"key":"SMITH"},{"data":"Sword Boomerang","floor":15,"key":"SMITH"}],"neow_cost":"NONE","seed_source_timestamp":140676777832500,"circlet_count":0,"master_deck":["AscendersBane","Strike_R","Strike_R","Strike_R","Strike_R","Strike_R","Defend_R","Defend_R","Defend_R","Defend_R","Bash","Sword Boomerang+1","Shrug It Off","Battle Trance","Body Slam+1","Iron Wave","Shrug It Off"],"relics":["Burning Blood","NeowsBlessing","Membership Card","Letter Opener","Boot","CeramicFish","Happy Flower","Unceasing Top"],"potions_floor_usage":[13,13],"damage_taken":[{"damage":0,"enemies":"2 Louse","floor":1,"turns":1},{"damage":0,"enemies":"Cultist","floor":5,"turns":1},{"damage":0,"enemies":"Lagavulin","floor":6,"turns":1},{"damage":0,"enemies":"Small Slimes","floor":7,"turns":3},{"damage":22,"enemies":"Red Slaver","floor":8,"turns":4},{"damage":34,"enemies":"Gremlin Nob","floor":10,"turns":4},{"damage":20,"enemies":"Exordium Thugs","floor":12,"turns":4},{"damage":0,"enemies":"Lagavulin","floor":13,"turns":5},{"damage":0,"enemies":"Looter","floor":14,"turns":3},{"damage":48,"enemies":"Hexaghost","floor":16,"turns":9}],"seed_played":"-7543446260483736105","potions_obtained":[{"floor":6,"key":"ElixirPotion"},{"floor":7,"key":"PowerPotion"},{"floor":8,"key":"BloodPotion"}],"is_trial":false,"path_per_floor":["M","$","?","$","M","E","M","M","T","E","R","M","E","M","R","B"],"character_chosen":"IRONCLAD","items_purchased":["Shrug It Off","Membership Card","Letter Opener"],"campfire_rested":0,"item_purchase_floors":[2,4,4],"current_hp_per_floor":[74,74,74,74,75,75,75,59,59,31,31,17,38,44,44,0],"gold":229,"neow_bonus":"THREE_ENEMY_KILL","is_prod":false,"is_daily":false,"chose_seed":false,"campfire_upgraded":2,"win_rate":0,"timestamp":1645273339,"path_taken":["M","$","?","$","M","E","M","M","T","E","R","?","E","M","R","BOSS"],"build_version":"2020-12-22","purchased_purges":1,"victory":false,"max_hp_per_floor":[75,75,75,75,75,75,75,75,75,75,75,75,75,75,75,75],"card_choices":[{"not_picked":["Headbutt","Cleave"],"picked":"Sword Boomerang","floor":1},{"not_picked":["Headbutt","Flex"],"picked":"Battle Trance","floor":5},{"not_picked":["Sword Boomerang","Shockwave","Reckless Charge"],"picked":"SKIP","floor":6},{"not_picked":["Perfected Strike","True Grit","Pommel Strike"],"picked":"SKIP","floor":7},{"not_picked":["Evolve","Metallicize"],"picked":"Body Slam","floor":8},{"not_picked":["Burning Pact","Thunderclap"],"picked":"Iron Wave","floor":10},{"not_picked":["Iron Wave","Battle Trance","Twin Strike"],"picked":"SKIP","floor":12},{"not_picked":["Clash","Sentinel"],"picked":"Shrug It Off","floor":13},{"not_picked":["Pommel Strike","Fire Breathing","Blood for Blood"],"picked":"SKIP","floor":14}],"player_experience":1781819,"relics_obtained":[{"floor":6,"key":"Boot"},{"floor":9,"key":"CeramicFish"},{"floor":10,"key":"Happy Flower"},{"floor":13,"key":"Unceasing Top"}],"event_choices":[{"damage_healed":0,"gold_gain":275,"player_choice":"Desecrate","damage_taken":0,"max_hp_gain":0,"max_hp_loss":0,"event_name":"Golden Shrine","floor":3,"gold_loss":0,"cards_obtained":["Regret"]}],"is_beta":false,"boss_relics":[],"items_purged_floors":[4],"is_endless":false,"potions_floor_spawned":[6,7,8],"killed_by":"Hexaghost","ascension_level":20}