{"gold_per_floor":[116,134,17,17,35,35,67,67,90,110,110,142,107,107,107,180,180,200,219,219,219,238,238,251,251,319,319],"floor_reached":27,"playtime":773,"items_purged":["Regret"],"score":542,"play_id":"398756e1-13e9-495f-b544-ae156dad6fc1","local_time":"20220227162326","is_ascension_mode":true,"campfire_choices":[{"data":"Searing Blow","floor":6,"key":"SMITH"},{"data":"Searing Blow+1","floor":8,"key":"SMITH"},{"data":"Searing Blow+3","floor":15,"key":"SMITH"},{"data":"Searing Blow+5","floor":23,"key":"SMITH"},{"data":"Searing Blow+6","floor":25,"key":"SMITH"}],"neow_cost":"CURSE","seed_source_timestamp":0,"circlet_count":0,"master_deck":["AscendersBane","Strike_R","Strike_R","Strike_R","Defend_R","Defend_R+1","Defend_R+1","Bash","Searing Blow+7","Spot Weakness","Disarm","Shrug It Off","Limit Break","Pommel Strike+1","Armaments+1","Body Slam+1"],"special_seed":0,"relics":["Burning Blood","Pocketwatch","Ancient Tea Set","War Paint","Bag of Preparation","Pen Nib","Astrolabe","Mercury Hourglass"],"potions_floor_usage":[7,10,24,27],"damage_taken":[{"damage":12,"enemies":"Small Slimes","floor":1,"turns":3},{"damage":10,"enemies":"2 Louse","floor":2,"turns":3},{"damage":1,"enemies":"Cultist","floor":5,"turns":3},{"damage":49,"enemies":"Lagavulin","floor":7,"turns":7},{"damage":0,"enemies":"Exordium Wildlife","floor":10,"turns":2},{"damage":16,"enemies":"3 Sentries","floor":12,"turns":8},{"damage":0,"enemies":"The Guardian","floor":16,"turns":13},{"damage":0,"enemies":"Spheric Guardian","floor":18,"turns":3},{"damage":20,"enemies":"3 Byrds","floor":19,"turns":6},{"damage":37,"enemies":"3 Cultists","floor":22,"turns":5},{"damage":21,"enemies":"Snake Plant","floor":24,"turns":3},{"damage":25,"enemies":"Book of Stabbing","floor":27,"turns":3}],"seed_played":"5126755655087644362","potions_obtained":[{"floor":2,"key":"Fire Potion"},{"floor":7,"key":"FearPotion"},{"floor":12,"key":"Swift Potion"},{"floor":16,"key":"CultistPotion"},{"floor":19,"key":"Regen Potion"}],"is_trial":false,"path_per_floor":["M","M","$","?","M","R","E","R","T","M","?","E","?","?","R","B",null,"M","M","?","?","M","R","M","R","T","E"],"character_chosen":"IRONCLAD","items_purchased":["Spot Weakness"],"campfire_rested":0,"item_purchase_floors":[3],"current_hp_per_floor":[62,58,58,53,58,58,15,15,15,21,21,11,29,29,29,35,65,71,57,57,57,26,26,20,20,20,0],"gold":319,"neow_bonus":"ONE_RARE_RELIC","is_prod":false,"is_daily":false,"chose_seed":false,"campfire_upgraded":5,"win_rate":0,"timestamp":1645975406,"path_taken":["M","M","$","?","M","R","E","R","T","M","?","E","?","?","R","BOSS","M","M","?","?","M","R","M","R","T","E"],"build_version":"2020-12-22","purchased_purges":1,"victory":false,"max_hp_per_floor":[75,75,75,75,75,75,75,75,75,75,75,75,75,75,75,75,75,75,75,75,75,75,75,75,75,75,75],"card_choices":[{"not_picked":["Heavy Blade","Burning Pact"],"picked":"Searing Blow","floor":1},{"not_picked":["Pummel","Twin Strike","Headbutt"],"picked":"SKIP","floor":2},{"not_picked":["Havoc","Evolve"],"picked":"Disarm","floor":5},{"not_picked":["Dual Wield","Twin Strike","Rupture"],"picked":"SKIP","floor":7},{"not_picked":["Anger","Fire Breathing"],"picked":"Shrug It Off","floor":10},{"not_picked":["Clash","Sever Soul","Searing Blow"],"picked":"SKIP","floor":12},{"not_picked":["Berserk","Impervious"],"picked":"Limit Break","floor":16},{"not_picked":["Disarm+1","Iron Wave+1","Pummel"],"picked":"SKIP","floor":18},{"not_picked":["True Grit","Headbutt","Heavy Blade"],"picked":"SKIP","floor":19},{"not_picked":["Twin Strike","Carnage","Headbutt"],"picked":"SKIP","floor":22},{"not_picked":["Clash","Hemokinesis","Power Through"],"picked":"SKIP","floor":24}],"player_experience":1790550,"relics_obtained":[{"floor":7,"key":"War Paint"},{"floor":9,"key":"Bag of Preparation"},{"floor":12,"key":"Pen Nib"},{"floor":26,"key":"Mercury Hourglass"}],"event_choices":[{"damage_healed":0,"gold_gain":0,"player_choice":"Success","damage_taken":5,"relics_obtained":["Ancient Tea Set"],"max_hp_gain":0,"max_hp_loss":0,"event_name":"Scrap Ooze","floor":4,"gold_loss":0},{"damage_healed":0,"gold_gain":0,"player_choice":"Grow","damage_taken":0,"max_hp_gain":0,"max_hp_loss":0,"event_name":"Living Wall","floor":11,"gold_loss":0,"cards_upgraded":["Searing Blow"]},{"damage_healed":18,"gold_gain":0,"player_choice":"Healed","damage_taken":0,"max_hp_gain":0,"max_hp_loss":0,"event_name":"The Cleric","floor":13,"gold_loss":35},{"damage_healed":0,"gold_gain":0,"player_choice":"Ignored","damage_taken":0,"max_hp_gain":0,"max_hp_loss":0,"event_name":"Shining Light","floor":14,"gold_loss":0},{"damage_healed":0,"gold_gain":0,"player_choice":"Ignored","damage_taken":0,"max_hp_gain":0,"max_hp_loss":0,"event_name":"Vampires","floor":20,"gold_loss":0},{"damage_healed":0,"gold_gain":0,"player_choice":"Forge","damage_taken":0,"max_hp_gain":0,"max_hp_loss":0,"event_name":"Accursed Blacksmith","floor":21,"gold_loss":0,"cards_upgraded":["Searing Blow"]}],"is_beta":false,"boss_relics":[{"not_picked":["Runic Cube","Sozu"],"picked":"Astrolabe"}],"items_purged_floors":[3],"is_endless":false,"potions_floor_spawned":[2,7,12,16,18,19],"killed_by":"Book of Stabbing","ascension_level":20}