{"gold_per_floor":[117,23,23,40,114,114,141,141,216,231,231,258,274,301,301,383,383,406,421,421,102,68,68],"floor_reached":23,"playtime":495,"items_purged":[],"score":514,"play_id":"1216a280-c988-4347-b4c6-f11af37f7ef8","local_time":"20220219130635","is_ascension_mode":true,"campfire_choices":[{"data":"Thunderclap","floor":6.0,"key":"SMITH"},{"data":"Inflame","floor":8.0,"key":"SMITH"},{"data":"Bandage Up","floor":15.0,"key":"SMITH"}],"neow_cost":"NONE","seed_source_timestamp":0,"circlet_count":0,"master_deck":["AscendersBane","Strike_R","Strike_R","Strike_R","Defend_R","Defend_R","Defend_R","Defend_R","Bash","Thunderclap+1","Bandage Up+1","Cleave","Inflame+1","Sever Soul","Reaper","Shrug It Off","Disarm"],"special_seed":0,"relics":["Burning Blood","NeowsBlessing","HornCleat","Singing Bowl","Unceasing Top","Sundial","CeramicFish","StoneCalendar","SlaversCollar","Torii"],"potions_floor_usage":[23],"damage_taken":[{"damage":0.0,"enemies":"2 Louse","floor":1.0,"turns":1.0},{"damage":0.0,"enemies":"Jaw Worm","floor":4.0,"turns":1.0},{"damage":0.0,"enemies":"Gremlin Nob","floor":7.0,"turns":1.0},{"damage":0.0,"enemies":"Cultist","floor":10.0,"turns":3.0},{"damage":35.0,"enemies":"Lagavulin","floor":12.0,"turns":6.0},{"damage":7.0,"enemies":"Large Slime","floor":13.0,"turns":5.0},{"damage":0.0,"enemies":"Gremlin Nob","floor":14.0,"turns":3.0},{"damage":50.0,"enemies":"The Guardian","floor":16.0,"turns":8.0},{"damage":33,"enemies":"Spheric Guardian","floor":18,"turns":5},{"damage":31,"enemies":"Chosen","floor":19,"turns":5},{"damage":60,"enemies":"Gremlin Leader","floor":23,"turns":4}],"seed_played":"2474323878785743331","potions_obtained":[{"floor":10.0,"key":"Swift Potion"},{"floor":12.0,"key":"DistilledChaos"},{"floor":16.0,"key":"LiquidBronze"},{"floor":18,"key":"SpeedPotion"}],"is_trial":false,"path_per_floor":["M","$","?","M","T","R","E","R","T","M","?","E","M","E","R","B",null,"M","M","?","$","$","E"],"character_chosen":"IRONCLAD","items_purchased":["Bandage Up","Torii","Disarm"],"campfire_rested":0,"item_purchase_floors":[2,21,22],"current_hp_per_floor":[74,74,56,62,62,62,68,68,68,77,77,54,59,67,67,29,70,49,39,39,39,39,0],"gold":68,"neow_bonus":"THREE_ENEMY_KILL","is_prod":false,"is_daily":false,"chose_seed":false,"campfire_upgraded":3,"win_rate":0,"timestamp":1645272395,"path_taken":["M","$","?","M","?","R","E","R","T","?","?","E","M","E","R","BOSS","M","M","?","?","$","E"],"build_version":"2020-12-22","purchased_purges":0,"victory":false,"max_hp_per_floor":[75,75,75,75,75,75,75,75,75,77,77,79,81,83,83,83,83,83,85,85,85,85,85],"card_choices":[{"not_picked":["Pommel Strike","Sever Soul"],"picked":"Thunderclap","floor":1.0},{"not_picked":["True Grit","Warcry"],"picked":"Cleave","floor":4.0},{"not_picked":["Headbutt","Shrug It Off"],"picked":"Inflame","floor":7.0},{"not_picked":["Heavy Blade","Clothesline","Shockwave"],"picked":"Singing Bowl","floor":10.0},{"not_picked":["Armaments","Barricade","Thunderclap"],"picked":"Singing Bowl","floor":12.0},{"not_picked":["Clash","Cleave","Warcry"],"picked":"Singing Bowl","floor":13.0},{"not_picked":["Pummel","True Grit","Clash"],"picked":"Singing Bowl","floor":14.0},{"not_picked":["Fiend Fire","Brutality"],"picked":"Reaper","floor":16.0},{"not_picked":["Twin Strike","Seeing Red"],"picked":"Shrug It Off","floor":18},{"not_picked":["Dark Embrace","Infernal Blade","Anger"],"picked":"Singing Bowl","floor":19}],"player_experience":1780817,"relics_obtained":[{"floor":5.0,"key":"Singing Bowl"},{"floor":7.0,"key":"Unceasing Top"},{"floor":9.0,"key":"Sundial"},{"floor":12.0,"key":"CeramicFish"},{"floor":14.0,"key":"StoneCalendar"}],"event_choices":[{"damage_healed":0.0,"max_hp_gain":0.0,"max_hp_loss":0.0,"gold_gain":0.0,"event_name":"Scrap Ooze","player_choice":"Success","floor":3.0,"gold_loss":0.0,"damage_taken":18.0,"relics_obtained":["HornCleat"]},{"damage_healed":0.0,"max_hp_gain":0.0,"max_hp_loss":0.0,"gold_gain":0.0,"cards_transformed":["Strike_R"],"event_name":"Living Wall","player_choice":"Change","floor":11.0,"gold_loss":0.0,"damage_taken":0.0,"cards_obtained":["Sever Soul"]},{"cards_removed":["Strike_R"],"damage_healed":0,"gold_gain":0,"player_choice":"Purged","damage_taken":0,"max_hp_gain":0,"max_hp_loss":0,"event_name":"Purifier","floor":20,"gold_loss":0}],"is_beta":false,"boss_relics":[{"not_picked":["Tiny House","Runic Pyramid"],"picked":"SlaversCollar"}],"items_purged_floors":[],"is_endless":false,"potions_floor_spawned":[10,12,16,18],"killed_by":"Gremlin Leader","ascension_level":20}