{"gold_per_floor":[20,33,52,52,64,64,20,49,75,75,105,125,143,199,199,272,272,290,290,44,44,44,44,69,69,69,69,69,86,105,105,105,177,177,188,202,202,220,235,235,235],"floor_reached":41,"playtime":1153,"items_purged":["Defend_R"],"score":842,"play_id":"a096d072-e57e-41f5-bca3-77ff8381b0bb","local_time":"20220227171421","is_ascension_mode":true,"campfire_choices":[{"data":"Inflame","floor":6,"key":"SMITH"},{"floor":15,"key":"REST"},{"floor":23,"key":"REST"},{"floor":25,"key":"REST"},{"data":"Whirlwind","floor":27,"key":"SMITH"},{"data":"Uppercut","floor":32,"key":"SMITH"},{"floor":40,"key":"REST"}],"neow_cost":"NO_GOLD","seed_source_timestamp":189169569008400,"circlet_count":0,"master_deck":["AscendersBane","Strike_R+1","Strike_R","Defend_R","Defend_R+1","Defend_R+1","Bash","Sadistic Nature","Whirlwind+1","Metallicize","Inflame+1","Thunderclap+1","Inflame","Clothesline","Metallicize+1","Bludgeon+1","Inflame+1","Shrug It Off","Intimidate","Uppercut+1","Decay"],"relics":["Burning Blood","Pen Nib","Anchor","War Paint","PreservedInsect","Astrolabe","Potion Belt","Enchiridion","Whetstone","Bronze Scales","Busted Crown"],"potions_floor_usage":[8,11,11,14,16,18,30,33,33],"damage_taken":[{"damage":12,"enemies":"Cultist","floor":1,"turns":5},{"damage":12,"enemies":"Small Slimes","floor":2,"turns":4},{"damage":2,"enemies":"2 Louse","floor":3,"turns":3},{"damage":9,"enemies":"Looter","floor":5,"turns":4},{"damage":23,"enemies":"3 Sentries","floor":8,"turns":8},{"damage":8,"enemies":"Gremlin Nob","floor":11,"turns":3},{"damage":8,"enemies":"Large Slime","floor":12,"turns":4},{"damage":2,"enemies":"3 Louse","floor":13,"turns":3},{"damage":29,"enemies":"Lagavulin Event","floor":14,"turns":4},{"damage":32,"enemies":"Slime Boss","floor":16,"turns":8},{"damage":35,"enemies":"Chosen","floor":18,"turns":6},{"damage":35,"enemies":"Book of Stabbing","floor":24,"turns":4},{"damage":0,"enemies":"3 Byrds","floor":29,"turns":3},{"damage":1,"enemies":"Cultist and Chosen","floor":30,"turns":5},{"damage":86,"enemies":"Collector","floor":33,"turns":9},{"damage":14,"enemies":"3 Darklings","floor":35,"turns":5},{"damage":4,"enemies":"Orb Walker","floor":36,"turns":3},{"damage":15,"enemies":"Sphere and 2 Shapes","floor":38,"turns":3},{"damage":28,"enemies":"Transient","floor":39,"turns":6},{"damage":83,"enemies":"Giant Head","floor":41,"turns":7}],"seed_played":"8432059442442999131","potions_obtained":[{"floor":5,"key":"Block Potion"},{"floor":10,"key":"AttackPotion"},{"floor":10,"key":"LiquidMemories"},{"floor":11,"key":"ElixirPotion"},{"floor":12,"key":"Energy Potion"},{"floor":14,"key":"PowerPotion"},{"floor":16,"key":"SkillPotion"},{"floor":18,"key":"BloodPotion"},{"floor":24,"key":"BloodPotion"},{"floor":29,"key":"FearPotion"}],"is_trial":false,"path_per_floor":["M","M","M","?","M","R","$","E","T","?","E","M","M","?","R","B",null,"M","?","$","?","?","R","E","R","T","R","$","M","M","?","R","B",null,"M","M","?","M","M","R","E"],"character_chosen":"IRONCLAD","items_purchased":["Inflame","Potion Belt"],"campfire_rested":4,"item_purchase_floors":[7,20],"current_hp_per_floor":[62,56,60,65,62,62,62,45,45,45,43,41,45,22,46,20,65,36,52,52,52,31,55,26,50,50,50,50,56,61,61,61,13,63,55,57,57,48,26,50,0],"gold":235,"neow_bonus":"RANDOM_COLORLESS_2","is_prod":false,"is_daily":false,"chose_seed":false,"campfire_upgraded":3,"win_rate":0,"timestamp":1645978461,"path_taken":["M","?","M","?","M","R","$","E","T","?","E","?","M","?","R","BOSS","M","?","$","?","?","R","E","R","T","R","$","M","M","?","R","BOSS","M","M","?","?","M","R","E"],"build_version":"2020-12-22","purchased_purges":1,"victory":false,"max_hp_per_floor":[75,75,75,80,80,80,80,80,80,80,80,80,80,80,80,80,80,80,80,80,80,80,80,80,80,80,80,80,80,80,80,80,80,80,80,80,80,80,80,80,80],"card_choices":[{"not_picked":["Magnetism","Violence"],"picked":"Sadistic Nature","floor":0},{"not_picked":["Heavy Blade","Bloodletting"],"picked":"Whirlwind","floor":1},{"not_picked":["Twin Strike","Wild Strike"],"picked":"Metallicize","floor":2},{"not_picked":["Pommel Strike","Evolve"],"picked":"Inflame","floor":3},{"not_picked":["True Grit","Headbutt"],"picked":"Thunderclap","floor":5},{"not_picked":["Entrench","Anger"],"picked":"Clothesline","floor":8},{"not_picked":["Juggernaut","Rage","Thunderclap"],"picked":"SKIP","floor":11},{"not_picked":["Flex","Wild Strike","Evolve"],"picked":"SKIP","floor":12},{"not_picked":["Pommel Strike","Perfected Strike","Havoc"],"picked":"SKIP","floor":13},{"not_picked":["Iron Wave","True Grit"],"picked":"Shrug It Off","floor":18},{"not_picked":["Armaments","Cleave+1","Intimidate"],"picked":"SKIP","floor":24},{"not_picked":["Armaments","Cleave+1"],"picked":"Intimidate","floor":24},{"not_picked":["Havoc","Flex"],"picked":"Uppercut","floor":29},{"not_picked":["Havoc","Inflame","Shrug It Off"],"picked":"SKIP","floor":30},{"not_picked":["Warcry"],"picked":"SKIP","floor":35},{"not_picked":["Twin Strike+1"],"picked":"SKIP","floor":36},{"not_picked":["Thunderclap"],"picked":"SKIP","floor":38},{"not_picked":["Reckless Charge"],"picked":"SKIP","floor":39}],"player_experience":1793125,"relics_obtained":[{"floor":8,"key":"Pen Nib"},{"floor":9,"key":"Anchor"},{"floor":11,"key":"War Paint"},{"floor":14,"key":"PreservedInsect"},{"floor":22,"key":"Enchiridion"},{"floor":24,"key":"Whetstone"},{"floor":26,"key":"Bronze Scales"}],"event_choices":[{"damage_healed":0,"gold_gain":0,"player_choice":"Donut","damage_taken":0,"max_hp_gain":5,"max_hp_loss":0,"event_name":"Big Fish","floor":4,"gold_loss":0},{"damage_healed":0,"gold_gain":0,"player_choice":"Got Potions","damage_taken":0,"max_hp_gain":0,"max_hp_loss":0,"event_name":"Lab","floor":10,"gold_loss":0},{"damage_healed":0,"gold_gain":30,"player_choice":"Searched \u00272\u0027 times","damage_taken":0,"max_hp_gain":0,"max_hp_loss":0,"event_name":"Dead Adventurer","floor":14,"gold_loss":0},{"damage_healed":16,"gold_gain":0,"player_choice":"Heal","damage_taken":0,"max_hp_gain":0,"max_hp_loss":0,"event_name":"The Library","floor":19,"gold_loss":0},{"damage_healed":0,"gold_gain":0,"player_choice":"Smashed Altar","damage_taken":0,"max_hp_gain":0,"max_hp_loss":0,"event_name":"Forgotten Altar","floor":21,"gold_loss":0,"cards_obtained":["Decay"]},{"damage_healed":0,"gold_gain":0,"player_choice":"Obtained Book","damage_taken":21,"max_hp_gain":0,"max_hp_loss":0,"event_name":"Cursed Tome","floor":22,"gold_loss":0},{"cards_removed":["Decay"],"damage_healed":0,"gold_gain":0,"player_choice":"Elegance","damage_taken":0,"max_hp_gain":0,"max_hp_loss":0,"event_name":"Back to Basics","floor":31,"gold_loss":0},{"damage_healed":0,"gold_gain":0,"player_choice":"Cursed","damage_taken":0,"max_hp_gain":0,"max_hp_loss":0,"event_name":"Wheel of Change","floor":37,"gold_loss":0,"cards_obtained":["Decay"]}],"is_beta":false,"boss_relics":[{"not_picked":["Sozu","Mark of Pain"],"picked":"Astrolabe"},{"not_picked":["SacredBark","Fusion Hammer"],"picked":"Busted Crown"}],"items_purged_floors":[20],"is_endless":false,"potions_floor_spawned":[5,11,12,13,14,16,18,24,29],"killed_by":"Giant Head","ascension_level":20}