{"gold_per_floor":[110,130,42,42,54,54,84,84,84,110,129,129,146,160,160,160],"floor_reached":16,"playtime":446,"items_purged":[],"score":253,"play_id":"0d41e128-815c-47ac-9d1d-a5e5a4b76e06","local_time":"20220225004924","is_ascension_mode":true,"campfire_choices":[{"data":"Feed","floor":6,"key":"SMITH"},{"floor":8,"key":"REST"},{"floor":15,"key":"REST"}],"neow_cost":"PERCENT_DAMAGE","seed_source_timestamp":613857803759000,"circlet_count":0,"master_deck":["AscendersBane","Strike_R","Strike_R","Strike_R","Defend_R","Defend_R","Defend_R","Bash","Heavy Blade","Spot Weakness","Feed+1","Whirlwind","Demon Form"],"relics":["Burning Blood","Bird Faced Urn","InkBottle","Nunchaku"],"potions_floor_usage":[11,12,16],"damage_taken":[{"damage":2,"enemies":"Cultist","floor":1,"turns":4},{"damage":9,"enemies":"2 Louse","floor":2,"turns":3},{"damage":13,"enemies":"Small Slimes","floor":5,"turns":4},{"damage":45,"enemies":"Lagavulin","floor":7,"turns":7},{"damage":35,"enemies":"3 Sentries","floor":10,"turns":7},{"damage":2,"enemies":"2 Fungi Beasts","floor":11,"turns":3},{"damage":3,"enemies":"Blue Slaver","floor":12,"turns":2},{"damage":8,"enemies":"Red Slaver","floor":13,"turns":3},{"damage":16,"enemies":"Lots of Slimes","floor":14,"turns":4},{"damage":51,"enemies":"The Guardian","floor":16,"turns":6}],"seed_played":"7816780353514588130","potions_obtained":[{"floor":2,"key":"SmokeBomb"},{"floor":7,"key":"SpeedPotion"},{"floor":13,"key":"FearPotion"}],"is_trial":false,"path_per_floor":["M","M","$","?","M","R","E","R","T","E","M","M","M","M","R","B"],"character_chosen":"IRONCLAD","items_purchased":["Spot Weakness"],"campfire_rested":2,"item_purchase_floors":[3],"current_hp_per_floor":[54,51,51,51,47,47,12,36,36,11,19,22,24,18,47,0],"gold":160,"neow_bonus":"REMOVE_TWO","is_prod":false,"is_daily":false,"chose_seed":false,"campfire_upgraded":1,"win_rate":0,"timestamp":1645746564,"path_taken":["M","M","$","?","M","R","E","R","T","E","?","M","M","M","R","BOSS"],"build_version":"2020-12-22","purchased_purges":0,"victory":false,"max_hp_per_floor":[75,75,75,75,78,78,82,82,82,86,90,90,94,98,98,98],"card_choices":[{"not_picked":["Armaments","Flex"],"picked":"Heavy Blade","floor":1},{"not_picked":["Dual Wield","Dark Embrace","Wild Strike"],"picked":"SKIP","floor":2},{"not_picked":["Twin Strike","Flex","Second Wind"],"picked":"SKIP","floor":5},{"not_picked":["Cleave","Anger","Armaments"],"picked":"SKIP","floor":7},{"not_picked":["Perfected Strike","Iron Wave"],"picked":"Whirlwind","floor":10},{"not_picked":["Clothesline","Headbutt","Combust"],"picked":"SKIP","floor":11},{"not_picked":["Clash","Headbutt"],"picked":"Demon Form","floor":13},{"not_picked":["True Grit","Dropkick","Spot Weakness"],"picked":"SKIP","floor":14}],"player_experience":1789721,"relics_obtained":[{"floor":7,"key":"Bird Faced Urn"},{"floor":9,"key":"InkBottle"},{"floor":10,"key":"Nunchaku"}],"event_choices":[{"damage_healed":0,"gold_gain":0,"cards_transformed":["Strike_R"],"player_choice":"Transformed","damage_taken":0,"max_hp_gain":0,"max_hp_loss":0,"event_name":"Transmorgrifier","floor":4,"gold_loss":0,"cards_obtained":["Feed"]}],"is_beta":false,"boss_relics":[],"items_purged_floors":[],"is_endless":false,"potions_floor_spawned":[2,7,12,13],"killed_by":"The Guardian","ascension_level":20}