{"gold_per_floor":[110,110,129,279,4,4,14,14,38,63,85,98,138,149,149,149],"floor_reached":16,"playtime":461,"items_purged":["Doubt"],"score":225,"play_id":"af43181c-bd29-4ba9-ad75-f555ae71a5f4","local_time":"20220310220518","is_ascension_mode":true,"campfire_choices":[{"data":"Feed","floor":6,"key":"SMITH"},{"data":"Whirlwind","floor":8,"key":"SMITH"},{"data":"Spot Weakness","floor":15,"key":"SMITH"}],"neow_cost":"PERCENT_DAMAGE","seed_source_timestamp":257859429797700,"circlet_count":0,"master_deck":["AscendersBane","Strike_R","Strike_R","Strike_R","Strike_R","Strike_R","Defend_R","Defend_R","Defend_R","Defend_R","Bash","Feed+1","Whirlwind+1","Inflame","Spot Weakness+1","Ghostly Armor"],"relics":["Burning Blood","Blood Vial","Toy Ornithopter","Bag of Preparation","CeramicFish","Odd Mushroom","Bag of Marbles"],"potions_floor_usage":[11,13,16],"damage_taken":[{"damage":8,"enemies":"2 Louse","floor":1,"turns":3},{"damage":9,"enemies":"Jaw Worm","floor":3,"turns":4},{"damage":6,"enemies":"Small Slimes","floor":7,"turns":4},{"damage":0,"enemies":"The Mushroom Lair","floor":11,"turns":2},{"damage":12,"enemies":"Exordium Wildlife","floor":12,"turns":4},{"damage":39,"enemies":"Lagavulin","floor":13,"turns":8},{"damage":0,"enemies":"2 Fungi Beasts","floor":14,"turns":2},{"damage":84,"enemies":"Hexaghost","floor":16,"turns":11}],"seed_played":"-2626773175078173685","potions_obtained":[{"floor":1,"key":"Explosive Potion"},{"floor":11,"key":"BlessingOfTheForge"},{"floor":14,"key":"Regen Potion"}],"is_trial":false,"path_per_floor":["M","?","M","?","$","R","M","R","T","T","?","M","E","M","R","B"],"character_chosen":"IRONCLAD","items_purchased":["Toy Ornithopter","Inflame"],"campfire_rested":0,"item_purchase_floors":[5,5],"current_hp_per_floor":[51,46,48,48,48,48,54,54,54,54,71,71,45,57,57,0],"gold":149,"neow_bonus":"THREE_RARE_CARDS","is_prod":false,"is_daily":false,"chose_seed":false,"campfire_upgraded":3,"win_rate":0,"timestamp":1646946318,"path_taken":["M","?","M","?","$","R","M","R","T","?","?","?","E","M","R","BOSS"],"build_version":"2022-03-07","purchased_purges":1,"victory":false,"max_hp_per_floor":[78,78,81,81,81,81,85,85,85,85,89,93,93,97,97,97],"card_choices":[{"not_picked":["Impervious","Immolate"],"picked":"Feed","floor":0},{"not_picked":["Sentinel","Shockwave"],"picked":"Whirlwind","floor":1},{"not_picked":["Clash","Pommel Strike","Cleave"],"picked":"SKIP","floor":3},{"not_picked":["Heavy Blade","Wild Strike"],"picked":"Spot Weakness","floor":7},{"not_picked":["Clash","Clothesline","Anger"],"picked":"SKIP","floor":12},{"not_picked":["Hemokinesis","Anger"],"picked":"Ghostly Armor","floor":13},{"not_picked":["True Grit","Havoc","Second Wind"],"picked":"SKIP","floor":14}],"player_experience":1813004,"relics_obtained":[{"floor":9,"key":"Bag of Preparation"},{"floor":10,"key":"CeramicFish"},{"floor":11,"key":"Odd Mushroom"},{"floor":13,"key":"Bag of Marbles"}],"event_choices":[{"damage_healed":0,"gold_gain":0,"player_choice":"Success","damage_taken":5,"relics_obtained":["Blood Vial"],"max_hp_gain":0,"max_hp_loss":0,"event_name":"Scrap Ooze","floor":2,"gold_loss":0},{"damage_healed":0,"gold_gain":150,"player_choice":"AGREE","damage_taken":0,"max_hp_gain":0,"max_hp_loss":0,"event_name":"Liars Game","floor":4,"gold_loss":0,"cards_obtained":["Doubt"]},{"damage_healed":0,"gold_gain":0,"player_choice":"Fought Mushrooms","damage_taken":0,"max_hp_gain":0,"max_hp_loss":0,"event_name":"Mushrooms","floor":11,"gold_loss":0}],"is_beta":false,"boss_relics":[],"items_purged_floors":[5],"is_endless":false,"potions_floor_spawned":[1,11,14],"killed_by":"Hexaghost","ascension_level":20}