{"gold_per_floor":[116,116,216,229,249,324,359,359,359,45,76,76,26,58,58,58],"floor_reached":16,"playtime":398,"items_purged":["Strike_R"],"score":232,"play_id":"fa435e9b-ff30-4386-9fc7-760ee5ad72df","local_time":"20220228182649","is_ascension_mode":true,"campfire_choices":[{"data":"Carnage","floor":8,"key":"SMITH"},{"floor":12,"key":"REST"},{"data":"Shockwave","floor":15,"key":"SMITH"}],"neow_cost":"PERCENT_DAMAGE","seed_source_timestamp":280674120832800,"circlet_count":0,"master_deck":["AscendersBane","Strike_R","Strike_R","Defend_R","Defend_R","Defend_R","Bash","Cleave","Carnage+1","Battle Trance","Shockwave+1"],"relics":["Burning Blood","Sundial","Smiling Mask","FossilizedHelix","Dream Catcher","Potion Belt"],"potions_floor_usage":[7,16],"damage_taken":[{"damage":4,"enemies":"Small Slimes","floor":1,"turns":4},{"damage":7,"enemies":"Jaw Worm","floor":4,"turns":3},{"damage":1,"enemies":"Cultist","floor":5,"turns":3},{"damage":8,"enemies":"Gremlin Nob","floor":7,"turns":3},{"damage":15,"enemies":"3 Sentries","floor":11,"turns":6},{"damage":15,"enemies":"Lagavulin","floor":14,"turns":4},{"damage":57,"enemies":"Hexaghost","floor":16,"turns":9}],"seed_played":"-1973537630018111486","potions_obtained":[{"floor":5,"key":"DuplicationPotion"},{"floor":11,"key":"ElixirPotion"},{"floor":14,"key":"Regen Potion"}],"is_trial":false,"path_per_floor":["M","?","?","M","M","?","E","R","T","$","E","R","$","E","R","B"],"character_chosen":"IRONCLAD","items_purchased":["FossilizedHelix"],"campfire_rested":1,"item_purchase_floors":[10],"current_hp_per_floor":[52,52,52,51,56,45,43,43,43,43,34,56,56,47,47,0],"gold":58,"neow_bonus":"REMOVE_TWO","is_prod":false,"is_daily":false,"chose_seed":false,"campfire_upgraded":2,"win_rate":0,"timestamp":1646069209,"path_taken":["M","?","?","M","?","?","E","R","T","$","E","R","$","E","R","BOSS"],"build_version":"2022-02-27","purchased_purges":1,"victory":false,"max_hp_per_floor":[75,75,75,75,75,75,75,75,75,75,75,75,75,75,75,75],"card_choices":[{"not_picked":["Thunderclap","Infernal Blade"],"picked":"Cleave","floor":1},{"not_picked":["Thunderclap","Dark Embrace","Iron Wave"],"picked":"SKIP","floor":4},{"not_picked":["Body Slam","Twin Strike"],"picked":"Battle Trance","floor":5},{"not_picked":["Cleave","Perfected Strike","Body Slam"],"picked":"SKIP","floor":7},{"not_picked":["Cleave","Infernal Blade","Seeing Red"],"picked":"SKIP","floor":11},{"not_picked":["Combust","Flex"],"picked":"Shockwave","floor":14}],"player_experience":1794278,"relics_obtained":[{"floor":7,"key":"Sundial"},{"floor":9,"key":"Smiling Mask"},{"floor":11,"key":"Dream Catcher"},{"floor":14,"key":"Potion Belt"}],"event_choices":[{"damage_healed":0,"gold_gain":0,"cards_transformed":["Strike_R"],"player_choice":"Change","damage_taken":0,"max_hp_gain":0,"max_hp_loss":0,"event_name":"Living Wall","floor":2,"gold_loss":0,"cards_obtained":["Carnage"]},{"damage_healed":0,"gold_gain":100,"player_choice":"Gold","damage_taken":0,"max_hp_gain":0,"max_hp_loss":0,"event_name":"Wheel of Change","floor":3,"gold_loss":0},{"damage_healed":0,"gold_gain":75,"player_choice":"Gather Gold","damage_taken":11,"max_hp_gain":0,"max_hp_loss":0,"event_name":"World of Goop","floor":6,"gold_loss":0}],"is_beta":false,"boss_relics":[],"items_purged_floors":[13],"is_endless":false,"potions_floor_spawned":[5,11,14],"killed_by":"Hexaghost","ascension_level":20}