{"gold_per_floor":[114,72,72,91,16,42,42,71,71,71,87,122,140,150,150,150],"floor_reached":16,"playtime":439,"items_purged":["Strike_R"],"score":290,"play_id":"d11b44c7-ba07-4aca-95db-bd1f8d65373e","local_time":"20220307234513","is_ascension_mode":true,"campfire_choices":[{"data":"Rampage","floor":10,"key":"SMITH"},{"data":"Double Tap","floor":15,"key":"SMITH"}],"neow_cost":"NONE","seed_source_timestamp":4673874142700,"circlet_count":0,"master_deck":["AscendersBane","Strike_R","Strike_R","Strike_R","Defend_R","Defend_R","Defend_R","Defend_R","Bash","Shockwave","Metallicize","Rampage+1","Flame Barrier","Evolve","Double Tap+1"],"relics":["Burning Blood","NeowsBlessing","White Beast Statue","Singing Bowl","InkBottle","Regal Pillow"],"potions_floor_usage":[8],"damage_taken":[{"damage":0,"enemies":"Jaw Worm","floor":1,"turns":1},{"damage":0,"enemies":"Small Slimes","floor":4,"turns":1},{"damage":0,"enemies":"3 Sentries","floor":6,"turns":2},{"damage":9,"enemies":"Lagavulin","floor":8,"turns":7},{"damage":0,"enemies":"Cultist","floor":11,"turns":4},{"damage":17,"enemies":"3 Sentries","floor":12,"turns":8},{"damage":15,"enemies":"Looter","floor":13,"turns":4},{"damage":11,"enemies":"3 Louse","floor":14,"turns":4},{"damage":85,"enemies":"Hexaghost","floor":16,"turns":13}],"seed_played":"-5295140843503850478","potions_obtained":[{"floor":7,"key":"LiquidMemories"},{"floor":7,"key":"FairyPotion"},{"floor":8,"key":"SteroidPotion"},{"floor":11,"key":"LiquidBronze"}],"is_trial":false,"path_per_floor":["M","$","?","M","$","E","?","E","T","R","M","E","M","M","R","B"],"character_chosen":"IRONCLAD","items_purchased":["Metallicize"],"campfire_rested":0,"item_purchase_floors":[2],"current_hp_per_floor":[74,74,67,73,73,75,75,72,72,72,77,66,59,56,56,0],"gold":150,"neow_bonus":"THREE_ENEMY_KILL","is_prod":false,"is_daily":false,"chose_seed":false,"campfire_upgraded":2,"win_rate":0,"timestamp":1646693113,"path_taken":["M","$","?","M","?","E","?","E","T","R","M","E","?","M","R","BOSS"],"build_version":"2022-02-27","purchased_purges":1,"victory":false,"max_hp_per_floor":[75,75,75,75,75,75,75,75,75,75,77,77,79,81,81,81],"card_choices":[{"not_picked":["Headbutt","Power Through"],"picked":"Shockwave","floor":1},{"not_picked":["Thunderclap","Twin Strike"],"picked":"Rampage","floor":4},{"not_picked":["Wild Strike","Dual Wield"],"picked":"Flame Barrier","floor":6},{"not_picked":["Wild Strike","Spot Weakness"],"picked":"Evolve","floor":8},{"not_picked":["Whirlwind","Clothesline","Armaments"],"picked":"Singing Bowl","floor":11},{"not_picked":["Reaper","Perfected Strike"],"picked":"Double Tap","floor":12},{"not_picked":["Flex","Evolve","Armaments"],"picked":"Singing Bowl","floor":13},{"not_picked":["Anger","Clothesline","Spot Weakness"],"picked":"Singing Bowl","floor":14}],"player_experience":1808868,"relics_obtained":[{"floor":6,"key":"White Beast Statue"},{"floor":8,"key":"Singing Bowl"},{"floor":9,"key":"InkBottle"},{"floor":12,"key":"Regal Pillow"}],"event_choices":[{"cards_removed":["Strike_R"],"damage_healed":0,"gold_gain":0,"player_choice":"Card Removal","damage_taken":7,"max_hp_gain":0,"max_hp_loss":0,"event_name":"Golden Wing","floor":3,"gold_loss":0},{"damage_healed":0,"gold_gain":0,"player_choice":"Got Potions","damage_taken":0,"max_hp_gain":0,"max_hp_loss":0,"event_name":"Lab","floor":7,"gold_loss":0}],"is_beta":false,"boss_relics":[],"items_purged_floors":[5],"is_endless":false,"potions_floor_spawned":[8,11,12,13,14],"killed_by":"Hexaghost","ascension_level":20}