{"gold_per_floor":[116,193,203,203,74,74,92,92,92,92,242,261,118,157,157,157],"floor_reached":16,"playtime":395,"items_purged":[],"score":196,"play_id":"e6049021-9667-4931-abbb-4c60cbe636ed","local_time":"20220310214950","is_ascension_mode":true,"campfire_choices":[{"data":"Feel No Pain","floor":8,"key":"SMITH"},{"floor":15,"key":"REST"}],"neow_cost":"TEN_PERCENT_HP_LOSS","seed_source_timestamp":256996478924800,"circlet_count":0,"master_deck":["AscendersBane","Strike_R","Strike_R","Strike_R","Defend_R","Defend_R+1","Defend_R","Bash","Clothesline","Intimidate+1","Pummel","Feel No Pain+1","Burning Pact","Pummel","Injury","Doubt","Second Wind","Feel No Pain","Havoc","Armaments"],"relics":["Burning Blood","Strawberry","Golden Idol","Prayer Wheel"],"potions_floor_usage":[14,14],"damage_taken":[{"damage":13,"enemies":"Small Slimes","floor":1,"turns":4},{"damage":3,"enemies":"Cultist","floor":3,"turns":4},{"damage":0,"enemies":"2 Louse","floor":7,"turns":3},{"damage":12,"enemies":"2 Fungi Beasts","floor":12,"turns":5},{"damage":44,"enemies":"Lagavulin","floor":14,"turns":11},{"damage":44,"enemies":"Slime Boss","floor":16,"turns":6}],"seed_played":"5358126224708271423","potions_obtained":[{"floor":1,"key":"FearPotion"},{"floor":7,"key":"Energy Potion"}],"is_trial":false,"path_per_floor":["M","?","M","?","$","?","M","R","T","?","?","M","$","E","R","B"],"character_chosen":"IRONCLAD","items_purchased":["Pummel","Feel No Pain","Feel No Pain","Havoc"],"campfire_rested":1,"item_purchase_floors":[5,5,13,13],"current_hp_per_floor":[61,61,64,44,44,44,50,50,57,57,57,51,51,13,35,0],"gold":157,"neow_bonus":"TRANSFORM_TWO_CARDS","is_prod":false,"is_daily":false,"chose_seed":false,"campfire_upgraded":1,"win_rate":0,"timestamp":1646945390,"path_taken":["M","?","M","?","$","?","?","R","T","?","?","M","?","E","R","BOSS"],"build_version":"2022-03-07","purchased_purges":0,"victory":false,"max_hp_per_floor":[68,68,68,68,68,68,68,68,75,75,75,75,75,75,75,75],"card_choices":[{"not_picked":["Carnage","Headbutt","Clothesline"],"picked":"SKIP","floor":1},{"not_picked":["Clothesline","Thunderclap","Wild Strike"],"picked":"SKIP","floor":3},{"not_picked":["Rampage","Twin Strike"],"picked":"Pummel","floor":7},{"not_picked":["Flex","Heavy Blade"],"picked":"Second Wind","floor":12},{"not_picked":["Twin Strike","Anger"],"picked":"Armaments","floor":14}],"player_experience":1812161,"relics_obtained":[{"floor":9,"key":"Strawberry"},{"floor":14,"key":"Prayer Wheel"}],"event_choices":[{"damage_healed":0,"gold_gain":77,"player_choice":"Gained Gold","damage_taken":0,"max_hp_gain":0,"max_hp_loss":0,"event_name":"Golden Wing","floor":2,"gold_loss":0},{"damage_healed":0,"gold_gain":0,"player_choice":"Entered Light","damage_taken":20,"max_hp_gain":0,"max_hp_loss":0,"event_name":"Shining Light","floor":4,"gold_loss":0,"cards_upgraded":["Defend_R","Intimidate"]},{"damage_healed":0,"gold_gain":0,"cards_transformed":["Strike_R"],"player_choice":"Transformed","damage_taken":0,"max_hp_gain":0,"max_hp_loss":0,"event_name":"Transmorgrifier","floor":6,"gold_loss":0,"cards_obtained":["Burning Pact"]},{"damage_healed":0,"gold_gain":0,"player_choice":"Take Wound","damage_taken":0,"relics_obtained":["Golden Idol"],"max_hp_gain":0,"max_hp_loss":0,"event_name":"Golden Idol","floor":10,"gold_loss":0,"cards_obtained":["Injury"]},{"damage_healed":0,"gold_gain":150,"player_choice":"AGREE","damage_taken":0,"max_hp_gain":0,"max_hp_loss":0,"event_name":"Liars Game","floor":11,"gold_loss":0,"cards_obtained":["Doubt"]}],"is_beta":false,"boss_relics":[],"items_purged_floors":[],"is_endless":false,"potions_floor_spawned":[1,7],"killed_by":"Slime Boss","ascension_level":20}