{"gold_per_floor":[109,119,84,97,97,126,126,136,136,155,80,80,106,86,86,165,165,182,182,202,215,46,46,19,31,54,54,81,81,99,127,127,202,202,221,221,221,273,285,285],"floor_reached":40,"playtime":1309,"items_purged":["Strike_R"],"score":868,"play_id":"b452ee30-e4e7-4f44-92fd-6b6e8af8b06a","local_time":"20220310231123","is_ascension_mode":true,"campfire_choices":[{"data":"Bash","floor":7,"key":"SMITH"},{"data":"Shockwave","floor":12,"key":"SMITH"},{"data":"Rampage","floor":15,"key":"SMITH"},{"data":"Infernal Blade","floor":23,"key":"SMITH"},{"data":"Reaper","floor":29,"key":"SMITH"},{"data":"Armaments","floor":32,"key":"SMITH"}],"neow_cost":"NONE","seed_source_timestamp":260975396331700,"circlet_count":0,"master_deck":["AscendersBane","Strike_R","Defend_R","Defend_R","Defend_R","Defend_R","Bash+1","Pommel Strike","Infernal Blade+1","Shockwave+1","Dropkick","Rampage+1","Reaper+1","Armaments+1","Anger+1","Exhume+1","Heavy Blade+1","Body Slam+1","Blind"],"relics":["Coffee Dripper","FaceOfCleric","Incense Burner","FossilizedHelix","Lizard Tail","Busted Crown","Mummified Hand","Membership Card","Oddly Smooth Stone","Omamori","Potion Belt","Astrolabe","Gambling Chip"],"potions_floor_usage":[16,21,25,33],"damage_taken":[{"damage":9,"enemies":"Jaw Worm","floor":1,"turns":4},{"damage":8,"enemies":"2 Louse","floor":2,"turns":3},{"damage":0,"enemies":"Cultist","floor":4,"turns":2},{"damage":50,"enemies":"3 Sentries","floor":6,"turns":10},{"damage":0,"enemies":"Lots of Slimes","floor":8,"turns":1},{"damage":0,"enemies":"Looter","floor":10,"turns":2},{"damage":1,"enemies":"Lagavulin","floor":13,"turns":5},{"damage":20,"enemies":"Slime Boss","floor":16,"turns":10},{"damage":0,"enemies":"Chosen","floor":18,"turns":3},{"damage":12,"enemies":"Shell Parasite","floor":20,"turns":5},{"damage":29,"enemies":"Shelled Parasite and Fungi","floor":21,"turns":5},{"damage":0,"enemies":"Snecko","floor":25,"turns":4},{"damage":50,"enemies":"Slavers","floor":28,"turns":7},{"damage":51,"enemies":"Sentry and Sphere","floor":30,"turns":7},{"damage":25,"enemies":"Book of Stabbing","floor":31,"turns":5},{"damage":11,"enemies":"Champ","floor":33,"turns":14},{"damage":22,"enemies":"Orb Walker","floor":35,"turns":5},{"damage":33,"enemies":"2 Orb Walkers","floor":38,"turns":4},{"damage":10,"enemies":"3 Shapes","floor":39,"turns":5},{"damage":71,"enemies":"Reptomancer","floor":40,"turns":6}],"seed_played":"4698522607442778080","potions_obtained":[{"floor":4,"key":"FearPotion"},{"floor":10,"key":"BlessingOfTheForge"},{"floor":13,"key":"PowerPotion"},{"floor":16,"key":"GamblersBrew"},{"floor":20,"key":"FairyPotion"},{"floor":31,"key":"SteroidPotion"}],"is_trial":false,"path_per_floor":["M","M","?","M","?","E","R","M","T","M","$","R","E","?","R","B",null,"M","T","M","M","$","R","$","M","T","?","E","R","M","E","R","B",null,"M","?","?","?","M","E"],"character_chosen":"IRONCLAD","items_purchased":["Membership Card","Fire Potion"],"campfire_rested":0,"item_purchase_floors":[22,24],"current_hp_per_floor":[59,51,69,69,69,20,20,21,21,22,22,22,22,22,22,3,61,68,68,63,35,35,35,35,40,40,84,35,35,19,2,2,44,77,63,63,63,45,67,0],"gold":285,"neow_bonus":"BOSS_RELIC","is_prod":false,"is_daily":false,"chose_seed":false,"campfire_upgraded":6,"win_rate":0,"timestamp":1646950283,"path_taken":["M","M","?","M","?","E","R","?","T","M","?","R","E","?","R","BOSS","M","?","?","M","$","R","$","M","T","?","E","R","M","E","R","BOSS","M","?","?","?","M","E"],"build_version":"2022-03-07","purchased_purges":1,"victory":false,"max_hp_per_floor":[75,75,75,75,75,76,76,77,77,78,78,78,79,79,79,80,80,81,81,82,83,83,83,83,84,84,84,85,85,86,87,87,88,88,89,89,89,90,91,91],"card_choices":[{"not_picked":["Clothesline","Burning Pact"],"picked":"Pommel Strike","floor":1},{"not_picked":["Warcry","Anger"],"picked":"Infernal Blade","floor":2},{"not_picked":["Seeing Red","Wild Strike","Uppercut"],"picked":"SKIP","floor":4},{"not_picked":["Clothesline","Bloodletting","Sword Boomerang"],"picked":"SKIP","floor":6},{"not_picked":["Second Wind","Headbutt"],"picked":"Shockwave","floor":8},{"not_picked":["Carnage","Sentinel"],"picked":"Dropkick","floor":10},{"not_picked":["Second Wind","Blood for Blood"],"picked":"Rampage","floor":13},{"not_picked":["Feed","Immolate"],"picked":"Reaper","floor":16},{"not_picked":["Rage"],"picked":"SKIP","floor":18},{"not_picked":["Iron Wave"],"picked":"SKIP","floor":20},{"not_picked":["Sever Soul"],"picked":"SKIP","floor":21},{"not_picked":["Iron Wave"],"picked":"SKIP","floor":25},{"not_picked":["Entrench"],"picked":"SKIP","floor":28},{"not_picked":["Clash"],"picked":"SKIP","floor":30},{"not_picked":[],"picked":"Armaments","floor":31},{"not_picked":[],"picked":"Body Slam+1","floor":35},{"not_picked":[],"picked":"Blind","floor":37},{"not_picked":["Headbutt"],"picked":"SKIP","floor":39}],"player_experience":1816050,"relics_obtained":[{"floor":6,"key":"Incense Burner"},{"floor":9,"key":"FossilizedHelix"},{"floor":13,"key":"Lizard Tail"},{"floor":19,"key":"Mummified Hand"},{"floor":26,"key":"Oddly Smooth Stone"},{"floor":28,"key":"Omamori"},{"floor":31,"key":"Potion Belt"},{"floor":38,"key":"Gambling Chip"}],"event_choices":[{"damage_healed":18,"gold_gain":0,"player_choice":"Healed","damage_taken":0,"max_hp_gain":0,"max_hp_loss":0,"event_name":"The Cleric","floor":3,"gold_loss":35},{"damage_healed":0,"gold_gain":0,"player_choice":"Trade","damage_taken":0,"relics_obtained":["FaceOfCleric"],"max_hp_gain":0,"max_hp_loss":0,"event_name":"FaceTrader","floor":5,"gold_loss":0},{"damage_healed":0,"gold_gain":0,"player_choice":"Bought 1 Potion","damage_taken":0,"max_hp_gain":0,"max_hp_loss":0,"event_name":"The Woman in Blue","floor":14,"gold_loss":0},{"damage_healed":44,"gold_gain":0,"player_choice":"Full Heal","damage_taken":0,"max_hp_gain":0,"max_hp_loss":0,"event_name":"Wheel of Change","floor":27,"gold_loss":0},{"damage_healed":0,"gold_gain":0,"player_choice":"Ignored","damage_taken":0,"max_hp_gain":0,"max_hp_loss":0,"event_name":"Tomb of Lord Red Mask","floor":36,"gold_loss":0},{"damage_healed":0,"gold_gain":0,"player_choice":"Memory 1","damage_taken":0,"max_hp_gain":0,"max_hp_loss":0,"event_name":"SensoryStone","floor":37,"gold_loss":0},{"damage_healed":0,"gold_gain":0,"player_choice":"Fight","damage_taken":0,"max_hp_gain":0,"max_hp_loss":0,"event_name":"Mysterious Sphere","floor":38,"gold_loss":0}],"is_beta":false,"boss_relics":[{"not_picked":["Mark of Pain","Fusion Hammer"],"picked":"Busted Crown"},{"not_picked":["Sozu","Pandora\u0027s Box"],"picked":"Astrolabe"}],"items_purged_floors":[11],"is_endless":false,"potions_floor_spawned":[4,10,13,16,18,20,31],"killed_by":"Reptomancer","ascension_level":20}