{"gold_per_floor":[115,115,115,133,58,58,58,97,97,97,97,22,22,43,43,43],"floor_reached":16,"playtime":187,"items_purged":["Strike_R"],"score":242,"play_id":"782ee5c9-e448-47d2-a077-e1774cf9fcdf","local_time":"20220303233301","is_ascension_mode":true,"campfire_choices":[{"data":"Limit Break","floor":6,"key":"SMITH"},{"data":"Cleave","floor":10,"key":"SMITH"},{"data":"Bash","floor":15,"key":"SMITH"}],"neow_cost":"NONE","seed_source_timestamp":558459748996400,"circlet_count":0,"master_deck":["AscendersBane","Strike_R","Strike_R","Strike_R+1","Defend_R","Defend_R","Defend_R","Defend_R+1","Bash+1","Cleave+1","Limit Break+1","Sword Boomerang"],"relics":["Burning Blood","NeowsBlessing","Golden Idol","Art of War","Gremlin Horn","The Courier"],"potions_floor_usage":[16],"damage_taken":[{"damage":0,"enemies":"Jaw Worm","floor":1,"turns":1},{"damage":0,"enemies":"Small Slimes","floor":4,"turns":2},{"damage":0,"enemies":"Gremlin Nob","floor":8,"turns":1},{"damage":3,"enemies":"Cultist","floor":14,"turns":4},{"damage":71,"enemies":"The Guardian","floor":16,"turns":8}],"seed_played":"-3442197819115182000","potions_obtained":[{"floor":3,"key":"Regen Potion"},{"floor":3,"key":"Explosive Potion"}],"is_trial":false,"path_per_floor":["M","?","?","M","$","R","?","E","T","R","?","?","T","M","R","B"],"character_chosen":"IRONCLAD","items_purchased":[],"campfire_rested":0,"item_purchase_floors":[],"current_hp_per_floor":[74,74,74,75,75,75,75,75,75,75,52,52,52,55,55,0],"gold":43,"neow_bonus":"THREE_ENEMY_KILL","is_prod":false,"is_daily":false,"chose_seed":false,"campfire_upgraded":3,"win_rate":0,"timestamp":1646346781,"path_taken":["M","?","?","?","$","R","?","E","T","R","?","?","?","M","R","BOSS"],"build_version":"2022-02-27","purchased_purges":1,"victory":false,"max_hp_per_floor":[75,75,75,75,75,75,75,75,75,75,75,75,75,75,75,75],"card_choices":[{"not_picked":["Headbutt","Flex"],"picked":"Cleave","floor":1},{"not_picked":["Perfected Strike","Seeing Red","Wild Strike"],"picked":"SKIP","floor":4},{"not_picked":["Thunderclap","Anger"],"picked":"Sword Boomerang","floor":8},{"not_picked":["Anger","Combust","Hemokinesis"],"picked":"SKIP","floor":14}],"player_experience":1798701,"relics_obtained":[{"floor":8,"key":"Art of War"},{"floor":9,"key":"Gremlin Horn"},{"floor":13,"key":"The Courier"}],"event_choices":[{"damage_healed":0,"gold_gain":0,"cards_transformed":["Strike_R"],"player_choice":"Change","damage_taken":0,"max_hp_gain":0,"max_hp_loss":0,"event_name":"Living Wall","floor":2,"gold_loss":0,"cards_obtained":["Limit Break"]},{"damage_healed":0,"gold_gain":0,"player_choice":"Got Potions","damage_taken":0,"max_hp_gain":0,"max_hp_loss":0,"event_name":"Lab","floor":3,"gold_loss":0},{"damage_healed":0,"gold_gain":0,"player_choice":"Take Wound","damage_taken":0,"relics_obtained":["Golden Idol"],"max_hp_gain":0,"max_hp_loss":0,"event_name":"Golden Idol","floor":7,"gold_loss":0,"cards_obtained":["Injury"]},{"damage_healed":0,"gold_gain":0,"player_choice":"Entered Light","damage_taken":23,"max_hp_gain":0,"max_hp_loss":0,"event_name":"Shining Light","floor":11,"gold_loss":0,"cards_upgraded":["Defend_R","Strike_R"]},{"cards_removed":["Injury"],"damage_healed":0,"gold_gain":0,"player_choice":"Card Removal","damage_taken":0,"max_hp_gain":0,"max_hp_loss":0,"event_name":"The Cleric","floor":12,"gold_loss":75}],"is_beta":false,"boss_relics":[],"items_purged_floors":[5],"is_endless":false,"potions_floor_spawned":[14],"killed_by":"The Guardian","ascension_level":20}