{"gold_per_floor":[109,122,47,47,65,65,100,100,100,141,153,7,0,30,30,30],"floor_reached":16,"playtime":469,"items_purged":["Strike_R"],"score":232,"play_id":"61f4d340-80b9-497a-a451-a16ed0ed379d","local_time":"20220306124738","is_ascension_mode":true,"campfire_choices":[{"data":"Uppercut","floor":6,"key":"SMITH"},{"floor":8,"key":"REST"},{"floor":11,"key":"REST"},{"floor":15,"key":"REST"}],"neow_cost":"NONE","seed_source_timestamp":30681993953800,"circlet_count":0,"master_deck":["AscendersBane","Strike_R","Strike_R","Strike_R","Strike_R","Defend_R","Defend_R","Defend_R","Defend_R","Bash","Shockwave","Pommel Strike","Uppercut+1","Shrug It Off"],"relics":["Sozu","Frozen Egg 2","Gambling Chip","MawBank","Shovel","Sling","Bag of Marbles"],"potions_floor_usage":[],"damage_taken":[{"damage":10,"enemies":"Small Slimes","floor":1,"turns":4},{"damage":7,"enemies":"Jaw Worm","floor":2,"turns":4},{"damage":0,"enemies":"Cultist","floor":5,"turns":4},{"damage":24,"enemies":"Gremlin Nob","floor":7,"turns":4},{"damage":22,"enemies":"Lagavulin","floor":10,"turns":6},{"damage":24,"enemies":"3 Sentries","floor":14,"turns":9},{"damage":36,"enemies":"Slime Boss","floor":16,"turns":7}],"seed_played":"5172928346580173209","potions_obtained":[],"is_trial":false,"path_per_floor":["M","M","$","?","M","R","E","R","T","E","R","$","?","E","R","B"],"character_chosen":"IRONCLAD","items_purchased":["Sling"],"campfire_rested":3,"item_purchase_floors":[12],"current_hp_per_floor":[58,51,51,33,33,33,9,31,31,9,31,31,31,7,29,0],"gold":30,"neow_bonus":"BOSS_RELIC","is_prod":false,"is_daily":false,"chose_seed":false,"campfire_upgraded":1,"win_rate":0,"timestamp":1646567258,"path_taken":["M","M","$","?","M","R","E","R","T","E","R","$","?","E","R","BOSS"],"build_version":"2022-02-27","purchased_purges":1,"victory":false,"max_hp_per_floor":[75,75,75,75,75,75,75,75,75,75,75,75,75,75,75,75],"card_choices":[{"not_picked":["Thunderclap","Havoc"],"picked":"Shockwave","floor":1},{"not_picked":["Body Slam","Warcry"],"picked":"Pommel Strike","floor":2},{"not_picked":["Headbutt","Blood for Blood"],"picked":"Uppercut","floor":5},{"not_picked":["Bludgeon","Armaments","Dark Embrace+1"],"picked":"SKIP","floor":7},{"not_picked":["Searing Blow","Headbutt","Intimidate"],"picked":"SKIP","floor":10},{"not_picked":["Dual Wield","Rage"],"picked":"Shrug It Off","floor":14}],"player_experience":1806038,"relics_obtained":[{"floor":7,"key":"Gambling Chip"},{"floor":9,"key":"MawBank"},{"floor":10,"key":"Shovel"},{"floor":14,"key":"Bag of Marbles"}],"event_choices":[{"damage_healed":0,"gold_gain":0,"player_choice":"Success","damage_taken":18,"relics_obtained":["Frozen Egg 2"],"max_hp_gain":0,"max_hp_loss":0,"event_name":"Scrap Ooze","floor":4,"gold_loss":0},{"damage_healed":0,"gold_gain":0,"player_choice":"Left Gold","damage_taken":0,"max_hp_gain":0,"max_hp_loss":0,"event_name":"World of Goop","floor":13,"gold_loss":7}],"is_beta":false,"boss_relics":[],"items_purged_floors":[3],"is_endless":false,"potions_floor_spawned":[1,7],"killed_by":"Slime Boss","ascension_level":20}