{"gold_per_floor":[109,3,3,15,15,51,51,72,72,115,128,128,128,48,48,48],"floor_reached":16,"playtime":299,"items_purged":[],"score":266,"play_id":"17619c5e-4e04-4550-a0dc-db6728f32a6b","local_time":"20220310222620","is_ascension_mode":true,"campfire_choices":[{"data":"Fire Breathing","floor":7,"key":"SMITH"},{"floor":12,"key":"REST"},{"data":"Body Slam","floor":15,"key":"SMITH"}],"neow_cost":"NONE","seed_source_timestamp":259283207117300,"circlet_count":0,"master_deck":["AscendersBane","Strike_R","Strike_R","Strike_R","Strike_R","Defend_R","Defend_R","Defend_R","Defend_R","Bash","Sever Soul","Enlightenment+1","Fire Breathing+1","Injury","Sentinel","Evolve","Body Slam+1","Metallicize+1"],"relics":["Burning Blood","NeowsBlessing","Golden Idol","Calipers","HornCleat","Frozen Egg 2"],"potions_floor_usage":[10,11],"damage_taken":[{"damage":0,"enemies":"Cultist","floor":1,"turns":1},{"damage":0,"enemies":"2 Louse","floor":4,"turns":1},{"damage":0,"enemies":"3 Sentries","floor":6,"turns":2},{"damage":19,"enemies":"Small Slimes","floor":8,"turns":4},{"damage":51,"enemies":"Lagavulin","floor":10,"turns":8},{"damage":0,"enemies":"3 Louse","floor":11,"turns":2},{"damage":49,"enemies":"The Guardian","floor":16,"turns":8}],"seed_played":"-3107902501161907806","potions_obtained":[{"floor":1,"key":"ColorlessPotion"},{"floor":4,"key":"Energy Potion"},{"floor":6,"key":"Explosive Potion"}],"is_trial":false,"path_per_floor":["M","$","?","M","?","E","R","M","T","E","M","R","?","$","R","B"],"character_chosen":"IRONCLAD","items_purchased":["Enlightenment","Metallicize+1"],"campfire_rested":1,"item_purchase_floors":[2,14],"current_hp_per_floor":[74,74,74,75,75,75,75,62,62,17,23,45,45,45,45,0],"gold":48,"neow_bonus":"THREE_ENEMY_KILL","is_prod":false,"is_daily":false,"chose_seed":false,"campfire_upgraded":2,"win_rate":0,"timestamp":1646947580,"path_taken":["M","$","?","?","?","E","R","M","T","E","M","R","?","$","R","BOSS"],"build_version":"2022-03-07","purchased_purges":0,"victory":false,"max_hp_per_floor":[75,75,75,75,75,75,75,75,75,75,75,75,75,75,75,75],"card_choices":[{"not_picked":["Dark Embrace","Infernal Blade"],"picked":"Sever Soul","floor":1},{"not_picked":["Inflame","Heavy Blade"],"picked":"Fire Breathing","floor":4},{"not_picked":["Second Wind","Clothesline"],"picked":"Sentinel","floor":6},{"not_picked":["Spot Weakness","Pommel Strike"],"picked":"Evolve","floor":8},{"not_picked":["Searing Blow","Cleave"],"picked":"Body Slam","floor":10},{"not_picked":["Whirlwind","Havoc","Heavy Blade"],"picked":"SKIP","floor":11}],"player_experience":1814393,"relics_obtained":[{"floor":6,"key":"Calipers"},{"floor":9,"key":"HornCleat"},{"floor":10,"key":"Frozen Egg 2"}],"event_choices":[{"damage_healed":0,"gold_gain":0,"player_choice":"Upgraded","damage_taken":0,"max_hp_gain":0,"max_hp_loss":0,"event_name":"Upgrade Shrine","floor":3,"gold_loss":0,"cards_upgraded":["Enlightenment"]},{"damage_healed":0,"gold_gain":0,"player_choice":"Take Wound","damage_taken":0,"relics_obtained":["Golden Idol"],"max_hp_gain":0,"max_hp_loss":0,"event_name":"Golden Idol","floor":5,"gold_loss":0,"cards_obtained":["Injury"]},{"cards_removed":["Strike_R"],"damage_healed":0,"gold_gain":0,"player_choice":"Forget","damage_taken":0,"max_hp_gain":0,"max_hp_loss":0,"event_name":"Living Wall","floor":13,"gold_loss":0}],"is_beta":false,"boss_relics":[],"items_purged_floors":[],"is_endless":false,"potions_floor_spawned":[1,4,6],"killed_by":"The Guardian","ascension_level":20}