{"gold_per_floor":[111,124,124,139,139,166,166,91,91,91,104,119,119,154,154,154],"floor_reached":16,"playtime":533,"items_purged":["Strike_R"],"score":245,"play_id":"9f7f5941-6a48-4562-a11b-ec09350b3c22","local_time":"20220228183553","is_ascension_mode":true,"campfire_choices":[{"floor":7,"key":"REST"},{"floor":10,"key":"REST"},{"data":"Double Tap","floor":13,"key":"SMITH"},{"data":"Rampage","floor":15,"key":"SMITH"}],"neow_cost":"PERCENT_DAMAGE","seed_source_timestamp":281084077333000,"circlet_count":0,"master_deck":["AscendersBane","Strike_R","Strike_R","Strike_R","Strike_R","Defend_R","Defend_R","Defend_R","Defend_R","Bash","Shrug It Off","Rampage+1","Sword Boomerang","Double Tap+1","Metallicize"],"relics":["Burning Blood","Gremlin Horn","Mango","Vajra","Tiny Chest","Pantograph"],"potions_floor_usage":[6,14,16],"damage_taken":[{"damage":2,"enemies":"2 Louse","floor":1,"turns":3},{"damage":7,"enemies":"Jaw Worm","floor":2,"turns":6},{"damage":4,"enemies":"Cultist","floor":4,"turns":4},{"damage":59,"enemies":"Gremlin Nob","floor":6,"turns":5},{"damage":8,"enemies":"Blue Slaver","floor":11,"turns":5},{"damage":15,"enemies":"Looter","floor":12,"turns":4},{"damage":62,"enemies":"3 Sentries","floor":14,"turns":12},{"damage":54,"enemies":"Hexaghost","floor":16,"turns":11}],"seed_played":"-3617707897827962407","potions_obtained":[{"floor":4,"key":"Regen Potion"},{"floor":12,"key":"Regen Potion"},{"floor":14,"key":"ColorlessPotion"}],"is_trial":false,"path_per_floor":["M","M","?","M","T","E","R","$","T","R","M","M","R","E","R","B"],"character_chosen":"IRONCLAD","items_purchased":[],"campfire_rested":2,"item_purchase_floors":[],"current_hp_per_floor":[68,67,41,43,57,18,48,48,48,78,76,67,67,26,26,0],"gold":154,"neow_bonus":"TWENTY_PERCENT_HP_BONUS","is_prod":false,"is_daily":false,"chose_seed":false,"campfire_upgraded":2,"win_rate":0,"timestamp":1646069753,"path_taken":["M","M","?","M","?","E","R","$","T","R","M","?","R","E","R","BOSS"],"build_version":"2022-02-27","purchased_purges":1,"victory":false,"max_hp_per_floor":[89,89,89,89,103,103,103,103,103,103,103,103,103,103,103,103],"card_choices":[{"not_picked":["Reckless Charge","Cleave"],"picked":"Shrug It Off","floor":1},{"not_picked":["Body Slam","Burning Pact","Thunderclap"],"picked":"SKIP","floor":2},{"not_picked":["Perfected Strike","Thunderclap"],"picked":"Rampage","floor":4},{"not_picked":["Flame Barrier","Infernal Blade"],"picked":"Sword Boomerang","floor":6},{"not_picked":["Sword Boomerang","Body Slam","Heavy Blade"],"picked":"SKIP","floor":11},{"not_picked":["Blood for Blood","Metallicize"],"picked":"Double Tap","floor":12},{"not_picked":["Wild Strike","Pommel Strike"],"picked":"Metallicize","floor":14}],"player_experience":1794676,"relics_obtained":[{"floor":5,"key":"Mango"},{"floor":6,"key":"Vajra"},{"floor":9,"key":"Tiny Chest"},{"floor":14,"key":"Pantograph"}],"event_choices":[{"damage_healed":0,"gold_gain":0,"player_choice":"Success","damage_taken":26,"relics_obtained":["Gremlin Horn"],"max_hp_gain":0,"max_hp_loss":0,"event_name":"Scrap Ooze","floor":3,"gold_loss":0}],"is_beta":false,"boss_relics":[],"items_purged_floors":[8],"is_endless":false,"potions_floor_spawned":[4,12,14],"killed_by":"Hexaghost","ascension_level":20}