{"gold_per_floor":[111,111,36,36,49,76,76,89,166,166,91,109,109],"floor_reached":13,"playtime":341,"items_purged":["Decay"],"score":166,"play_id":"a2eb3590-1a45-44ad-996b-96c84a035a01","local_time":"20220228184142","is_ascension_mode":true,"campfire_choices":[{"data":"Rupture","floor":10,"key":"SMITH"}],"neow_cost":"CURSE","seed_source_timestamp":281624411283800,"circlet_count":0,"master_deck":["AscendersBane","Strike_R","Strike_R","Strike_R","Strike_R","Strike_R","Defend_R","Defend_R","Defend_R","Defend_R","Bash","Combust","Rupture","Rupture+1","Pummel","Pummel"],"relics":["Burning Blood","Thread and Needle","Shuriken","Blood Vial","Question Card"],"potions_floor_usage":[8,12],"damage_taken":[{"damage":12,"enemies":"Cultist","floor":1,"turns":4},{"damage":1,"enemies":"Small Slimes","floor":5,"turns":6},{"damage":36,"enemies":"Lagavulin","floor":6,"turns":8},{"damage":4,"enemies":"2 Louse","floor":8,"turns":3},{"damage":44,"enemies":"Exordium Thugs","floor":12,"turns":5},{"damage":28,"enemies":"Gremlin Nob","floor":13,"turns":3}],"seed_played":"-1834305638550789392","potions_obtained":[{"floor":1,"key":"DistilledChaos"},{"floor":6,"key":"BloodPotion"}],"is_trial":false,"path_per_floor":["M","T","?","$","M","E","?","M","T","R","$","M","E"],"character_chosen":"IRONCLAD","items_purchased":[],"campfire_rested":0,"item_purchase_floors":[],"current_hp_per_floor":[62,62,62,62,67,37,37,41,41,41,41,20,0],"gold":109,"neow_bonus":"ONE_RARE_RELIC","is_prod":false,"is_daily":false,"chose_seed":false,"campfire_upgraded":1,"win_rate":0,"timestamp":1646070102,"path_taken":["M","?","?","$","M","E","?","M","T","R","$","?","E"],"build_version":"2022-02-27","purchased_purges":1,"victory":false,"max_hp_per_floor":[75,75,75,75,75,75,75,75,75,75,75,75,75],"card_choices":[{"not_picked":["Perfected Strike","Iron Wave"],"picked":"Combust","floor":1},{"not_picked":["Blood for Blood","Flex"],"picked":"Rupture","floor":5},{"not_picked":["Pummel","Flex"],"picked":"Rupture","floor":6},{"not_picked":["Armaments","Wild Strike"],"picked":"Pummel","floor":8},{"not_picked":["Flame Barrier","Thunderclap","Flex"],"picked":"Pummel","floor":12}],"player_experience":1795209,"relics_obtained":[{"floor":2,"key":"Shuriken"},{"floor":6,"key":"Blood Vial"},{"floor":9,"key":"Question Card"}],"event_choices":[{"cards_removed":["Pain"],"damage_healed":0,"gold_gain":0,"player_choice":"Card Removal","damage_taken":0,"max_hp_gain":0,"max_hp_loss":0,"event_name":"The Cleric","floor":3,"gold_loss":75},{"damage_healed":0,"gold_gain":0,"player_choice":"Cursed","damage_taken":0,"max_hp_gain":0,"max_hp_loss":0,"event_name":"Wheel of Change","floor":7,"gold_loss":0,"cards_obtained":["Decay"]}],"is_beta":false,"boss_relics":[],"items_purged_floors":[11],"is_endless":false,"potions_floor_spawned":[1,6],"killed_by":"Gremlin Nob","ascension_level":20}