{"gold_per_floor":[114,114,114,72,82,112,112,37,37,37,56,56,89,89,89,164,164,184,384,397,240,259,288,288,308,332,332],"floor_reached":27,"playtime":761,"items_purged":["Strike_R"],"score":578,"play_id":"8eb6fb63-fe94-4528-8322-7725bbc58ad3","local_time":"20220304164815","is_ascension_mode":true,"campfire_choices":[{"data":"Flame Barrier","floor":7,"key":"SMITH"},{"data":"Uppercut","floor":12,"key":"SMITH"},{"data":"Body Slam","floor":15,"key":"SMITH"},{"floor":24,"key":"REST"}],"neow_cost":"NONE","seed_source_timestamp":619999477640600,"circlet_count":0,"master_deck":["AscendersBane","Defend_R+1","Defend_R","Defend_R+1","Bash","Sword Boomerang","Flame Barrier+1","Body Slam+1","Uppercut+1","Ghostly Armor","Immolate","Exhume+1","Impervious+1","Battle Trance+1","Thunderclap","Shrug It Off"],"relics":["Burning Blood","NeowsBlessing","Mango","Paper Frog","Matryoshka","Astrolabe","Pen Nib","Ice Cream","Anchor","Blood Vial"],"potions_floor_usage":[13,16,16,23,27],"damage_taken":[{"damage":0,"enemies":"Jaw Worm","floor":1,"turns":1},{"damage":0,"enemies":"2 Louse","floor":5,"turns":1},{"damage":0,"enemies":"3 Sentries","floor":6,"turns":1},{"damage":2,"enemies":"Small Slimes","floor":11,"turns":3},{"damage":0,"enemies":"Lagavulin","floor":13,"turns":4},{"damage":78,"enemies":"Hexaghost","floor":16,"turns":16},{"damage":0,"enemies":"Spheric Guardian","floor":18,"turns":4},{"damage":5,"enemies":"Chosen","floor":20,"turns":7},{"damage":19,"enemies":"Centurion and Healer","floor":22,"turns":7},{"damage":54,"enemies":"Gremlin Leader","floor":23,"turns":8},{"damage":2,"enemies":"3 Cultists","floor":25,"turns":3},{"damage":48,"enemies":"Slavers","floor":27,"turns":3}],"seed_played":"7840540345239400068","potions_obtained":[{"floor":6,"key":"SneckoOil"},{"floor":11,"key":"Dexterity Potion"},{"floor":13,"key":"Swift Potion"},{"floor":20,"key":"Dexterity Potion"},{"floor":22,"key":"Fire Potion"}],"is_trial":false,"path_per_floor":["M","?","?","$","M","E","R","$","T","$","M","R","E","?","R","B",null,"M","?","M","$","M","E","R","M","T","E"],"character_chosen":"IRONCLAD","items_purchased":["Flame Barrier","Pen Nib"],"campfire_rested":1,"item_purchase_floors":[4,21],"current_hp_per_floor":[74,67,44,44,50,70,70,70,70,70,74,74,80,80,80,8,69,75,75,76,76,63,15,41,45,45,0],"gold":332,"neow_bonus":"THREE_ENEMY_KILL","is_prod":false,"is_daily":false,"chose_seed":false,"campfire_upgraded":3,"win_rate":0,"timestamp":1646408895,"path_taken":["M","?","?","$","M","E","R","?","T","$","M","R","E","?","R","BOSS","M","?","M","$","M","E","R","?","T","E"],"build_version":"2022-02-27","purchased_purges":1,"victory":false,"max_hp_per_floor":[75,75,75,75,75,89,89,89,89,89,89,89,89,89,89,89,89,89,89,89,89,89,89,89,89,89,89],"card_choices":[{"not_picked":["Headbutt","Heavy Blade"],"picked":"Sword Boomerang","floor":1},{"not_picked":["Heavy Blade","Reckless Charge","Evolve"],"picked":"SKIP","floor":5},{"not_picked":["Thunderclap","Entrench"],"picked":"Body Slam","floor":6},{"not_picked":["Flame Barrier","Shockwave"],"picked":"Uppercut","floor":11},{"not_picked":["Body Slam","Rampage"],"picked":"Ghostly Armor","floor":13},{"not_picked":["Exhume","Reaper"],"picked":"Immolate","floor":16},{"not_picked":["Sword Boomerang","Disarm"],"picked":"Thunderclap","floor":18},{"not_picked":["Clothesline+1","Heavy Blade","Twin Strike"],"picked":"SKIP","floor":20},{"not_picked":["Carnage+1","Pommel Strike"],"picked":"Shrug It Off","floor":22},{"not_picked":["Rupture","True Grit","Clash+1"],"picked":"SKIP","floor":23},{"not_picked":["Cleave","Iron Wave","Bludgeon"],"picked":"SKIP","floor":25}],"player_experience":1801934,"relics_obtained":[{"floor":6,"key":"Mango"},{"floor":9,"key":"Paper Frog"},{"floor":13,"key":"Matryoshka"},{"floor":23,"key":"Ice Cream"},{"floor":26,"key":"Anchor"},{"floor":26,"key":"Blood Vial"}],"event_choices":[{"cards_removed":["Strike_R"],"damage_healed":0,"gold_gain":0,"player_choice":"Card Removal","damage_taken":7,"max_hp_gain":0,"max_hp_loss":0,"event_name":"Golden Wing","floor":2,"gold_loss":0},{"damage_healed":0,"gold_gain":0,"player_choice":"Entered Light","damage_taken":23,"max_hp_gain":0,"max_hp_loss":0,"event_name":"Shining Light","floor":3,"gold_loss":0,"cards_upgraded":["Defend_R","Defend_R"]},{"cards_removed":["Strike_R"],"damage_healed":0,"gold_gain":0,"player_choice":"Forget","damage_taken":0,"max_hp_gain":0,"max_hp_loss":0,"event_name":"Living Wall","floor":14,"gold_loss":0},{"damage_healed":0,"gold_gain":200,"player_choice":"Gold","damage_taken":0,"max_hp_gain":0,"max_hp_loss":0,"event_name":"Wheel of Change","floor":19,"gold_loss":0}],"is_beta":false,"boss_relics":[{"not_picked":["SlaversCollar","Mark of Pain"],"picked":"Astrolabe"}],"items_purged_floors":[8],"is_endless":false,"potions_floor_spawned":[6,11,13,20,22],"killed_by":"Slavers","ascension_level":20}