{"gold_per_floor":[112,127,127,147,157,174,203,203],"floor_reached":8,"playtime":196,"items_purged":[],"score":120,"play_id":"32cf8316-4ae8-4a73-b834-176b730d7999","local_time":"20220307233746","is_ascension_mode":true,"campfire_choices":[],"neow_cost":"NONE","seed_source_timestamp":4470577059500,"circlet_count":0,"master_deck":["AscendersBane","Strike_R","Strike_R","Strike_R","Strike_R","Strike_R","Defend_R","Defend_R","Defend_R","Defend_R","Bash","Spot Weakness","Sword Boomerang","Battle Trance","Shrug It Off","Sword Boomerang"],"relics":["Burning Blood","NeowsBlessing","Boot","Nunchaku"],"potions_floor_usage":[6,8],"damage_taken":[{"damage":0,"enemies":"Cultist","floor":1,"turns":1},{"damage":0,"enemies":"2 Louse","floor":2,"turns":1},{"damage":0,"enemies":"Jaw Worm","floor":4,"turns":1},{"damage":14,"enemies":"Blue Slaver","floor":5,"turns":4},{"damage":25,"enemies":"Large Slime","floor":6,"turns":3},{"damage":37,"enemies":"3 Sentries","floor":7,"turns":7},{"damage":23,"enemies":"Exordium Thugs","floor":8,"turns":2}],"seed_played":"8492962776688898520","potions_obtained":[{"floor":4,"key":"ColorlessPotion"},{"floor":5,"key":"FearPotion"}],"is_trial":false,"path_per_floor":["M","M","?","M","M","M","E","M"],"character_chosen":"IRONCLAD","items_purchased":[],"campfire_rested":0,"item_purchase_floors":[],"current_hp_per_floor":[74,75,75,75,67,48,17,0],"gold":203,"neow_bonus":"THREE_ENEMY_KILL","is_prod":false,"is_daily":false,"chose_seed":false,"campfire_upgraded":0,"win_rate":0,"timestamp":1646692666,"path_taken":["M","?","?","M","?","M","E","M"],"build_version":"2022-02-27","purchased_purges":0,"victory":false,"max_hp_per_floor":[75,75,75,75,75,75,75,75],"card_choices":[{"not_picked":["Anger","Bloodletting"],"picked":"Spot Weakness","floor":1},{"not_picked":["Pommel Strike","Second Wind"],"picked":"Sword Boomerang","floor":2},{"not_picked":["Heavy Blade","Sever Soul"],"picked":"Battle Trance","floor":4},{"not_picked":["Pommel Strike","Dark Embrace"],"picked":"Shrug It Off","floor":5},{"not_picked":["Spot Weakness","Dark Embrace"],"picked":"Sword Boomerang","floor":6},{"not_picked":["Twin Strike","Clothesline","Rupture"],"picked":"SKIP","floor":7}],"player_experience":1808672,"relics_obtained":[{"floor":3,"key":"Boot"},{"floor":7,"key":"Nunchaku"}],"event_choices":[{"damage_healed":0,"gold_gain":0,"player_choice":"Relic","damage_taken":0,"max_hp_gain":0,"max_hp_loss":0,"event_name":"Wheel of Change","floor":3,"gold_loss":0}],"is_beta":false,"boss_relics":[],"items_purged_floors":[],"is_endless":false,"potions_floor_spawned":[4,5],"killed_by":"Exordium Thugs","ascension_level":20}