{"gold_per_floor":[114,114,189,208,55,55,73,73,126,126,157,178,178],"floor_reached":13,"playtime":235,"items_purged":["Injury"],"score":166,"play_id":"fd78131d-401f-4a98-8fc3-9cd2eefb5eec","local_time":"20220228184548","is_ascension_mode":true,"campfire_choices":[{"data":"Rupture","floor":6,"key":"SMITH"},{"data":"Hemokinesis","floor":10,"key":"SMITH"}],"neow_cost":"NONE","seed_source_timestamp":281977235346300,"circlet_count":0,"master_deck":["AscendersBane","Strike_R","Strike_R+1","Strike_R","Strike_R","Strike_R","Defend_R+1","Defend_R+1","Defend_R","Defend_R+1","Bash","Hemokinesis+1","Rupture+1","Fire Breathing"],"relics":["Burning Blood","NeowsBlessing","Golden Idol","War Paint","Juzu Bracelet"],"potions_floor_usage":[11,13],"damage_taken":[{"damage":0,"enemies":"Small Slimes","floor":1,"turns":1},{"damage":0,"enemies":"Jaw Worm","floor":4,"turns":2},{"damage":0,"enemies":"Cultist","floor":7,"turns":1},{"damage":36,"enemies":"Gremlin Nob","floor":11,"turns":4},{"damage":19,"enemies":"Gremlin Gang","floor":12,"turns":9},{"damage":10,"enemies":"3 Sentries","floor":13,"turns":1}],"seed_played":"3214155396250379745","potions_obtained":[{"floor":1,"key":"Swift Potion"},{"floor":4,"key":"BlessingOfTheForge"},{"floor":11,"key":"SpeedPotion"}],"is_trial":false,"path_per_floor":["M","?","?","M","$","R","M","?","T","R","E","M","E"],"character_chosen":"IRONCLAD","items_purchased":["Fire Breathing"],"campfire_rested":0,"item_purchase_floors":[5],"current_hp_per_floor":[74,74,63,69,69,69,75,52,52,52,22,9,0],"gold":178,"neow_bonus":"THREE_ENEMY_KILL","is_prod":false,"is_daily":false,"chose_seed":false,"campfire_upgraded":2,"win_rate":0,"timestamp":1646070348,"path_taken":["M","?","?","M","$","R","M","?","T","R","E","M","E"],"build_version":"2022-02-27","purchased_purges":1,"victory":false,"max_hp_per_floor":[75,75,75,75,75,75,75,75,75,75,75,75,75],"card_choices":[{"not_picked":["Twin Strike","Sever Soul"],"picked":"Hemokinesis","floor":1},{"not_picked":["Clash","Twin Strike"],"picked":"Rupture","floor":4},{"not_picked":["Sentinel","Pommel Strike","Intimidate"],"picked":"SKIP","floor":7},{"not_picked":["Body Slam","Cleave","Dark Embrace"],"picked":"SKIP","floor":11},{"not_picked":["Wild Strike","Corruption","Metallicize"],"picked":"SKIP","floor":12}],"player_experience":1795550,"relics_obtained":[{"floor":9,"key":"War Paint"},{"floor":11,"key":"Juzu Bracelet"}],"event_choices":[{"damage_healed":0,"gold_gain":0,"player_choice":"Take Wound","damage_taken":0,"relics_obtained":["Golden Idol"],"max_hp_gain":0,"max_hp_loss":0,"event_name":"Golden Idol","floor":2,"gold_loss":0,"cards_obtained":["Injury"]},{"damage_healed":0,"gold_gain":75,"player_choice":"Gather Gold","damage_taken":11,"max_hp_gain":0,"max_hp_loss":0,"event_name":"World of Goop","floor":3,"gold_loss":0},{"damage_healed":0,"gold_gain":0,"player_choice":"Entered Light","damage_taken":23,"max_hp_gain":0,"max_hp_loss":0,"event_name":"Shining Light","floor":8,"gold_loss":0,"cards_upgraded":["Strike_R","Defend_R"]}],"is_beta":false,"boss_relics":[],"items_purged_floors":[5],"is_endless":false,"potions_floor_spawned":[1,4,11,12],"killed_by":"3 Sentries","ascension_level":20}