{"gold_per_floor":[99,99,99,73,73,73,73,73,73,73,73,73,73,73,73,73,73,73,73,73,73,73,73,73,73,73,73,73,73,73,73],"floor_reached":31,"playtime":841,"items_purged":[],"score":546,"play_id":"bb15a464-19f7-4e9a-a9aa-81a0e69fc620","local_time":"20220310224034","is_ascension_mode":true,"campfire_choices":[{"data":"Body Slam","floor":6,"key":"SMITH"},{"data":"Shrug It Off","floor":15,"key":"SMITH"},{"floor":23,"key":"REST"}],"neow_cost":"NONE","seed_source_timestamp":259595241932400,"circlet_count":0,"master_deck":["AscendersBane","Strike_R+1","Strike_R+1","Strike_R+1","Strike_R+1","Strike_R+1","Defend_R+1","Defend_R+1","Defend_R+1","Bash","Shrug It Off+1","Shrug It Off","Body Slam+1","Shrug It Off","Havoc","Exhume","Rage","Decay","Necronomicurse","Clothesline+1","Dropkick"],"relics":["Ectoplasm","Kunai","Sundial","Bottled Lightning","Oddly Smooth Stone","Sozu","Necronomicon","Singing Bowl","MutagenicStrength","Eternal Feather"],"potions_floor_usage":[10,16,16],"damage_taken":[{"damage":4,"enemies":"Small Slimes","floor":1,"turns":3},{"damage":0,"enemies":"Jaw Worm","floor":5,"turns":3},{"damage":14,"enemies":"Lagavulin","floor":7,"turns":5},{"damage":0,"enemies":"2 Louse","floor":8,"turns":2},{"damage":1,"enemies":"Blue Slaver","floor":10,"turns":2},{"damage":2,"enemies":"3 Sentries","floor":11,"turns":10},{"damage":9,"enemies":"Lagavulin","floor":13,"turns":6},{"damage":0,"enemies":"2 Fungi Beasts","floor":14,"turns":2},{"damage":37,"enemies":"Slime Boss","floor":16,"turns":10},{"damage":14,"enemies":"Shell Parasite","floor":18,"turns":4},{"damage":0,"enemies":"Chosen","floor":24,"turns":2},{"damage":9,"enemies":"Sentry and Sphere","floor":25,"turns":4},{"damage":4,"enemies":"Book of Stabbing","floor":29,"turns":5},{"damage":2,"enemies":"Snecko","floor":30,"turns":3},{"damage":34,"enemies":"Gremlin Leader","floor":31,"turns":4}],"seed_played":"6249298690236586887","potions_obtained":[{"floor":1,"key":"EssenceOfSteel"},{"floor":13,"key":"EntropicBrew"},{"floor":14,"key":"AttackPotion"}],"is_trial":false,"path_per_floor":["M","?","?","$","M","R","E","M","T","M","E","?","E","M","R","B",null,"M","?","?","?","?","R","M","M","T","?","$","E","M","E"],"character_chosen":"IRONCLAD","items_purchased":["Shrug It Off"],"campfire_rested":1,"item_purchase_floors":[4],"current_hp_per_floor":[64,64,41,41,41,41,27,27,27,26,24,49,40,40,40,3,57,43,43,43,43,22,44,44,35,35,35,35,33,33,0],"gold":73,"neow_bonus":"BOSS_RELIC","is_prod":false,"is_daily":false,"chose_seed":false,"campfire_upgraded":2,"win_rate":0,"timestamp":1646948434,"path_taken":["M","?","?","$","M","R","E","M","T","M","E","?","E","M","R","BOSS","M","?","?","?","?","R","M","M","T","?","?","E","?","E"],"build_version":"2022-03-07","purchased_purges":0,"victory":false,"max_hp_per_floor":[75,75,75,75,75,75,75,75,75,75,75,75,75,75,75,75,75,75,75,75,75,75,75,75,75,75,75,75,77,79,79],"card_choices":[{"not_picked":["Intimidate","Pommel Strike"],"picked":"Shrug It Off","floor":1},{"not_picked":["Rage","Uppercut"],"picked":"Body Slam","floor":5},{"not_picked":["Anger","Twin Strike"],"picked":"Shrug It Off","floor":7},{"not_picked":["Sever Soul","Wild Strike"],"picked":"Havoc","floor":8},{"not_picked":["Berserk","Blood for Blood","Rupture"],"picked":"SKIP","floor":10},{"not_picked":["Sword Boomerang","Warcry","Heavy Blade"],"picked":"SKIP","floor":11},{"not_picked":["Battle Trance","Uppercut","Sentinel"],"picked":"SKIP","floor":13},{"not_picked":["Searing Blow","Bloodletting","Uppercut"],"picked":"SKIP","floor":14},{"not_picked":["Limit Break","Bludgeon"],"picked":"Exhume","floor":16},{"not_picked":["Feel No Pain","Burning Pact+1"],"picked":"Rage","floor":18},{"not_picked":["Armaments","Wild Strike"],"picked":"Clothesline+1","floor":24},{"not_picked":["Battle Trance","Perfected Strike"],"picked":"Dropkick","floor":25},{"not_picked":["Seeing Red","Havoc+1","True Grit"],"picked":"Singing Bowl","floor":29},{"not_picked":["Body Slam","Wild Strike","Clash"],"picked":"Singing Bowl","floor":30}],"player_experience":1814692,"relics_obtained":[{"floor":7,"key":"Kunai"},{"floor":9,"key":"Sundial"},{"floor":11,"key":"Bottled Lightning"},{"floor":13,"key":"Oddly Smooth Stone"},{"floor":22,"key":"Necronomicon"},{"floor":26,"key":"Singing Bowl"},{"floor":29,"key":"Eternal Feather"}],"event_choices":[{"cards_removed":["Defend_R"],"damage_healed":0,"gold_gain":0,"player_choice":"Forget","damage_taken":0,"max_hp_gain":0,"max_hp_loss":0,"event_name":"Living Wall","floor":2,"gold_loss":0},{"damage_healed":0,"gold_gain":0,"player_choice":"Entered Light","damage_taken":23,"max_hp_gain":0,"max_hp_loss":0,"event_name":"Shining Light","floor":3,"gold_loss":0,"cards_upgraded":["Strike_R","Strike_R"]},{"damage_healed":25,"gold_gain":0,"player_choice":"Banana","damage_taken":0,"max_hp_gain":0,"max_hp_loss":0,"event_name":"Big Fish","floor":12,"gold_loss":0},{"damage_healed":0,"gold_gain":0,"player_choice":"Simplicity","damage_taken":0,"max_hp_gain":0,"max_hp_loss":0,"event_name":"Back to Basics","floor":19,"gold_loss":0,"cards_upgraded":["Strike_R","Strike_R","Strike_R","Defend_R","Defend_R","Defend_R"]},{"damage_healed":0,"gold_gain":0,"player_choice":"Ignored","damage_taken":0,"max_hp_gain":0,"max_hp_loss":0,"event_name":"Vampires","floor":20,"gold_loss":0},{"damage_healed":0,"gold_gain":0,"player_choice":"Smashed Altar","damage_taken":0,"max_hp_gain":0,"max_hp_loss":0,"event_name":"Forgotten Altar","floor":21,"gold_loss":0,"cards_obtained":["Decay"]},{"damage_healed":0,"gold_gain":0,"player_choice":"Obtained Book","damage_taken":21,"max_hp_gain":0,"max_hp_loss":0,"event_name":"Cursed Tome","floor":22,"gold_loss":0},{"damage_healed":0,"gold_gain":0,"player_choice":"Inject Mutagens","damage_taken":0,"relics_obtained":["MutagenicStrength"],"max_hp_gain":0,"max_hp_loss":0,"event_name":"Drug Dealer","floor":27,"gold_loss":0}],"is_beta":false,"boss_relics":[{"not_picked":["Coffee Dripper","Snecko Eye"],"picked":"Sozu"}],"items_purged_floors":[],"is_endless":false,"potions_floor_spawned":[1,13,14,24,29],"killed_by":"Gremlin Leader","ascension_level":20}