{"gold_per_floor":[117,117,135,151,131,165,182,182,182,197,197,209,209,209,209,282,282,300,310,235,235,235,235,235],"floor_reached":24,"playtime":617,"items_purged":[],"score":392,"play_id":"0b7c181f-1241-48d4-882b-e5048dbbb330","local_time":"20220310221851","is_ascension_mode":true,"campfire_choices":[{"floor":8,"key":"DIG"},{"floor":11,"key":"DIG"},{"floor":15,"key":"DIG"},{"floor":23,"key":"DIG"}],"neow_cost":"NONE","seed_source_timestamp":258516561624000,"circlet_count":0,"master_deck":["AscendersBane","Strike_R+1","Strike_R","Strike_R","Strike_R","Defend_R","Defend_R+1","Defend_R","Defend_R","Bash","Rage","Iron Wave","Pommel Strike","Ghostly Armor","Barricade","Writhe"],"relics":["Burning Blood","NeowsBlessing","WarpedTongs","Shovel","HornCleat","Turnip","StrikeDummy","Bag of Marbles","Coffee Dripper","Molten Egg 2","Smiling Mask"],"potions_floor_usage":[6,16,16],"damage_taken":[{"damage":0,"enemies":"Cultist","floor":1,"turns":1},{"damage":1,"enemies":"Jaw Worm","floor":3,"turns":1},{"damage":0,"enemies":"2 Louse","floor":4,"turns":1},{"damage":35,"enemies":"Gremlin Nob","floor":6,"turns":4},{"damage":8,"enemies":"Large Slime","floor":7,"turns":6},{"damage":4,"enemies":"3 Louse","floor":10,"turns":4},{"damage":1,"enemies":"Looter","floor":12,"turns":4},{"damage":3,"enemies":"Slime Boss","floor":16,"turns":9},{"damage":11,"enemies":"Spheric Guardian","floor":18,"turns":4},{"damage":14,"enemies":"3 Byrds","floor":19,"turns":8},{"damage":76,"enemies":"Slavers","floor":24,"turns":9}],"seed_played":"3148344859608480071","potions_obtained":[{"floor":3,"key":"Strength Potion"},{"floor":5,"key":"CultistPotion"},{"floor":6,"key":"FearPotion"}],"is_trial":false,"path_per_floor":["M","?","M","M","?","E","M","R","T","M","R","M","?","?","R","B",null,"M","M","?","?","?","R","E"],"character_chosen":"IRONCLAD","items_purchased":[],"campfire_rested":0,"item_purchase_floors":[],"current_hp_per_floor":[74,74,75,75,75,46,44,44,44,46,46,51,28,28,28,31,64,59,51,51,66,66,66,0],"gold":235,"neow_bonus":"THREE_ENEMY_KILL","is_prod":false,"is_daily":false,"chose_seed":false,"campfire_upgraded":0,"win_rate":0,"timestamp":1646947131,"path_taken":["M","?","?","M","?","E","?","R","T","M","R","M","?","?","R","BOSS","M","M","?","?","?","R","E"],"build_version":"2022-03-07","purchased_purges":0,"victory":false,"max_hp_per_floor":[75,75,75,75,75,75,75,75,75,75,75,75,75,75,75,75,75,75,75,75,75,75,75,75],"card_choices":[{"not_picked":["Thunderclap","Iron Wave"],"picked":"Rage","floor":1},{"not_picked":["Perfected Strike","Anger"],"picked":"Iron Wave","floor":3},{"not_picked":["Wild Strike","Intimidate"],"picked":"Pommel Strike","floor":4},{"not_picked":["Intimidate","Sword Boomerang","Shrug It Off"],"picked":"SKIP","floor":6},{"not_picked":["Cleave","Carnage"],"picked":"Ghostly Armor","floor":7},{"not_picked":["Headbutt","Anger","Sword Boomerang"],"picked":"SKIP","floor":10},{"not_picked":["Armaments","Headbutt","Demon Form"],"picked":"SKIP","floor":12},{"not_picked":["Double Tap","Corruption"],"picked":"Barricade","floor":16},{"not_picked":["Clash+1","Flex+1","Perfected Strike"],"picked":"SKIP","floor":18},{"not_picked":["Clash","Burning Pact","Wild Strike+1"],"picked":"SKIP","floor":19}],"player_experience":1813643,"relics_obtained":[{"floor":6,"key":"Shovel"},{"floor":8,"key":"HornCleat"},{"floor":9,"key":"Turnip"},{"floor":11,"key":"StrikeDummy"},{"floor":15,"key":"Bag of Marbles"},{"floor":23,"key":"Smiling Mask"}],"event_choices":[{"damage_healed":0,"gold_gain":0,"player_choice":"Rummage","damage_taken":0,"relics_obtained":["WarpedTongs"],"max_hp_gain":0,"max_hp_loss":0,"event_name":"Accursed Blacksmith","floor":2,"gold_loss":0,"cards_obtained":["Pain"]},{"damage_healed":0,"gold_gain":0,"player_choice":"Bought 1 Potion","damage_taken":0,"max_hp_gain":0,"max_hp_loss":0,"event_name":"The Woman in Blue","floor":5,"gold_loss":0},{"damage_healed":0,"gold_gain":0,"player_choice":"Entered Light","damage_taken":23,"max_hp_gain":0,"max_hp_loss":0,"event_name":"Shining Light","floor":13,"gold_loss":0,"cards_upgraded":["Strike_R","Defend_R"]},{"cards_removed":["Pain"],"damage_healed":0,"gold_gain":0,"player_choice":"Forget","damage_taken":0,"max_hp_gain":0,"max_hp_loss":0,"event_name":"Living Wall","floor":14,"gold_loss":0},{"cards_removed":["Strike_R"],"damage_healed":0,"gold_gain":0,"player_choice":"Gave Gold","damage_taken":0,"max_hp_gain":0,"max_hp_loss":0,"event_name":"Beggar","floor":20,"gold_loss":75},{"damage_healed":15,"gold_gain":0,"player_choice":"Heal","damage_taken":0,"max_hp_gain":0,"max_hp_loss":0,"event_name":"The Library","floor":21,"gold_loss":0},{"damage_healed":0,"gold_gain":0,"player_choice":"Opened","damage_taken":0,"relics_obtained":["Molten Egg 2"],"max_hp_gain":0,"max_hp_loss":0,"event_name":"The Mausoleum","floor":22,"gold_loss":0,"cards_obtained":["Writhe"]}],"is_beta":false,"boss_relics":[{"not_picked":["Runic Pyramid","Black Star"],"picked":"Coffee Dripper"}],"items_purged_floors":[],"is_endless":false,"potions_floor_spawned":[3,6,10,12],"killed_by":"Slavers","ascension_level":20}