{"gold_per_floor":[369,386,311,6,6,6,25,25,51,51,85,85,105,136,136,215,215,229,229,179,191,191,191,202,202,202,202,213,247,247],"floor_reached":30,"playtime":607,"items_purged":[],"score":516,"play_id":"a3b1def3-383f-4a71-8b4b-1f75497c435d","local_time":"20220305202531","is_ascension_mode":true,"campfire_choices":[{"data":"Searing Blow","floor":6,"key":"SMITH"},{"data":"Searing Blow+1","floor":8,"key":"SMITH"},{"data":"Searing Blow+2","floor":12,"key":"SMITH"},{"data":"Searing Blow+3","floor":15,"key":"SMITH"},{"data":"Searing Blow+5","floor":23,"key":"SMITH"},{"data":"Searing Blow+6","floor":25,"key":"SMITH"},{"data":"Searing Blow+7","floor":27,"key":"SMITH"}],"neow_cost":"TEN_PERCENT_HP_LOSS","seed_source_timestamp":34008970327100,"circlet_count":0,"master_deck":["AscendersBane","Strike_R","Defend_R","Defend_R","Defend_R","Defend_R","Bash","Pummel","Sword Boomerang","Searing Blow+8","Spot Weakness","Double Tap","Limit Break+1","Dark Embrace+1","Headbutt+1","Writhe"],"relics":["Burning Blood","Gremlin Horn","TungstenRod","Red Skull","PreservedInsect","Ancient Tea Set","Astrolabe","Champion Belt","Unceasing Top","Molten Egg 2"],"potions_floor_usage":[11,18,19,21,21],"damage_taken":[{"damage":10,"enemies":"Small Slimes","floor":1,"turns":3},{"damage":11,"enemies":"Jaw Worm","floor":2,"turns":6},{"damage":0,"enemies":"Cultist","floor":7,"turns":3},{"damage":10,"enemies":"Lagavulin","floor":11,"turns":5},{"damage":0,"enemies":"Large Slime","floor":13,"turns":4},{"damage":8,"enemies":"3 Sentries","floor":14,"turns":6},{"damage":38,"enemies":"Hexaghost","floor":16,"turns":8},{"damage":11,"enemies":"Chosen","floor":18,"turns":4},{"damage":0,"enemies":"2 Thieves","floor":19,"turns":1},{"damage":43,"enemies":"Shelled Parasite and Fungi","floor":21,"turns":4},{"damage":0,"enemies":"Snake Plant","floor":24,"turns":1},{"damage":16,"enemies":"Cultist and Chosen","floor":28,"turns":5},{"damage":25,"enemies":"Gremlin Leader","floor":29,"turns":3},{"damage":16,"enemies":"Centurion and Healer","floor":30,"turns":1}],"seed_played":"2558420271891060690","potions_obtained":[{"floor":1,"key":"SmokeBomb"},{"floor":2,"key":"Dexterity Potion"},{"floor":16,"key":"LiquidMemories"},{"floor":18,"key":"EntropicBrew"},{"floor":21,"key":"FairyPotion"}],"is_trial":false,"path_per_floor":["M","M","?","$","?","R","M","R","T","$","E","R","M","E","R","B",null,"M","M","?","M","?","R","M","R","T","R","M","E","M"],"character_chosen":"IRONCLAD","items_purchased":["Searing Blow","Gremlin Horn"],"campfire_rested":0,"item_purchase_floors":[4,4],"current_hp_per_floor":[64,59,59,59,33,33,39,39,39,39,35,35,41,39,39,7,53,48,54,54,17,17,17,23,23,23,23,13,16,0],"gold":247,"neow_bonus":"TWO_FIFTY_GOLD","is_prod":false,"is_daily":false,"chose_seed":false,"campfire_upgraded":7,"win_rate":0,"timestamp":1646508331,"path_taken":["M","M","?","$","?","R","M","R","T","$","E","R","M","E","R","BOSS","M","M","?","?","?","R","M","R","T","R","M","E","M"],"build_version":"2022-02-27","purchased_purges":0,"victory":false,"max_hp_per_floor":[68,68,68,68,68,68,68,68,68,68,68,68,68,68,68,68,68,68,68,68,68,68,68,68,68,68,68,68,68,68],"card_choices":[{"not_picked":["Havoc","Second Wind"],"picked":"Pummel","floor":1},{"not_picked":["Cleave","Battle Trance"],"picked":"Sword Boomerang","floor":2},{"not_picked":["Body Slam","Clash"],"picked":"Spot Weakness","floor":7},{"not_picked":["Flex","Twin Strike","Barricade"],"picked":"SKIP","floor":11},{"not_picked":["Carnage","Searing Blow","Sword Boomerang"],"picked":"SKIP","floor":13},{"not_picked":["Anger","Shockwave","Seeing Red"],"picked":"SKIP","floor":14},{"not_picked":["Juggernaut","Immolate"],"picked":"Double Tap","floor":16},{"not_picked":["Twin Strike","Iron Wave+1","Body Slam"],"picked":"SKIP","floor":18},{"not_picked":["Uppercut","Hemokinesis","Inflame"],"picked":"SKIP","floor":21},{"not_picked":["Blood for Blood","Cleave","Headbutt"],"picked":"SKIP","floor":24},{"not_picked":["Body Slam","Power Through","Clothesline"],"picked":"SKIP","floor":28},{"not_picked":["Juggernaut","Intimidate","Combust"],"picked":"SKIP","floor":29}],"player_experience":1804209,"relics_obtained":[{"floor":9,"key":"Red Skull"},{"floor":11,"key":"PreservedInsect"},{"floor":14,"key":"Ancient Tea Set"},{"floor":26,"key":"Unceasing Top"},{"floor":29,"key":"Molten Egg 2"}],"event_choices":[{"cards_removed":["Strike_R"],"damage_healed":0,"gold_gain":0,"player_choice":"Card Removal","damage_taken":0,"max_hp_gain":0,"max_hp_loss":0,"event_name":"The Cleric","floor":3,"gold_loss":75},{"damage_healed":0,"gold_gain":0,"player_choice":"Success","damage_taken":26,"relics_obtained":["TungstenRod"],"max_hp_gain":0,"max_hp_loss":0,"event_name":"Scrap Ooze","floor":5,"gold_loss":0},{"damage_healed":0,"gold_gain":0,"player_choice":"Upgrade","damage_taken":0,"max_hp_gain":0,"max_hp_loss":0,"event_name":"Designer","floor":20,"gold_loss":50,"cards_upgraded":["Searing Blow"]},{"damage_healed":0,"gold_gain":0,"player_choice":"Opened","damage_taken":0,"relics_obtained":["Champion Belt"],"max_hp_gain":0,"max_hp_loss":0,"event_name":"The Mausoleum","floor":22,"gold_loss":0,"cards_obtained":["Writhe"]}],"is_beta":false,"boss_relics":[{"not_picked":["Fusion Hammer","Ectoplasm"],"picked":"Astrolabe"}],"items_purged_floors":[],"is_endless":false,"potions_floor_spawned":[1,2,16,18,19,21,24],"killed_by":"Centurion and Healer","ascension_level":20}