{"gold_per_floor":[112,75,75,85,96,125,125,153,153,173,1,14,14,30,30,101,101,119,119,119,147,159],"floor_reached":22,"playtime":642,"items_purged":[],"score":392,"play_id":"c1a55ce9-1140-4865-abc6-2dfd5b31b796","local_time":"20220303232755","is_ascension_mode":true,"campfire_choices":[{"data":"Limit Break","floor":7,"key":"SMITH"},{"floor":13,"key":"REST"},{"data":"Armaments","floor":15,"key":"SMITH"}],"neow_cost":"NONE","seed_source_timestamp":557697277741100,"circlet_count":0,"master_deck":["AscendersBane","Strike_R+1","Strike_R","Strike_R","Strike_R+1","Strike_R","Defend_R","Defend_R","Defend_R","Defend_R","Bash","Perfected Strike","Spot Weakness","Limit Break+1","Armaments+1","Wild Strike","Twin Strike","Offering","Shrug It Off+1"],"relics":["Burning Blood","NeowsBlessing","Eternal Feather","TungstenRod","Bird Faced Urn","Whetstone","SlaversCollar","Enchiridion","MawBank"],"potions_floor_usage":[6,12,14,18,21,22],"damage_taken":[{"damage":0,"enemies":"Small Slimes","floor":1,"turns":1},{"damage":0,"enemies":"Cultist","floor":4,"turns":1},{"damage":0,"enemies":"2 Louse","floor":5,"turns":1},{"damage":32,"enemies":"Gremlin Nob","floor":6,"turns":4},{"damage":45,"enemies":"3 Sentries","floor":8,"turns":9},{"damage":16,"enemies":"Large Slime","floor":10,"turns":6},{"damage":13,"enemies":"Exordium Thugs","floor":12,"turns":4},{"damage":5,"enemies":"3 Louse","floor":14,"turns":1},{"damage":53,"enemies":"The Guardian","floor":16,"turns":10},{"damage":5,"enemies":"3 Byrds","floor":18,"turns":7},{"damage":5,"enemies":"Spheric Guardian","floor":21,"turns":3},{"damage":53,"enemies":"Masked Bandits","floor":22,"turns":4}],"seed_played":"-753014589767610398","potions_obtained":[{"floor":5,"key":"BlessingOfTheForge"},{"floor":8,"key":"Ancient Potion"},{"floor":10,"key":"Regen Potion"},{"floor":12,"key":"Explosive Potion"},{"floor":16,"key":"ColorlessPotion"},{"floor":18,"key":"SteroidPotion"}],"is_trial":false,"path_per_floor":["M","$","?","M","M","E","R","E","T","M","$","M","R","M","R","B",null,"M","?","?","M","?"],"character_chosen":"IRONCLAD","items_purchased":["Spot Weakness","Whetstone"],"campfire_rested":1,"item_purchase_floors":[2,11],"current_hp_per_floor":[74,74,74,75,75,49,58,19,19,9,9,14,45,46,55,8,58,59,42,42,45,0],"gold":159,"neow_bonus":"THREE_ENEMY_KILL","is_prod":false,"is_daily":false,"chose_seed":false,"campfire_upgraded":2,"win_rate":0,"timestamp":1646346475,"path_taken":["M","$","?","?","M","E","R","E","T","M","?","?","R","M","R","BOSS","M","?","?","?","?"],"build_version":"2022-02-27","purchased_purges":0,"victory":false,"max_hp_per_floor":[75,75,75,75,75,75,75,75,75,75,75,75,75,75,75,75,75,75,75,75,75,75],"card_choices":[{"not_picked":["Body Slam","Evolve"],"picked":"Perfected Strike","floor":1},{"not_picked":["Hemokinesis","True Grit"],"picked":"Armaments","floor":4},{"not_picked":["Cleave","Infernal Blade"],"picked":"Rampage","floor":5},{"not_picked":["Body Slam","Evolve","Headbutt"],"picked":"SKIP","floor":6},{"not_picked":["Havoc","Bloodletting"],"picked":"Wild Strike","floor":8},{"not_picked":["Wild Strike","Shrug It Off"],"picked":"Twin Strike","floor":10},{"not_picked":["Twin Strike","Power Through"],"picked":"Offering","floor":12},{"not_picked":["Flex","Heavy Blade","Entrench"],"picked":"SKIP","floor":14},{"not_picked":["True Grit","Searing Blow"],"picked":"Shrug It Off+1","floor":18},{"not_picked":["Sentinel+1","Body Slam","Clothesline+1"],"picked":"SKIP","floor":21}],"player_experience":1797961,"relics_obtained":[{"floor":6,"key":"Eternal Feather"},{"floor":8,"key":"TungstenRod"},{"floor":9,"key":"Bird Faced Urn"},{"floor":19,"key":"Enchiridion"}],"event_choices":[{"damage_healed":0,"gold_gain":0,"player_choice":"1 cards matched","damage_taken":0,"max_hp_gain":0,"max_hp_loss":0,"event_name":"Match and Keep!","floor":3,"gold_loss":0,"cards_obtained":["Limit Break"]},{"damage_healed":0,"gold_gain":0,"player_choice":"Obtained Book","damage_taken":21,"max_hp_gain":0,"max_hp_loss":0,"event_name":"Cursed Tome","floor":19,"gold_loss":0},{"cards_removed":["Rampage"],"damage_healed":0,"gold_gain":0,"player_choice":"Gave Card","damage_taken":0,"relics_obtained":["MawBank"],"max_hp_gain":0,"max_hp_loss":0,"event_name":"WeMeetAgain","floor":20,"gold_loss":0},{"damage_healed":0,"gold_gain":0,"player_choice":"Fought Bandits","damage_taken":0,"max_hp_gain":0,"max_hp_loss":0,"event_name":"Masked Bandits","floor":22,"gold_loss":0}],"is_beta":false,"boss_relics":[{"not_picked":["Pandora\u0027s Box","Coffee Dripper"],"picked":"SlaversCollar"}],"items_purged_floors":[],"is_endless":false,"potions_floor_spawned":[5,8,10,12,16,18],"killed_by":"Masked Bandits","ascension_level":20}