{"gold_per_floor":[366,366,291,291,301,326,326,341,341,360,360],"floor_reached":11,"playtime":323,"items_purged":[],"score":146,"play_id":"86b7eff2-5d44-4840-9208-51f417adfd29","local_time":"20220306125320","is_ascension_mode":true,"campfire_choices":[{"floor":7,"key":"REST"}],"neow_cost":"CURSE","seed_source_timestamp":31171136602600,"circlet_count":0,"master_deck":["AscendersBane","Strike_R","Strike_R","Strike_R+1","Strike_R","Strike_R","Defend_R","Defend_R","Defend_R+1","Defend_R","Bash","Searing Blow","Armaments"],"relics":["Burning Blood","Singing Bowl","TungstenRod","FossilizedHelix"],"potions_floor_usage":[6,11],"damage_taken":[{"damage":10,"enemies":"Small Slimes","floor":1,"turns":6},{"damage":7,"enemies":"Jaw Worm","floor":5,"turns":4},{"damage":37,"enemies":"Lagavulin","floor":6,"turns":8},{"damage":0,"enemies":"2 Louse","floor":8,"turns":2},{"damage":0,"enemies":"Blue Slaver","floor":10,"turns":4},{"damage":50,"enemies":"3 Sentries","floor":11,"turns":8}],"seed_played":"-1483592611778369653","potions_obtained":[{"floor":1,"key":"SpeedPotion"},{"floor":5,"key":"Fire Potion"},{"floor":8,"key":"DistilledChaos"}],"is_trial":false,"path_per_floor":["M","?","?","T","M","E","R","M","T","M","E"],"character_chosen":"IRONCLAD","items_purchased":[],"campfire_rested":1,"item_purchase_floors":[],"current_hp_per_floor":[64,41,41,41,40,11,34,42,42,50,0],"gold":360,"neow_bonus":"TWO_FIFTY_GOLD","is_prod":false,"is_daily":false,"chose_seed":false,"campfire_upgraded":0,"win_rate":0,"timestamp":1646567600,"path_taken":["M","?","?","?","M","E","R","M","T","M","E"],"build_version":"2022-02-27","purchased_purges":0,"victory":false,"max_hp_per_floor":[75,75,75,75,75,77,77,79,79,81,81],"card_choices":[{"not_picked":["Bloodletting","Shrug It Off"],"picked":"Searing Blow","floor":1},{"not_picked":["Whirlwind","Clothesline"],"picked":"Armaments","floor":5},{"not_picked":["True Grit","Dual Wield","Flex"],"picked":"Singing Bowl","floor":6},{"not_picked":["Infernal Blade","Heavy Blade","Armaments"],"picked":"Singing Bowl","floor":8},{"not_picked":["Perfected Strike","Anger","Rage"],"picked":"Singing Bowl","floor":10}],"player_experience":1806507,"relics_obtained":[{"floor":4,"key":"Singing Bowl"},{"floor":6,"key":"TungstenRod"},{"floor":9,"key":"FossilizedHelix"}],"event_choices":[{"damage_healed":0,"gold_gain":0,"player_choice":"Entered Light","damage_taken":23,"max_hp_gain":0,"max_hp_loss":0,"event_name":"Shining Light","floor":2,"gold_loss":0,"cards_upgraded":["Defend_R","Strike_R"]},{"cards_removed":["Normality"],"damage_healed":0,"gold_gain":0,"player_choice":"Card Removal","damage_taken":0,"max_hp_gain":0,"max_hp_loss":0,"event_name":"The Cleric","floor":3,"gold_loss":75}],"is_beta":false,"boss_relics":[],"items_purged_floors":[],"is_endless":false,"potions_floor_spawned":[1,5,8],"killed_by":"3 Sentries","ascension_level":20}