{"gold_per_floor":[57,91,241,241,300,225,283,35,35,35,35,88,122,203,203,203],"floor_reached":16,"playtime":448,"items_purged":["Strike_R"],"score":220,"play_id":"774800a0-b726-4e87-9a38-2bdb31c17700","local_time":"20220310215728","is_ascension_mode":true,"campfire_choices":[{"floor":10,"key":"REST"},{"data":"HandOfGreed","floor":15,"key":"SMITH"}],"neow_cost":"NO_GOLD","seed_source_timestamp":257402072485800,"circlet_count":0,"master_deck":["AscendersBane","Strike_R","Strike_R","Strike_R","Strike_R","Defend_R","Defend_R","Defend_R","Defend_R","Bash","HandOfGreed+1","Rage","Metallicize","Shrug It Off","Parasite","Dropkick"],"relics":["Burning Blood","Golden Idol","Bottled Tornado","HandDrill","Singing Bowl","PreservedInsect"],"potions_floor_usage":[7,12],"damage_taken":[{"damage":2,"enemies":"2 Louse","floor":1,"turns":3},{"damage":3,"enemies":"Jaw Worm","floor":2,"turns":4},{"damage":6,"enemies":"Small Slimes","floor":5,"turns":4},{"damage":26,"enemies":"Lagavulin","floor":7,"turns":8},{"damage":48,"enemies":"Gremlin Nob","floor":12,"turns":6},{"damage":5,"enemies":"Blue Slaver","floor":13,"turns":5},{"damage":18,"enemies":"Lots of Slimes","floor":14,"turns":7},{"damage":25,"enemies":"Hexaghost","floor":16,"turns":9}],"seed_played":"-5366526436442938929","potions_obtained":[{"floor":2,"key":"Block Potion"},{"floor":7,"key":"ColorlessPotion"}],"is_trial":false,"path_per_floor":["M","M","?","?","M","?","E","$","T","R","?","E","M","M","R","B"],"character_chosen":"IRONCLAD","items_purchased":["HandDrill"],"campfire_rested":1,"item_purchase_floors":[8],"current_hp_per_floor":[72,75,75,49,49,49,29,29,29,51,69,27,30,20,20,0],"gold":203,"neow_bonus":"RANDOM_COLORLESS_2","is_prod":false,"is_daily":false,"chose_seed":false,"campfire_upgraded":1,"win_rate":0,"timestamp":1646945848,"path_taken":["M","M","?","?","M","?","E","$","T","R","?","E","M","M","R","BOSS"],"build_version":"2022-03-07","purchased_purges":1,"victory":false,"max_hp_per_floor":[75,75,75,75,75,75,75,75,75,75,75,75,77,79,79,79],"card_choices":[{"not_picked":["Metamorphosis","Master of Strategy"],"picked":"HandOfGreed","floor":0},{"not_picked":["Anger","Cleave"],"picked":"Rage","floor":1},{"not_picked":["Pommel Strike","Wild Strike"],"picked":"Metallicize","floor":2},{"not_picked":["Cleave","Heavy Blade"],"picked":"Shrug It Off","floor":5},{"not_picked":["Warcry","Immolate","Havoc"],"picked":"SKIP","floor":7},{"not_picked":["Battle Trance","Hemokinesis"],"picked":"Dropkick","floor":12},{"not_picked":["Shrug It Off","Heavy Blade","Clash"],"picked":"Singing Bowl","floor":13},{"not_picked":["Wild Strike","Heavy Blade","Sword Boomerang"],"picked":"Singing Bowl","floor":14}],"player_experience":1812556,"relics_obtained":[{"floor":7,"key":"Bottled Tornado"},{"floor":9,"key":"Singing Bowl"},{"floor":12,"key":"PreservedInsect"}],"event_choices":[{"damage_healed":0,"gold_gain":150,"player_choice":"AGREE","damage_taken":0,"max_hp_gain":0,"max_hp_loss":0,"event_name":"Liars Game","floor":3,"gold_loss":0,"cards_obtained":["Doubt"]},{"damage_healed":0,"gold_gain":0,"player_choice":"Take Damage","damage_taken":26,"relics_obtained":["Golden Idol"],"max_hp_gain":0,"max_hp_loss":0,"event_name":"Golden Idol","floor":4,"gold_loss":0},{"cards_removed":["Doubt"],"damage_healed":0,"gold_gain":0,"player_choice":"Card Removal","damage_taken":0,"max_hp_gain":0,"max_hp_loss":0,"event_name":"The Cleric","floor":6,"gold_loss":75},{"damage_healed":18,"gold_gain":0,"player_choice":"Healed and dodged fight","damage_taken":0,"max_hp_gain":0,"max_hp_loss":0,"event_name":"Mushrooms","floor":11,"gold_loss":0,"cards_obtained":["Parasite"]}],"is_beta":false,"boss_relics":[],"items_purged_floors":[8],"is_endless":false,"potions_floor_spawned":[2,7],"killed_by":"Hexaghost","ascension_level":20}