{"gold_per_floor":[113,58,58,58,73,104,122,122,122,152,152,167,167,92,92,92],"floor_reached":16,"playtime":287,"items_purged":["Parasite"],"score":266,"play_id":"043aad54-7151-47af-986b-a474b628d8e5","local_time":"20220306152753","is_ascension_mode":true,"campfire_choices":[{"floor":8,"key":"DIG"},{"floor":13,"key":"DIG"},{"floor":15,"key":"DIG"}],"neow_cost":"NONE","seed_source_timestamp":40479271631500,"circlet_count":0,"master_deck":["AscendersBane","Strike_R","Strike_R","Strike_R","Defend_R","Defend_R","Defend_R","Defend_R","Bash","Body Slam","Cleave","Double Tap","Ghostly Armor","Spot Weakness"],"relics":["Burning Blood","NeowsBlessing","Shovel","Vajra","Matryoshka","Nunchaku","Ornamental Fan","Tiny Chest"],"potions_floor_usage":[7,16],"damage_taken":[{"damage":0,"enemies":"2 Louse","floor":1,"turns":1},{"damage":0,"enemies":"Jaw Worm","floor":5,"turns":1},{"damage":0,"enemies":"Lagavulin","floor":6,"turns":1},{"damage":6,"enemies":"Cultist","floor":7,"turns":3},{"damage":40,"enemies":"3 Sentries","floor":10,"turns":9},{"damage":16,"enemies":"Exordium Wildlife","floor":12,"turns":4},{"damage":49,"enemies":"Hexaghost","floor":16,"turns":9}],"seed_played":"7372469740882151417","potions_obtained":[{"floor":1,"key":"DuplicationPotion"},{"floor":7,"key":"LiquidBronze"},{"floor":12,"key":"SteroidPotion"}],"is_trial":false,"path_per_floor":["M","$","?","?","M","E","M","R","T","E","?","M","R","$","R","B"],"character_chosen":"IRONCLAD","items_purchased":["Cleave"],"campfire_rested":0,"item_purchase_floors":[2],"current_hp_per_floor":[74,74,67,67,73,75,75,75,75,41,59,49,49,49,49,0],"gold":92,"neow_bonus":"THREE_ENEMY_KILL","is_prod":false,"is_daily":false,"chose_seed":false,"campfire_upgraded":0,"win_rate":0,"timestamp":1646576873,"path_taken":["M","$","?","?","M","E","M","R","T","E","?","M","R","$","R","BOSS"],"build_version":"2022-02-27","purchased_purges":1,"victory":false,"max_hp_per_floor":[75,75,75,75,75,75,75,75,75,75,75,75,75,72,72,72],"card_choices":[{"not_picked":["Battle Trance","Armaments"],"picked":"Body Slam","floor":1},{"not_picked":["Twin Strike","Headbutt","Warcry"],"picked":"SKIP","floor":5},{"not_picked":["Anger","Seeing Red"],"picked":"Double Tap","floor":6},{"not_picked":["Headbutt","Intimidate"],"picked":"Ghostly Armor","floor":7},{"not_picked":["Pommel Strike","Sentinel","Whirlwind"],"picked":"SKIP","floor":10},{"not_picked":["Anger","Headbutt"],"picked":"Spot Weakness","floor":12}],"player_experience":1807442,"relics_obtained":[{"floor":6,"key":"Shovel"},{"floor":8,"key":"Vajra"},{"floor":9,"key":"Matryoshka"},{"floor":10,"key":"Nunchaku"},{"floor":13,"key":"Ornamental Fan"},{"floor":15,"key":"Tiny Chest"}],"event_choices":[{"cards_removed":["Strike_R"],"damage_healed":0,"gold_gain":0,"player_choice":"Card Removal","damage_taken":7,"max_hp_gain":0,"max_hp_loss":0,"event_name":"Golden Wing","floor":3,"gold_loss":0},{"cards_removed":["Strike_R"],"damage_healed":0,"gold_gain":0,"player_choice":"Forget","damage_taken":0,"max_hp_gain":0,"max_hp_loss":0,"event_name":"Living Wall","floor":4,"gold_loss":0},{"damage_healed":18,"gold_gain":0,"player_choice":"Healed and dodged fight","damage_taken":0,"max_hp_gain":0,"max_hp_loss":0,"event_name":"Mushrooms","floor":11,"gold_loss":0,"cards_obtained":["Parasite"]}],"is_beta":false,"boss_relics":[],"items_purged_floors":[14],"is_endless":false,"potions_floor_spawned":[1,7,12],"killed_by":"Hexaghost","ascension_level":20}