{"gold_per_floor":[111,127,127,127,139,166,186,186,186,197,347,381,381,412,412,490,490,501,416,429,429,441,441,469,469,539,539,539,121,133,7,7,7],"floor_reached":33,"playtime":993,"items_purged":["Doubt"],"score":616,"play_id":"7f76b1c9-8807-4bcc-bc4d-1316fdcc8fb5","local_time":"20220228190229","is_ascension_mode":true,"campfire_choices":[{"floor":13,"key":"REST"},{"data":"Inflame","floor":15,"key":"SMITH"},{"floor":23,"key":"REST"},{"floor":25,"key":"REST"},{"data":"Sword Boomerang","floor":32,"key":"SMITH"}],"neow_cost":"NONE","seed_source_timestamp":282219565762300,"circlet_count":0,"master_deck":["AscendersBane","Strike_R","Strike_R+1","Strike_R+1","Strike_R","Strike_R","Defend_R","Defend_R","Defend_R+1","Defend_R","Bash","Whirlwind+1","Dropkick","Battle Trance","Fire Breathing","Inflame+1","Limit Break+1","CurseOfTheBell","Sword Boomerang+1","Writhe"],"relics":["Burning Blood","NeowsBlessing","Lantern","Kunai","Bird Faced Urn","Bag of Preparation","Calling Bell","MealTicket","Mummified Hand","Calipers","Magic Flower","PreservedInsect","Singing Bowl","The Courier","Shuriken","Sling","War Paint"],"potions_floor_usage":[7,7,14,16,22,22,24,33],"damage_taken":[{"damage":0,"enemies":"Cultist","floor":1,"turns":1},{"damage":0,"enemies":"Small Slimes","floor":2,"turns":1},{"damage":0,"enemies":"2 Louse","floor":5,"turns":1},{"damage":30,"enemies":"3 Sentries","floor":6,"turns":6},{"damage":13,"enemies":"Large Slime","floor":7,"turns":4},{"damage":0,"enemies":"2 Fungi Beasts","floor":10,"turns":1},{"damage":28,"enemies":"Lagavulin","floor":12,"turns":7},{"damage":0,"enemies":"3 Sentries","floor":14,"turns":2},{"damage":38,"enemies":"The Guardian","floor":16,"turns":16},{"damage":18,"enemies":"Chosen","floor":18,"turns":5},{"damage":27,"enemies":"Spheric Guardian","floor":20,"turns":4},{"damage":34,"enemies":"Shelled Parasite and Fungi","floor":22,"turns":4},{"damage":33,"enemies":"Gremlin Leader","floor":24,"turns":7},{"damage":28,"enemies":"3 Cultists","floor":30,"turns":4},{"damage":142,"enemies":"Collector","floor":33,"turns":8}],"seed_played":"359200340618972469","potions_obtained":[{"floor":1,"key":"SkillPotion"},{"floor":2,"key":"AttackPotion"},{"floor":10,"key":"Explosive Potion"},{"floor":12,"key":"SpeedPotion"},{"floor":14,"key":"Energy Potion"},{"floor":20,"key":"SneckoOil"},{"floor":22,"key":"Swift Potion"},{"floor":30,"key":"BloodPotion"}],"is_trial":false,"path_per_floor":["M","M","?","?","M","E","M","?","T","M","?","E","R","E","R","B",null,"M","?","M","?","M","R","E","R","T","?","?","$","M","$","R","B"],"character_chosen":"IRONCLAD","items_purchased":["Shuriken","Sling","War Paint"],"campfire_rested":3,"item_purchase_floors":[29,29,31],"current_hp_per_floor":[74,75,52,52,58,34,27,27,27,33,33,11,33,39,39,11,59,51,51,39,39,17,39,23,46,46,46,61,76,60,75,75,0],"gold":7,"neow_bonus":"THREE_ENEMY_KILL","is_prod":false,"is_daily":false,"chose_seed":false,"campfire_upgraded":2,"win_rate":0,"timestamp":1646071349,"path_taken":["M","M","?","?","?","E","M","?","T","M","?","E","R","E","R","BOSS","M","?","M","?","M","R","E","R","T","?","?","$","M","$","R","BOSS"],"build_version":"2022-02-27","purchased_purges":1,"victory":false,"max_hp_per_floor":[75,75,75,75,75,75,75,75,75,75,75,75,75,75,75,75,75,75,75,75,75,75,75,77,77,77,77,77,77,79,79,79,79],"card_choices":[{"not_picked":["Hemokinesis","Rage"],"picked":"Whirlwind","floor":1},{"not_picked":["Rampage","Armaments"],"picked":"Dropkick","floor":2},{"not_picked":["Body Slam","Second Wind","Warcry"],"picked":"SKIP","floor":5},{"not_picked":["Clash","Brutality","Body Slam"],"picked":"SKIP","floor":6},{"not_picked":["Havoc","Body Slam"],"picked":"Battle Trance","floor":7},{"not_picked":["Headbutt","Pommel Strike","Power Through"],"picked":"SKIP","floor":10},{"not_picked":["Cleave","Twin Strike"],"picked":"Fire Breathing","floor":12},{"not_picked":["Searing Blow","Whirlwind"],"picked":"Inflame","floor":14},{"not_picked":["Impervious","Immolate"],"picked":"Limit Break","floor":16},{"not_picked":["Flex","Pommel Strike","Body Slam"],"picked":"SKIP","floor":18},{"not_picked":["Iron Wave","Dual Wield"],"picked":"Sword Boomerang","floor":20},{"not_picked":["Iron Wave","Carnage","Havoc"],"picked":"SKIP","floor":22},{"not_picked":["Searing Blow","Warcry+1","Twin Strike"],"picked":"Singing Bowl","floor":24},{"not_picked":["Twin Strike","Shockwave","Sword Boomerang"],"picked":"Singing Bowl","floor":30}],"player_experience":1795785,"relics_obtained":[{"floor":6,"key":"Lantern"},{"floor":9,"key":"Kunai"},{"floor":12,"key":"Bird Faced Urn"},{"floor":14,"key":"Bag of Preparation"},{"floor":17,"key":"MealTicket"},{"floor":17,"key":"Mummified Hand"},{"floor":17,"key":"Calipers"},{"floor":24,"key":"Singing Bowl"},{"floor":26,"key":"The Courier"}],"event_choices":[{"damage_healed":0,"gold_gain":0,"player_choice":"Entered Light","damage_taken":23,"max_hp_gain":0,"max_hp_loss":0,"event_name":"Shining Light","floor":3,"gold_loss":0,"cards_upgraded":["Strike_R","Strike_R"]},{"damage_healed":0,"gold_gain":0,"player_choice":"Upgraded","damage_taken":0,"max_hp_gain":0,"max_hp_loss":0,"event_name":"Upgrade Shrine","floor":4,"gold_loss":0,"cards_upgraded":["Whirlwind"]},{"damage_healed":0,"gold_gain":0,"player_choice":"Searched \u00271\u0027 times","damage_taken":0,"max_hp_gain":0,"max_hp_loss":0,"event_name":"Dead Adventurer","floor":8,"gold_loss":0},{"damage_healed":0,"gold_gain":150,"player_choice":"AGREE","damage_taken":0,"max_hp_gain":0,"max_hp_loss":0,"event_name":"Liars Game","floor":11,"gold_loss":0,"cards_obtained":["Doubt"]},{"damage_healed":0,"gold_gain":0,"player_choice":"Obtained Relic","damage_taken":0,"relics_obtained":["Magic Flower"],"max_hp_gain":0,"max_hp_loss":0,"event_name":"Addict","floor":19,"gold_loss":85},{"damage_healed":0,"gold_gain":0,"player_choice":"Opened","damage_taken":0,"relics_obtained":["PreservedInsect"],"max_hp_gain":0,"max_hp_loss":0,"event_name":"The Mausoleum","floor":21,"gold_loss":0,"cards_obtained":["Writhe"]},{"damage_healed":0,"gold_gain":0,"player_choice":"Ignored","damage_taken":0,"max_hp_gain":0,"max_hp_loss":0,"event_name":"Ghosts","floor":27,"gold_loss":0},{"damage_healed":15,"gold_gain":0,"player_choice":"Heal","damage_taken":0,"max_hp_gain":0,"max_hp_loss":0,"event_name":"The Library","floor":28,"gold_loss":0}],"is_beta":false,"boss_relics":[{"not_picked":["SacredBark","Fusion Hammer"],"picked":"Calling Bell"}],"items_purged_floors":[29],"is_endless":false,"potions_floor_spawned":[1,2,10,12,14,20,22,30],"killed_by":"Collector","ascension_level":20}