{"gold_per_floor":[119,139,139,153,170,170,199,214,263,275,301,301,376,388,388,388],"floor_reached":16,"playtime":517,"items_purged":[],"score":228,"play_id":"678ed998-b493-41a8-9fdb-acbf2ba392b9","local_time":"20220228191626","is_ascension_mode":true,"campfire_choices":[{"data":"Reaper","floor":6,"key":"SMITH"},{"data":"Searing Blow","floor":12,"key":"SMITH"},{"data":"Searing Blow+1","floor":15,"key":"SMITH"}],"neow_cost":"NONE","seed_source_timestamp":283532804021100,"circlet_count":0,"master_deck":["AscendersBane","Strike_R","Strike_R","Strike_R","Strike_R","Strike_R","Defend_R","Defend_R","Defend_R","Defend_R","Bash","Wild Strike","Cleave","Battle Trance","Reaper+1","Searing Blow+2"],"relics":["Burning Blood","NeowsBlessing","Mummified Hand","Oddly Smooth Stone","Bottled Lightning"],"potions_floor_usage":[7,16,16],"damage_taken":[{"damage":0,"enemies":"2 Louse","floor":1,"turns":1},{"damage":0,"enemies":"Cultist","floor":2,"turns":1},{"damage":0,"enemies":"Small Slimes","floor":4,"turns":1},{"damage":16,"enemies":"Blue Slaver","floor":5,"turns":5},{"damage":35,"enemies":"3 Sentries","floor":7,"turns":6},{"damage":7,"enemies":"Looter","floor":8,"turns":4},{"damage":3,"enemies":"2 Fungi Beasts","floor":10,"turns":4},{"damage":40,"enemies":"Lagavulin","floor":11,"turns":7},{"damage":4,"enemies":"Blue Slaver","floor":14,"turns":4},{"damage":64,"enemies":"The Guardian","floor":16,"turns":12}],"seed_played":"6545925224379924791","potions_obtained":[{"floor":1,"key":"CultistPotion"},{"floor":3,"key":"Block Potion"},{"floor":7,"key":"GamblersBrew"}],"is_trial":false,"path_per_floor":["M","M","?","M","M","R","E","M","T","M","E","R","?","M","R","B"],"character_chosen":"IRONCLAD","items_purchased":[],"campfire_rested":0,"item_purchase_floors":[],"current_hp_per_floor":[74,75,75,75,65,65,54,58,58,66,39,39,28,30,30,0],"gold":388,"neow_bonus":"THREE_ENEMY_KILL","is_prod":false,"is_daily":false,"chose_seed":false,"campfire_upgraded":3,"win_rate":0,"timestamp":1646072186,"path_taken":["M","M","?","?","?","R","E","M","T","M","E","R","?","M","R","BOSS"],"build_version":"2022-02-27","purchased_purges":0,"victory":false,"max_hp_per_floor":[75,75,75,75,75,75,75,75,75,75,75,75,75,75,75,75],"card_choices":[{"not_picked":["Entrench","Sword Boomerang"],"picked":"Wild Strike","floor":1},{"not_picked":["Rage","Clothesline"],"picked":"Cleave","floor":2},{"not_picked":["Clothesline","Heavy Blade"],"picked":"Battle Trance","floor":4},{"not_picked":["Seeing Red","Headbutt"],"picked":"Reaper","floor":5},{"not_picked":["Uppercut","Second Wind","Sword Boomerang"],"picked":"SKIP","floor":7},{"not_picked":["Sword Boomerang","Cleave","Power Through"],"picked":"SKIP","floor":8},{"not_picked":["Pommel Strike","Exhume","Cleave"],"picked":"SKIP","floor":10},{"not_picked":["Iron Wave","Seeing Red"],"picked":"Searing Blow","floor":11},{"not_picked":["Reckless Charge","Power Through","Thunderclap"],"picked":"SKIP","floor":14}],"player_experience":1797075,"relics_obtained":[{"floor":7,"key":"Mummified Hand"},{"floor":9,"key":"Oddly Smooth Stone"},{"floor":11,"key":"Bottled Lightning"}],"event_choices":[{"damage_healed":0,"gold_gain":0,"player_choice":"Got Potions","damage_taken":0,"max_hp_gain":0,"max_hp_loss":0,"event_name":"Lab","floor":3,"gold_loss":0},{"damage_healed":0,"gold_gain":75,"player_choice":"Gather Gold","damage_taken":11,"max_hp_gain":0,"max_hp_loss":0,"event_name":"World of Goop","floor":13,"gold_loss":0}],"is_beta":false,"boss_relics":[],"items_purged_floors":[],"is_endless":false,"potions_floor_spawned":[1,4,7,10],"killed_by":"The Guardian","ascension_level":20}