{"gold_per_floor":[110,110,110,124,124,154,154,182,208,228,228,255,270,281,281,354,354,371,154,170,170,183,183,133,133,158,158,171,171,171,199,199,199],"floor_reached":33,"playtime":940,"items_purged":["Strike_R","Strike_R"],"score":616,"play_id":"ceb9a9ac-1d50-4882-8109-213ed8f2b07c","local_time":"20220305200747","is_ascension_mode":true,"campfire_choices":[{"data":"Cleave","floor":7,"key":"SMITH"},{"data":"Disarm","floor":15,"key":"SMITH"},{"floor":23,"key":"REST"},{"data":"Demon Form","floor":25,"key":"SMITH"},{"floor":30,"key":"REST"},{"floor":32,"key":"REST"}],"neow_cost":"NONE","seed_source_timestamp":32612080280200,"circlet_count":0,"master_deck":["AscendersBane","Strike_R+1","Defend_R","Defend_R","Defend_R","Defend_R","Bash","Disarm+1","Cleave+1","Immolate+1","Shrug It Off","Demon Form+1","Metallicize+1","Clash","Dual Wield","Writhe","Dodge and Roll","Trip"],"relics":["Burning Blood","NeowsBlessing","Smiling Mask","Centennial Puzzle","Potion Belt","Oddly Smooth Stone","Whetstone","Bronze Scales","Black Star","PrismaticShard","Anchor","Orichalcum","Letter Opener","Darkstone Periapt"],"potions_floor_usage":[8,16,28,31,33],"damage_taken":[{"damage":0,"enemies":"Jaw Worm","floor":1,"turns":1},{"damage":0,"enemies":"Cultist","floor":4,"turns":1},{"damage":0,"enemies":"Lagavulin","floor":6,"turns":1},{"damage":43,"enemies":"3 Sentries","floor":8,"turns":10},{"damage":0,"enemies":"Small Slimes","floor":10,"turns":2},{"damage":33,"enemies":"Lagavulin","floor":12,"turns":5},{"damage":0,"enemies":"Exordium Thugs","floor":13,"turns":3},{"damage":2,"enemies":"Looter","floor":14,"turns":2},{"damage":24,"enemies":"The Guardian","floor":16,"turns":13},{"damage":6,"enemies":"Chosen","floor":18,"turns":5},{"damage":19,"enemies":"Shell Parasite","floor":20,"turns":7},{"damage":40,"enemies":"Sentry and Sphere","floor":22,"turns":7},{"damage":30,"enemies":"Chosen and Byrds","floor":28,"turns":8},{"damage":29,"enemies":"Book of Stabbing","floor":31,"turns":6},{"damage":56,"enemies":"Automaton","floor":33,"turns":6}],"seed_played":"8531529621762214690","potions_obtained":[{"floor":1,"key":"Block Potion"},{"floor":4,"key":"SteroidPotion"},{"floor":10,"key":"DuplicationPotion"},{"floor":12,"key":"Block Potion"},{"floor":16,"key":"Regen Potion"},{"floor":18,"key":"Dexterity Potion"},{"floor":28,"key":"FearPotion"}],"is_trial":false,"path_per_floor":["M","?","T","M","?","E","R","E","T","M","?","E","M","M","R","B",null,"M","$","M","?","M","R","$","R","T","?","M","?","R","E","R","B"],"character_chosen":"IRONCLAD","items_purchased":["PrismaticShard"],"campfire_rested":3,"item_purchase_floors":[19],"current_hp_per_floor":[74,74,74,75,68,74,74,37,37,43,75,48,54,58,58,40,66,66,66,53,53,19,41,41,41,41,41,17,17,39,31,53,0],"gold":199,"neow_bonus":"THREE_ENEMY_KILL","is_prod":false,"is_daily":false,"chose_seed":false,"campfire_upgraded":3,"win_rate":0,"timestamp":1646507267,"path_taken":["M","?","?","?","?","E","R","E","T","M","?","E","M","M","R","BOSS","M","$","M","?","M","R","$","R","T","?","M","?","R","E","R","BOSS"],"build_version":"2022-02-27","purchased_purges":2,"victory":false,"max_hp_per_floor":[75,75,75,75,75,75,75,75,75,75,75,75,75,75,75,75,75,75,75,75,75,75,75,75,75,75,75,75,75,75,75,75,75],"card_choices":[{"not_picked":["Anger","Warcry"],"picked":"Disarm","floor":1},{"not_picked":["Second Wind","Anger"],"picked":"Cleave","floor":4},{"not_picked":["Iron Wave","Burning Pact","Twin Strike"],"picked":"SKIP","floor":6},{"not_picked":["Wild Strike","Sever Soul"],"picked":"Immolate","floor":8},{"not_picked":["Headbutt","Iron Wave"],"picked":"Shrug It Off","floor":10},{"not_picked":["Dual Wield","Twin Strike","Uppercut"],"picked":"SKIP","floor":12},{"not_picked":["Hemokinesis","Armaments","Iron Wave"],"picked":"SKIP","floor":13},{"not_picked":["Reckless Charge","Body Slam","Armaments"],"picked":"SKIP","floor":14},{"not_picked":["Barricade","Exhume"],"picked":"Demon Form","floor":16},{"not_picked":["Reckless Charge","Anger"],"picked":"Metallicize+1","floor":18},{"not_picked":["SashWhip","Compile Driver","Coolheaded"],"picked":"SKIP","floor":20},{"not_picked":["Static Discharge","Bane","ThirdEye"],"picked":"SKIP","floor":22},{"not_picked":["Blind","Blizzard+1"],"picked":"Dodge and Roll","floor":28},{"not_picked":["Deflect","Sucker Punch"],"picked":"Trip","floor":31}],"player_experience":1802842,"relics_obtained":[{"floor":3,"key":"Centennial Puzzle"},{"floor":6,"key":"Potion Belt"},{"floor":8,"key":"Oddly Smooth Stone"},{"floor":9,"key":"Whetstone"},{"floor":12,"key":"Bronze Scales"},{"floor":26,"key":"Anchor"},{"floor":31,"key":"Letter Opener"},{"floor":31,"key":"Darkstone Periapt"}],"event_choices":[{"damage_healed":0,"gold_gain":0,"player_choice":"Box","damage_taken":0,"relics_obtained":["Smiling Mask"],"max_hp_gain":0,"max_hp_loss":0,"event_name":"Big Fish","floor":2,"gold_loss":0,"cards_obtained":["Regret"]},{"cards_removed":["Regret"],"damage_healed":0,"gold_gain":0,"player_choice":"Card Removal","damage_taken":7,"max_hp_gain":0,"max_hp_loss":0,"event_name":"Golden Wing","floor":5,"gold_loss":0},{"damage_healed":32,"gold_gain":0,"player_choice":"Full Heal","damage_taken":0,"max_hp_gain":0,"max_hp_loss":0,"event_name":"Wheel of Change","floor":11,"gold_loss":0},{"damage_healed":0,"gold_gain":0,"cards_transformed":["Strike_R","Strike_R"],"player_choice":"Became Test Subject","damage_taken":0,"max_hp_gain":0,"max_hp_loss":0,"event_name":"Drug Dealer","floor":21,"gold_loss":0,"cards_obtained":["Clash","Dual Wield"]},{"damage_healed":0,"gold_gain":0,"player_choice":"Opened","damage_taken":0,"relics_obtained":["Orichalcum"],"max_hp_gain":0,"max_hp_loss":0,"event_name":"The Mausoleum","floor":27,"gold_loss":0,"cards_obtained":["Writhe"]},{"damage_healed":0,"gold_gain":0,"player_choice":"Ignored","damage_taken":0,"max_hp_gain":0,"max_hp_loss":0,"event_name":"Vampires","floor":29,"gold_loss":0}],"is_beta":false,"boss_relics":[{"not_picked":["Runic Cube","Pandora\u0027s Box"],"picked":"Black Star"}],"items_purged_floors":[19,24],"is_endless":false,"potions_floor_spawned":[1,4,10,12,16,18,28],"killed_by":"Automaton","ascension_level":20}