{"gold_per_floor":[112,68,68,343,357,395,395,470,470,620,664,682,717,717],"floor_reached":14,"playtime":239,"items_purged":[],"score":262,"play_id":"cca56e12-8127-43e2-b0bf-d3dd96ed3a05","local_time":"20220304163525","is_ascension_mode":true,"campfire_choices":[{"data":"Evolve","floor":7,"key":"SMITH"}],"neow_cost":"NONE","seed_source_timestamp":619751662395400,"circlet_count":0,"master_deck":["AscendersBane","Strike_R","Strike_R","Strike_R","Strike_R","Strike_R","Defend_R","Defend_R","Defend_R","Defend_R","Bash","Wild Strike","Evolve+1","Injury","Regret","Disarm","Fire Breathing","Doubt"],"relics":["Burning Blood","NeowsBlessing","Golden Idol","Turnip","Eternal Feather","Letter Opener","WingedGreaves"],"potions_floor_usage":[12,13],"damage_taken":[{"damage":0,"enemies":"Small Slimes","floor":1,"turns":1},{"damage":0,"enemies":"Cultist","floor":5,"turns":1},{"damage":0,"enemies":"Gremlin Nob","floor":6,"turns":1},{"damage":33,"enemies":"3 Sentries","floor":11,"turns":5},{"damage":3,"enemies":"Jaw Worm","floor":12,"turns":3},{"damage":28,"enemies":"Lagavulin","floor":13,"turns":6},{"damage":29,"enemies":"Red Slaver","floor":14,"turns":3}],"seed_played":"1593379574319207441","potions_obtained":[{"floor":5,"key":"Block Potion"},{"floor":12,"key":"Weak Potion"},{"floor":13,"key":"Explosive Potion"}],"is_trial":false,"path_per_floor":["M","$","?","?","M","E","R","?","T","?","E","M","E","M"],"character_chosen":"IRONCLAD","items_purchased":["Evolve"],"campfire_rested":0,"item_purchase_floors":[2],"current_hp_per_floor":[74,74,74,74,75,75,75,64,64,64,37,40,18,0],"gold":717,"neow_bonus":"THREE_ENEMY_KILL","is_prod":false,"is_daily":false,"chose_seed":false,"campfire_upgraded":1,"win_rate":0,"timestamp":1646408125,"path_taken":["M","$","?","?","?","E","R","?","T","?","E","M","E","?"],"build_version":"2022-02-27","purchased_purges":0,"victory":false,"max_hp_per_floor":[75,75,75,75,75,75,75,75,75,75,75,75,75,75],"card_choices":[{"not_picked":["Iron Wave","Warcry"],"picked":"Wild Strike","floor":1},{"not_picked":["Cleave","Shockwave"],"picked":"Disarm","floor":5},{"not_picked":["Disarm","Dark Embrace"],"picked":"Fire Breathing","floor":6},{"not_picked":["Flame Barrier","Flex","Armaments"],"picked":"SKIP","floor":11},{"not_picked":["Clash","Whirlwind","Uppercut"],"picked":"SKIP","floor":12},{"not_picked":["Armaments","Limit Break","Perfected Strike"],"picked":"SKIP","floor":13}],"player_experience":1801695,"relics_obtained":[{"floor":6,"key":"Turnip"},{"floor":9,"key":"Eternal Feather"},{"floor":11,"key":"Letter Opener"},{"floor":13,"key":"WingedGreaves"}],"event_choices":[{"damage_healed":0,"gold_gain":0,"player_choice":"Take Wound","damage_taken":0,"relics_obtained":["Golden Idol"],"max_hp_gain":0,"max_hp_loss":0,"event_name":"Golden Idol","floor":3,"gold_loss":0,"cards_obtained":["Injury"]},{"damage_healed":0,"gold_gain":275,"player_choice":"Desecrate","damage_taken":0,"max_hp_gain":0,"max_hp_loss":0,"event_name":"Golden Shrine","floor":4,"gold_loss":0,"cards_obtained":["Regret"]},{"damage_healed":0,"gold_gain":75,"player_choice":"Gather Gold","damage_taken":11,"max_hp_gain":0,"max_hp_loss":0,"event_name":"World of Goop","floor":8,"gold_loss":0},{"damage_healed":0,"gold_gain":150,"player_choice":"AGREE","damage_taken":0,"max_hp_gain":0,"max_hp_loss":0,"event_name":"Liars Game","floor":10,"gold_loss":0,"cards_obtained":["Doubt"]}],"is_beta":false,"boss_relics":[],"items_purged_floors":[],"is_endless":false,"potions_floor_spawned":[5,12,13],"killed_by":"Red Slaver","ascension_level":20}