{"gold_per_floor":[124,15,38,64,88,133,165,211,223,268,280,308,352,364,376,388],"floor_reached":16,"playtime":490,"items_purged":[],"score":264,"play_id":"1483ea85-7600-4852-938a-198e5766e282","local_time":"20220305203350","is_ascension_mode":true,"campfire_choices":[{"floor":11,"key":"REST"},{"data":"Shrug It Off","floor":15,"key":"SMITH"}],"neow_cost":"NONE","seed_source_timestamp":34624673796000,"circlet_count":0,"master_deck":["AscendersBane","Strike_R","Strike_R","Strike_R","Strike_R","Strike_R","Defend_R","Defend_R","Defend_R","Defend_R","Bash","Thunderclap","Cleave","Shrug It Off+1","Dropkick","Armaments+1","Disarm+1","Parasite"],"relics":["Burning Blood","MawBank","Akabeko","Bag of Marbles","Shuriken","Toxic Egg 2","Blue Candle","Gremlin Horn"],"potions_floor_usage":[6,10,13,13,13,13],"damage_taken":[{"damage":10,"enemies":"Small Slimes","floor":1,"turns":3},{"damage":2,"enemies":"Cultist","floor":3,"turns":4},{"damage":0,"enemies":"Jaw Worm","floor":4,"turns":3},{"damage":8,"enemies":"Blue Slaver","floor":5,"turns":4},{"damage":37,"enemies":"Gremlin Nob","floor":6,"turns":4},{"damage":15,"enemies":"Exordium Wildlife","floor":7,"turns":5},{"damage":20,"enemies":"3 Sentries","floor":8,"turns":7},{"damage":8,"enemies":"Gremlin Nob","floor":10,"turns":3},{"damage":1,"enemies":"2 Fungi Beasts","floor":12,"turns":3},{"damage":4,"enemies":"Lagavulin","floor":13,"turns":5},{"damage":64,"enemies":"Slime Boss","floor":16,"turns":11}],"seed_played":"-8906540669606700791","potions_obtained":[{"floor":4,"key":"LiquidBronze"},{"floor":5,"key":"Swift Potion"},{"floor":8,"key":"GamblersBrew"},{"floor":10,"key":"EntropicBrew"}],"is_trial":false,"path_per_floor":["M","?","M","M","M","E","M","E","T","E","R","M","E","?","R","B"],"character_chosen":"IRONCLAD","items_purchased":[],"campfire_rested":1,"item_purchase_floors":[],"current_hp_per_floor":[64,64,68,74,72,41,32,18,18,16,38,43,45,63,63,0],"gold":388,"neow_bonus":"RANDOM_COMMON_RELIC","is_prod":false,"is_daily":false,"chose_seed":false,"campfire_upgraded":1,"win_rate":0,"timestamp":1646508830,"path_taken":["M","?","?","M","M","E","M","E","T","E","R","M","E","?","R","BOSS"],"build_version":"2022-02-27","purchased_purges":0,"victory":false,"max_hp_per_floor":[75,75,75,75,75,75,75,75,75,75,75,75,75,75,75,75],"card_choices":[{"not_picked":["Wild Strike","Hemokinesis"],"picked":"Thunderclap","floor":1},{"not_picked":["Body Slam","Sword Boomerang"],"picked":"Cleave","floor":3},{"not_picked":["Power Through","Clothesline"],"picked":"Shrug It Off","floor":4},{"not_picked":["Pommel Strike","Dual Wield"],"picked":"Dropkick","floor":5},{"not_picked":["Feel No Pain","Heavy Blade","Clothesline"],"picked":"SKIP","floor":6},{"not_picked":["Perfected Strike","Disarm","Power Through"],"picked":"SKIP","floor":7},{"not_picked":["Limit Break","Exhume","Metallicize"],"picked":"SKIP","floor":8},{"not_picked":["Pommel Strike","Twin Strike","Metallicize"],"picked":"SKIP","floor":10},{"not_picked":["Iron Wave","Thunderclap"],"picked":"Armaments+1","floor":12},{"not_picked":["Sword Boomerang","Sentinel+1"],"picked":"Disarm+1","floor":13}],"player_experience":1804816,"relics_obtained":[{"floor":6,"key":"Bag of Marbles"},{"floor":8,"key":"Shuriken"},{"floor":9,"key":"Toxic Egg 2"},{"floor":10,"key":"Blue Candle"},{"floor":13,"key":"Gremlin Horn"}],"event_choices":[{"damage_healed":0,"gold_gain":0,"player_choice":"Paid Gold","damage_taken":0,"relics_obtained":["Akabeko"],"max_hp_gain":0,"max_hp_loss":0,"event_name":"WeMeetAgain","floor":2,"gold_loss":121},{"damage_healed":18,"gold_gain":0,"player_choice":"Healed and dodged fight","damage_taken":0,"max_hp_gain":0,"max_hp_loss":0,"event_name":"Mushrooms","floor":14,"gold_loss":0,"cards_obtained":["Parasite"]}],"is_beta":false,"boss_relics":[],"items_purged_floors":[],"is_endless":false,"potions_floor_spawned":[4,5,8,10,12],"killed_by":"Slime Boss","ascension_level":20}