{"gold_per_floor":[117,392,150,170,70,99,99,132,132,132,132,152,177,189,189,189],"floor_reached":16,"playtime":345,"items_purged":["Pain","Regret"],"score":236,"play_id":"2f7e37eb-4429-4aaa-8be7-caef692b4baa","local_time":"20220308000213","is_ascension_mode":true,"campfire_choices":[{"floor":7,"key":"REST"},{"data":"Searing Blow","floor":10,"key":"SMITH"},{"data":"Searing Blow+1","floor":15,"key":"SMITH"}],"neow_cost":"CURSE","seed_source_timestamp":5788291064800,"circlet_count":0,"master_deck":["AscendersBane","Strike_R","Strike_R","Strike_R","Strike_R","Strike_R","Defend_R","Defend_R","Defend_R","Defend_R","Bash","Cleave","Double Tap","Searing Blow+2"],"relics":["Burning Blood","Sling","Self Forming Clay","Oddly Smooth Stone","Meat on the Bone","Art of War"],"potions_floor_usage":[13,16],"damage_taken":[{"damage":12,"enemies":"2 Louse","floor":1,"turns":4},{"damage":9,"enemies":"Cultist","floor":4,"turns":4},{"damage":56,"enemies":"Gremlin Nob","floor":6,"turns":5},{"damage":22,"enemies":"3 Sentries","floor":8,"turns":7},{"damage":6,"enemies":"Jaw Worm","floor":12,"turns":3},{"damage":31,"enemies":"Lagavulin","floor":13,"turns":5},{"damage":16,"enemies":"Exordium Thugs","floor":14,"turns":5},{"damage":36,"enemies":"Slime Boss","floor":16,"turns":5}],"seed_played":"2075379962335428252","potions_obtained":[{"floor":1,"key":"Dexterity Potion"},{"floor":8,"key":"Energy Potion"},{"floor":13,"key":"Explosive Potion"}],"is_trial":false,"path_per_floor":["M","?","$","M","$","E","R","E","T","R","$","M","E","M","R","B"],"character_chosen":"IRONCLAD","items_purchased":["Sling"],"campfire_rested":1,"item_purchase_floors":[3],"current_hp_per_floor":[76,76,76,73,73,23,49,33,33,33,33,45,32,34,34,0],"gold":189,"neow_bonus":"TWENTY_PERCENT_HP_BONUS","is_prod":false,"is_daily":false,"chose_seed":false,"campfire_upgraded":2,"win_rate":0,"timestamp":1646694133,"path_taken":["M","?","$","M","$","E","R","E","T","R","?","?","E","M","R","BOSS"],"build_version":"2022-02-27","purchased_purges":2,"victory":false,"max_hp_per_floor":[89,89,89,89,89,89,89,89,89,89,89,89,89,89,89,89],"card_choices":[{"not_picked":["Rage","Flex"],"picked":"Cleave","floor":1},{"not_picked":["Clothesline","Sword Boomerang","Anger"],"picked":"SKIP","floor":4},{"not_picked":["Iron Wave","Dark Embrace"],"picked":"Double Tap","floor":6},{"not_picked":["Shrug It Off","Wild Strike"],"picked":"Searing Blow","floor":8},{"not_picked":["Cleave","Uppercut","Sentinel"],"picked":"SKIP","floor":12},{"not_picked":["Evolve","Perfected Strike","Anger"],"picked":"SKIP","floor":13},{"not_picked":["Headbutt","Sword Boomerang","Double Tap"],"picked":"SKIP","floor":14}],"player_experience":1809964,"relics_obtained":[{"floor":6,"key":"Self Forming Clay"},{"floor":8,"key":"Oddly Smooth Stone"},{"floor":9,"key":"Meat on the Bone"},{"floor":13,"key":"Art of War"}],"event_choices":[{"damage_healed":0,"gold_gain":275,"player_choice":"Desecrate","damage_taken":0,"max_hp_gain":0,"max_hp_loss":0,"event_name":"Golden Shrine","floor":2,"gold_loss":0,"cards_obtained":["Regret"]}],"is_beta":false,"boss_relics":[],"items_purged_floors":[3,5],"is_endless":false,"potions_floor_spawned":[1,8,13],"killed_by":"Slime Boss","ascension_level":20}