{"gold_per_floor":[117,137,287,299,299,329,404,404,404,404,416,448,448],"floor_reached":13,"playtime":244,"items_purged":[],"score":186,"play_id":"fdc9c429-a373-4355-b39b-62ed1ca08c30","local_time":"20220303234058","is_ascension_mode":true,"campfire_choices":[{"floor":8,"key":"REST"},{"data":"Demon Form","floor":10,"key":"SMITH"}],"neow_cost":"NONE","seed_source_timestamp":558879590752000,"circlet_count":0,"master_deck":["AscendersBane","Strike_R","Strike_R","Strike_R","Strike_R","Strike_R","Defend_R","Defend_R","Defend_R","Defend_R","Bash","Clash","Demon Form+1","Doubt","Reaper"],"relics":["Burning Blood","NeowsBlessing","Incense Burner","Mummified Hand","Regal Pillow"],"potions_floor_usage":[11,12],"damage_taken":[{"damage":0,"enemies":"Jaw Worm","floor":1,"turns":1},{"damage":0,"enemies":"2 Louse","floor":2,"turns":1},{"damage":0,"enemies":"Small Slimes","floor":4,"turns":1},{"damage":62,"enemies":"Gremlin Nob","floor":6,"turns":5},{"damage":12,"enemies":"Looter","floor":11,"turns":4},{"damage":26,"enemies":"3 Sentries","floor":12,"turns":9},{"damage":42,"enemies":"Gremlin Gang","floor":13,"turns":2}],"seed_played":"6445305376667745211","potions_obtained":[{"floor":6,"key":"Regen Potion"},{"floor":11,"key":"Strength Potion"}],"is_trial":false,"path_per_floor":["M","M","?","M","?","E","?","R","T","R","M","E","M"],"character_chosen":"IRONCLAD","items_purchased":[],"campfire_rested":1,"item_purchase_floors":[],"current_hp_per_floor":[74,75,75,75,80,24,13,37,37,37,43,23,0],"gold":448,"neow_bonus":"THREE_ENEMY_KILL","is_prod":false,"is_daily":false,"chose_seed":false,"campfire_upgraded":1,"win_rate":0,"timestamp":1646347258,"path_taken":["M","M","?","M","?","E","?","R","T","R","M","E","M"],"build_version":"2022-02-27","purchased_purges":0,"victory":false,"max_hp_per_floor":[75,75,75,75,80,80,80,80,80,80,80,80,80],"card_choices":[{"not_picked":["Body Slam","Iron Wave"],"picked":"Clash","floor":1},{"not_picked":["Clothesline","Twin Strike"],"picked":"Demon Form","floor":2},{"not_picked":["Body Slam","Power Through","Perfected Strike"],"picked":"SKIP","floor":4},{"not_picked":["Infernal Blade","Dark Embrace","Battle Trance"],"picked":"SKIP","floor":6},{"not_picked":["Flex","Bloodletting","Body Slam"],"picked":"SKIP","floor":11},{"not_picked":["Twin Strike","Wild Strike"],"picked":"Reaper","floor":12}],"player_experience":1799093,"relics_obtained":[{"floor":6,"key":"Incense Burner"},{"floor":9,"key":"Mummified Hand"},{"floor":12,"key":"Regal Pillow"}],"event_choices":[{"damage_healed":0,"gold_gain":150,"player_choice":"AGREE","damage_taken":0,"max_hp_gain":0,"max_hp_loss":0,"event_name":"Liars Game","floor":3,"gold_loss":0,"cards_obtained":["Doubt"]},{"damage_healed":0,"gold_gain":0,"player_choice":"Donut","damage_taken":0,"max_hp_gain":5,"max_hp_loss":0,"event_name":"Big Fish","floor":5,"gold_loss":0},{"damage_healed":0,"gold_gain":75,"player_choice":"Gather Gold","damage_taken":11,"max_hp_gain":0,"max_hp_loss":0,"event_name":"World of Goop","floor":7,"gold_loss":0}],"is_beta":false,"boss_relics":[],"items_purged_floors":[],"is_endless":false,"potions_floor_spawned":[6,11],"killed_by":"Gremlin Gang","ascension_level":20}