{"gold_per_floor":[109,259,270,270,270,313,313,313,313,34,58,83,83],"floor_reached":13,"playtime":240,"items_purged":[],"score":216,"play_id":"169a1f69-01ed-4784-9787-fca6f3bb9538","local_time":"20220311141439","is_ascension_mode":true,"campfire_choices":[{"data":"Disarm","floor":7,"key":"SMITH"}],"neow_cost":"NONE","seed_source_timestamp":316242624207600,"circlet_count":0,"master_deck":["AscendersBane","Strike_R","Strike_R","Strike_R+1","Strike_R","Strike_R","Defend_R","Defend_R+1","Defend_R","Defend_R","Bash","Shockwave","Sword Boomerang","Injury","Disarm+1","Apotheosis","Double Tap"],"relics":["Burning Blood","NeowsBlessing","Golden Idol","Unceasing Top","The Courier","Sling"],"potions_floor_usage":[12],"damage_taken":[{"damage":0,"enemies":"Jaw Worm","floor":1,"turns":1},{"damage":0,"enemies":"Small Slimes","floor":3,"turns":1},{"damage":0,"enemies":"Gremlin Nob","floor":6,"turns":1},{"damage":6,"enemies":"2 Louse","floor":11,"turns":3},{"damage":27,"enemies":"Exordium Thugs","floor":12,"turns":5},{"damage":38,"enemies":"3 Sentries","floor":13,"turns":8}],"seed_played":"-5936697824362608807","potions_obtained":[{"floor":6,"key":"GamblersBrew"},{"floor":12,"key":"LiquidBronze"}],"is_trial":false,"path_per_floor":["M","?","M","?","?","E","R","?","T","$","M","M","E"],"character_chosen":"IRONCLAD","items_purchased":["Sling","Apotheosis"],"campfire_rested":0,"item_purchase_floors":[10,10],"current_hp_per_floor":[74,74,75,75,75,75,75,52,52,52,52,31,0],"gold":83,"neow_bonus":"THREE_ENEMY_KILL","is_prod":false,"is_daily":false,"chose_seed":false,"campfire_upgraded":1,"win_rate":0,"timestamp":1647004479,"path_taken":["M","?","M","?","?","E","R","?","T","?","?","M","E"],"build_version":"2022-03-07","purchased_purges":0,"victory":false,"max_hp_per_floor":[75,75,75,75,75,75,75,75,75,75,75,75,75],"card_choices":[{"not_picked":["Clash","Headbutt"],"picked":"Shockwave","floor":1},{"not_picked":["Clash","Evolve"],"picked":"Sword Boomerang","floor":3},{"not_picked":["Wild Strike","Body Slam"],"picked":"Disarm","floor":6},{"not_picked":["Power Through","True Grit","Entrench"],"picked":"SKIP","floor":11},{"not_picked":["Carnage","Iron Wave"],"picked":"Double Tap","floor":12}],"player_experience":1817515,"relics_obtained":[{"floor":6,"key":"Unceasing Top"},{"floor":9,"key":"The Courier"}],"event_choices":[{"damage_healed":0,"gold_gain":150,"player_choice":"AGREE","damage_taken":0,"max_hp_gain":0,"max_hp_loss":0,"event_name":"Liars Game","floor":2,"gold_loss":0,"cards_obtained":["Doubt"]},{"cards_removed":["Doubt"],"damage_healed":0,"gold_gain":0,"player_choice":"Forget","damage_taken":0,"max_hp_gain":0,"max_hp_loss":0,"event_name":"Living Wall","floor":4,"gold_loss":0},{"damage_healed":0,"gold_gain":0,"player_choice":"Take Wound","damage_taken":0,"relics_obtained":["Golden Idol"],"max_hp_gain":0,"max_hp_loss":0,"event_name":"Golden Idol","floor":5,"gold_loss":0,"cards_obtained":["Injury"]},{"damage_healed":0,"gold_gain":0,"player_choice":"Entered Light","damage_taken":23,"max_hp_gain":0,"max_hp_loss":0,"event_name":"Shining Light","floor":8,"gold_loss":0,"cards_upgraded":["Defend_R","Strike_R"]}],"is_beta":false,"boss_relics":[],"items_purged_floors":[],"is_endless":false,"potions_floor_spawned":[6,12],"killed_by":"3 Sentries","ascension_level":20}