{"gold_per_floor":[114,126,0,16,16,16,41,41,91,111,111,129,129,144,144,144],"floor_reached":16,"playtime":400,"items_purged":[],"score":204,"play_id":"db95b0c0-edff-4ac3-9c82-b459bea6e19c","local_time":"20220314223012","is_ascension_mode":true,"campfire_choices":[{"floor":6,"key":"DIG"},{"floor":8,"key":"DIG"},{"floor":13,"key":"DIG"},{"floor":15,"key":"DIG"}],"neow_cost":"CURSE","seed_source_timestamp":605018559186400,"circlet_count":0,"master_deck":["AscendersBane","Strike_R","Strike_R","Strike_R","Strike_R","Strike_R","Defend_R","Defend_R","Defend_R","Defend_R","Bash","Injury","True Grit","Pommel Strike","Flame Barrier","Clothesline","Sentinel","Thunderclap+1","Body Slam+1"],"relics":["Burning Blood","Shovel","Bag of Marbles","Molten Egg 2","Pen Nib","Omamori","Incense Burner","Art of War"],"potions_floor_usage":[7,16],"damage_taken":[{"damage":2,"enemies":"Cultist","floor":1,"turns":4},{"damage":7,"enemies":"Jaw Worm","floor":2,"turns":3},{"damage":6,"enemies":"2 Louse","floor":4,"turns":3},{"damage":44,"enemies":"Gremlin Nob","floor":7,"turns":5},{"damage":1,"enemies":"2 Fungi Beasts","floor":10,"turns":3},{"damage":6,"enemies":"Blue Slaver","floor":12,"turns":4},{"damage":1,"enemies":"Exordium Wildlife","floor":14,"turns":3},{"damage":68,"enemies":"The Guardian","floor":16,"turns":13}],"seed_played":"-4563322111457633425","potions_obtained":[{"floor":2,"key":"FearPotion"},{"floor":7,"key":"SkillPotion"}],"is_trial":false,"path_per_floor":["M","M","$","M","$","R","E","R","T","M","?","M","R","M","R","B"],"character_chosen":"IRONCLAD","items_purchased":["Flame Barrier","Clothesline"],"campfire_rested":0,"item_purchase_floors":[3,3],"current_hp_per_floor":[72,71,71,71,71,71,33,33,33,38,63,63,63,68,68,0],"gold":144,"neow_bonus":"ONE_RARE_RELIC","is_prod":false,"is_daily":false,"chose_seed":false,"campfire_upgraded":0,"win_rate":0,"timestamp":1647293412,"path_taken":["M","M","?","M","$","R","E","R","T","M","?","M","R","M","R","BOSS"],"build_version":"2022-03-07","purchased_purges":0,"victory":false,"max_hp_per_floor":[75,75,75,75,75,75,75,75,75,75,75,75,75,75,75,75],"card_choices":[{"not_picked":["Heavy Blade","Dark Embrace"],"picked":"True Grit","floor":1},{"not_picked":["Hemokinesis","Searing Blow"],"picked":"Pommel Strike","floor":2},{"not_picked":["Carnage","Heavy Blade"],"picked":"Sentinel","floor":4},{"not_picked":["Evolve","Sword Boomerang+1"],"picked":"Thunderclap+1","floor":7},{"not_picked":["Pummel+1","True Grit","Thunderclap+1"],"picked":"SKIP","floor":10},{"not_picked":["Havoc","Fire Breathing"],"picked":"Body Slam+1","floor":12},{"not_picked":["Whirlwind+1","Clash+1","Entrench"],"picked":"SKIP","floor":14}],"player_experience":1827913,"relics_obtained":[{"floor":6,"key":"Bag of Marbles"},{"floor":7,"key":"Molten Egg 2"},{"floor":8,"key":"Pen Nib"},{"floor":9,"key":"Omamori"},{"floor":13,"key":"Incense Burner"},{"floor":15,"key":"Art of War"}],"event_choices":[{"damage_healed":25,"gold_gain":0,"player_choice":"Banana","damage_taken":0,"max_hp_gain":0,"max_hp_loss":0,"event_name":"Big Fish","floor":11,"gold_loss":0}],"is_beta":false,"boss_relics":[],"items_purged_floors":[],"is_endless":false,"potions_floor_spawned":[2,7],"killed_by":"The Guardian","ascension_level":20}