{"gold_per_floor":[118,118,133,133,408,449,467,500,524,524,539,81,96,109,109,109],"floor_reached":16,"playtime":374,"items_purged":[],"score":274,"play_id":"0648c764-48ba-4b3f-9de3-f9ad11e69ce6","local_time":"20220318005402","is_ascension_mode":true,"campfire_choices":[{"data":"Armaments","floor":10,"key":"SMITH"},{"floor":15,"key":"REST"}],"neow_cost":"NONE","seed_source_timestamp":184340873989800,"circlet_count":0,"master_deck":["AscendersBane","Strike_R","Strike_R","Strike_R","Strike_R","Strike_R","Defend_R","Defend_R","Defend_R","Defend_R","Bash","Bloodletting","Armaments+1","Injury","Regret","Shockwave","Cleave","Flame Barrier","Whirlwind"],"relics":["Burning Blood","NeowsBlessing","Orichalcum","Golden Idol","Strawberry","The Courier","PreservedInsect","OrangePellets","Eternal Feather","Red Skull"],"potions_floor_usage":[14,16],"damage_taken":[{"damage":0,"enemies":"Small Slimes","floor":1,"turns":1},{"damage":0,"enemies":"Jaw Worm","floor":3,"turns":1},{"damage":0,"enemies":"3 Sentries","floor":6,"turns":2},{"damage":7,"enemies":"Cultist","floor":7,"turns":4},{"damage":35,"enemies":"Gremlin Nob","floor":8,"turns":5},{"damage":13,"enemies":"Lots of Slimes","floor":11,"turns":4},{"damage":4,"enemies":"2 Fungi Beasts","floor":13,"turns":4},{"damage":16,"enemies":"Exordium Thugs","floor":14,"turns":3},{"damage":73,"enemies":"Slime Boss","floor":16,"turns":7}],"seed_played":"6411460356209086162","potions_obtained":[{"floor":1,"key":"Regen Potion"},{"floor":7,"key":"SkillPotion"},{"floor":13,"key":"DistilledChaos"}],"is_trial":false,"path_per_floor":["M","?","M","?","?","E","M","E","T","R","M","$","M","M","R","B"],"character_chosen":"IRONCLAD","items_purchased":["OrangePellets","Eternal Feather","Red Skull"],"campfire_rested":1,"item_purchase_floors":[12,12,12],"current_hp_per_floor":[74,48,54,54,54,67,66,37,37,37,30,30,32,22,55,0],"gold":109,"neow_bonus":"THREE_ENEMY_KILL","is_prod":false,"is_daily":false,"chose_seed":false,"campfire_upgraded":1,"win_rate":0,"timestamp":1647561242,"path_taken":["M","?","M","?","?","E","M","E","T","R","M","$","?","M","R","BOSS"],"build_version":"2022-03-07","purchased_purges":0,"victory":false,"max_hp_per_floor":[75,75,75,75,75,82,82,82,82,82,82,82,82,82,82,82],"card_choices":[{"not_picked":["True Grit","Clothesline"],"picked":"Bloodletting","floor":1},{"not_picked":["Heavy Blade","Pummel"],"picked":"Armaments","floor":3},{"not_picked":["Pummel","Intimidate"],"picked":"Shockwave","floor":6},{"not_picked":["Wild Strike","Dark Embrace"],"picked":"Cleave","floor":7},{"not_picked":["Battle Trance","Sentinel","Power Through"],"picked":"SKIP","floor":8},{"not_picked":["Offering","Perfected Strike","Anger"],"picked":"SKIP","floor":11},{"not_picked":["Clash","Dark Embrace"],"picked":"Flame Barrier","floor":13},{"not_picked":["Cleave","Twin Strike"],"picked":"Whirlwind","floor":14}],"player_experience":1835511,"relics_obtained":[{"floor":6,"key":"Strawberry"},{"floor":8,"key":"The Courier"},{"floor":9,"key":"PreservedInsect"}],"event_choices":[{"damage_healed":0,"gold_gain":0,"player_choice":"Success","damage_taken":26,"relics_obtained":["Orichalcum"],"max_hp_gain":0,"max_hp_loss":0,"event_name":"Scrap Ooze","floor":2,"gold_loss":0},{"damage_healed":0,"gold_gain":0,"player_choice":"Take Wound","damage_taken":0,"relics_obtained":["Golden Idol"],"max_hp_gain":0,"max_hp_loss":0,"event_name":"Golden Idol","floor":4,"gold_loss":0,"cards_obtained":["Injury"]},{"damage_healed":0,"gold_gain":275,"player_choice":"Desecrate","damage_taken":0,"max_hp_gain":0,"max_hp_loss":0,"event_name":"Golden Shrine","floor":5,"gold_loss":0,"cards_obtained":["Regret"]}],"is_beta":false,"boss_relics":[],"items_purged_floors":[],"is_endless":false,"potions_floor_spawned":[1,7,8,11,13],"killed_by":"Slime Boss","ascension_level":20}