{"gold_per_floor":[116,116,116,134,59,86,97,109,133,167,167,181,181,201,201,272,272,284,284],"floor_reached":19,"playtime":596,"items_purged":["Strike_R"],"score":358,"play_id":"1642db3c-59a5-45e7-8f86-f8805954921b","local_time":"20220312201118","is_ascension_mode":true,"campfire_choices":[{"data":"Infernal Blade","floor":11,"key":"SMITH"},{"data":"Pummel","floor":15,"key":"SMITH"}],"neow_cost":"CURSE","seed_source_timestamp":423684928556600,"circlet_count":0,"master_deck":["AscendersBane","Strike_R","Strike_R","Strike_R","Defend_R","Defend_R","Defend_R","Defend_R","Bash","Pommel Strike","Infernal Blade+1","Intimidate","Ghostly Armor","Rupture","Pummel+1","Barricade","Whirlwind"],"relics":["Burning Blood","FossilizedHelix","Akabeko","Lantern","Centennial Puzzle","Vajra","SacredBark"],"potions_floor_usage":[10,12,16],"damage_taken":[{"damage":7,"enemies":"Jaw Worm","floor":1,"turns":3},{"damage":0,"enemies":"Small Slimes","floor":4,"turns":3},{"damage":28,"enemies":"Gremlin Nob","floor":6,"turns":4},{"damage":0,"enemies":"Cultist","floor":7,"turns":3},{"damage":0,"enemies":"Blue Slaver","floor":8,"turns":4},{"damage":15,"enemies":"3 Sentries","floor":10,"turns":7},{"damage":2,"enemies":"Exordium Wildlife","floor":12,"turns":4},{"damage":3,"enemies":"Gremlin Gang","floor":14,"turns":5},{"damage":47,"enemies":"The Guardian","floor":16,"turns":15},{"damage":57,"enemies":"Spheric Guardian","floor":18,"turns":9}],"seed_played":"1492209356058206993","potions_obtained":[{"floor":7,"key":"AttackPotion"},{"floor":10,"key":"GamblersBrew"},{"floor":12,"key":"AttackPotion"}],"is_trial":false,"path_per_floor":["M","?","?","M","$","E","M","M","T","E","R","M","?","M","R","B",null,"M","?"],"character_chosen":"IRONCLAD","items_purchased":[],"campfire_rested":0,"item_purchase_floors":[],"current_hp_per_floor":[67,62,62,68,68,46,52,58,58,49,49,53,46,49,49,8,58,7,0],"gold":284,"neow_bonus":"ONE_RARE_RELIC","is_prod":false,"is_daily":false,"chose_seed":false,"campfire_upgraded":2,"win_rate":0,"timestamp":1647112278,"path_taken":["M","?","?","M","$","E","?","M","T","E","R","M","?","M","R","BOSS","M","?"],"build_version":"2022-03-07","purchased_purges":1,"victory":false,"max_hp_per_floor":[75,75,75,75,75,75,75,75,75,75,75,75,75,75,75,75,75,75,75],"card_choices":[{"not_picked":["Thunderclap","Second Wind"],"picked":"Pommel Strike","floor":1},{"not_picked":["Pommel Strike","Havoc"],"picked":"Infernal Blade","floor":4},{"not_picked":["Pommel Strike","Iron Wave","Exhume"],"picked":"SKIP","floor":6},{"not_picked":["Power Through","Flex"],"picked":"Intimidate","floor":7},{"not_picked":["Heavy Blade","Reckless Charge"],"picked":"Ghostly Armor","floor":8},{"not_picked":["Evolve","Headbutt"],"picked":"Rupture","floor":10},{"not_picked":["Second Wind","Flex","Evolve"],"picked":"SKIP","floor":12},{"not_picked":["Seeing Red","Armaments"],"picked":"Pummel","floor":14},{"not_picked":["Corruption","Double Tap"],"picked":"Barricade","floor":16},{"not_picked":["Metallicize","Pommel Strike"],"picked":"Whirlwind","floor":18}],"player_experience":1819934,"relics_obtained":[{"floor":6,"key":"Lantern"},{"floor":9,"key":"Centennial Puzzle"},{"floor":10,"key":"Vajra"}],"event_choices":[{"damage_healed":0,"gold_gain":0,"player_choice":"Success","damage_taken":5,"relics_obtained":["Akabeko"],"max_hp_gain":0,"max_hp_loss":0,"event_name":"Scrap Ooze","floor":2,"gold_loss":0},{"cards_removed":["Regret"],"damage_healed":0,"gold_gain":0,"player_choice":"Purged","damage_taken":0,"max_hp_gain":0,"max_hp_loss":0,"event_name":"Purifier","floor":3,"gold_loss":0},{"cards_removed":["Strike_R"],"damage_healed":0,"gold_gain":0,"player_choice":"Card Removal","damage_taken":7,"max_hp_gain":0,"max_hp_loss":0,"event_name":"Golden Wing","floor":13,"gold_loss":0}],"is_beta":false,"boss_relics":[{"not_picked":["Mark of Pain","Velvet Choker"],"picked":"SacredBark"}],"items_purged_floors":[5],"is_endless":false,"potions_floor_spawned":[7,10,12],"ascension_level":20}