{"gold_per_floor":[117,131,151,151,151,151,187,22,22,58,4,4,4,22,22,113,113,129,129,142,142],"floor_reached":21,"playtime":470,"items_purged":["Strike_R"],"score":374,"play_id":"a4739197-9ff8-4c25-b82e-d77afeaf85b6","local_time":"20220315224830","is_ascension_mode":true,"campfire_choices":[{"data":"Blood for Blood","floor":6,"key":"SMITH"},{"floor":12,"key":"REST"},{"data":"Whirlwind","floor":15,"key":"SMITH"}],"neow_cost":"NONE","seed_source_timestamp":3912070329800,"circlet_count":0,"master_deck":["AscendersBane","Strike_R","Strike_R+1","Defend_R","Defend_R+1","Defend_R","Clothesline","Combust","Blood for Blood+1","Injury","Flash of Steel","Whirlwind+1","Reaper","Fire Breathing+1","Perfected Strike+1","Blood for Blood+1"],"relics":["Burning Blood","NeowsBlessing","Golden Idol","Du-Vu Doll","Gremlin Horn","Calipers","Astrolabe"],"potions_floor_usage":[10,16,16,18,21],"damage_taken":[{"damage":0,"enemies":"Cultist","floor":1,"turns":1},{"damage":0,"enemies":"Small Slimes","floor":2,"turns":1},{"damage":0,"enemies":"2 Louse","floor":3,"turns":1},{"damage":31,"enemies":"Gremlin Nob","floor":7,"turns":4},{"damage":19,"enemies":"3 Sentries","floor":10,"turns":4},{"damage":0,"enemies":"2 Fungi Beasts","floor":14,"turns":2},{"damage":26,"enemies":"The Guardian","floor":16,"turns":8},{"damage":20,"enemies":"2 Thieves","floor":18,"turns":2},{"damage":25,"enemies":"Chosen","floor":20,"turns":5},{"damage":29,"enemies":"Shelled Parasite and Fungi","floor":21,"turns":2}],"seed_played":"1959785825380577412","potions_obtained":[{"floor":7,"key":"Fire Potion"},{"floor":10,"key":"SneckoOil"},{"floor":14,"key":"EntropicBrew"},{"floor":20,"key":"Energy Potion"}],"is_trial":false,"path_per_floor":["M","M","M","?","?","R","E","$","T","E","?","R","?","M","R","B",null,"M","$","M","M"],"character_chosen":"IRONCLAD","items_purchased":["Flash of Steel"],"campfire_rested":1,"item_purchase_floors":[8],"current_hp_per_floor":[74,75,75,52,52,52,27,27,27,14,14,36,36,42,42,22,62,48,48,29,0],"gold":142,"neow_bonus":"THREE_ENEMY_KILL","is_prod":false,"is_daily":false,"chose_seed":false,"campfire_upgraded":2,"win_rate":0,"timestamp":1647380910,"path_taken":["M","M","?","?","?","R","E","$","T","E","?","R","?","M","R","BOSS","M","?","M","?"],"build_version":"2022-03-07","purchased_purges":1,"victory":false,"max_hp_per_floor":[75,75,75,75,75,75,75,75,75,75,75,75,75,75,75,75,75,75,75,75,75],"card_choices":[{"not_picked":["Pommel Strike","Shockwave"],"picked":"Clothesline","floor":1},{"not_picked":["Dual Wield","Armaments"],"picked":"Combust","floor":2},{"not_picked":["Anger","Carnage"],"picked":"Blood for Blood","floor":3},{"not_picked":["Perfected Strike","Pommel Strike","Infernal Blade"],"picked":"SKIP","floor":7},{"not_picked":["Clash","Ghostly Armor"],"picked":"Whirlwind","floor":10},{"not_picked":["Iron Wave","Intimidate","Perfected Strike"],"picked":"SKIP","floor":14},{"not_picked":["Immolate","Brutality"],"picked":"Reaper","floor":16},{"not_picked":["Sword Boomerang+1","True Grit","Headbutt"],"picked":"SKIP","floor":18},{"not_picked":["Sword Boomerang+1","True Grit","Headbutt"],"picked":"SKIP","floor":18},{"not_picked":["Flame Barrier","Clash","Sword Boomerang"],"picked":"SKIP","floor":20}],"player_experience":1831773,"relics_obtained":[{"floor":7,"key":"Du-Vu Doll"},{"floor":9,"key":"Gremlin Horn"},{"floor":10,"key":"Calipers"}],"event_choices":[{"damage_healed":0,"gold_gain":0,"player_choice":"Entered Light","damage_taken":23,"max_hp_gain":0,"max_hp_loss":0,"event_name":"Shining Light","floor":4,"gold_loss":0,"cards_upgraded":["Strike_R","Defend_R"]},{"damage_healed":0,"gold_gain":0,"player_choice":"Take Wound","damage_taken":0,"relics_obtained":["Golden Idol"],"max_hp_gain":0,"max_hp_loss":0,"event_name":"Golden Idol","floor":5,"gold_loss":0,"cards_obtained":["Injury"]},{"damage_healed":0,"gold_gain":0,"player_choice":"Left Gold","damage_taken":0,"max_hp_gain":0,"max_hp_loss":0,"event_name":"World of Goop","floor":11,"gold_loss":54},{"cards_removed":["Strike_R"],"damage_healed":0,"gold_gain":0,"player_choice":"Offered Basic","damage_taken":0,"max_hp_gain":0,"max_hp_loss":0,"event_name":"Bonfire Elementals","floor":13,"gold_loss":0}],"is_beta":false,"boss_relics":[{"not_picked":["Runic Cube","Black Blood"],"picked":"Astrolabe"}],"items_purged_floors":[8],"is_endless":false,"potions_floor_spawned":[7,10,14,20],"killed_by":"Shelled Parasite and Fungi","ascension_level":20}