{"gold_per_floor":[110,185,29,29,44,75,0,10,86,86,106,123,123,137,137,137],"floor_reached":16,"playtime":394,"items_purged":["Pain"],"score":254,"play_id":"5be0c728-ebc5-40cb-bf11-815eca5ca3b1","local_time":"20220315223818","is_ascension_mode":true,"campfire_choices":[{"data":"Rampage","floor":13,"key":"SMITH"},{"data":"Reaper","floor":15,"key":"SMITH"}],"neow_cost":"NONE","seed_source_timestamp":3376498172300,"circlet_count":0,"master_deck":["AscendersBane","Strike_R","Strike_R","Strike_R","Strike_R","Strike_R","Defend_R","Defend_R","Defend_R","Defend_R","Bash","Rage","Reaper+1","Rampage+1"],"relics":["Burning Blood","NeowsBlessing","WarpedTongs","Blood Vial","Darkstone Periapt"],"potions_floor_usage":[16,16],"damage_taken":[{"damage":0,"enemies":"2 Louse","floor":1,"turns":1},{"damage":1,"enemies":"Jaw Worm","floor":5,"turns":1},{"damage":0,"enemies":"Lagavulin","floor":6,"turns":2},{"damage":7,"enemies":"Small Slimes","floor":8,"turns":5},{"damage":21,"enemies":"Exordium Thugs","floor":11,"turns":7},{"damage":4,"enemies":"Red Slaver","floor":12,"turns":3},{"damage":10,"enemies":"Gremlin Gang","floor":14,"turns":8},{"damage":104,"enemies":"Slime Boss","floor":16,"turns":10}],"seed_played":"5571442425857729513","potions_obtained":[{"floor":1,"key":"BloodPotion"},{"floor":6,"key":"Fire Potion"}],"is_trial":false,"path_per_floor":["M","?","$","?","M","E","$","M","T","$","M","M","R","M","R","B"],"character_chosen":"IRONCLAD","items_purchased":["Reaper"],"campfire_rested":0,"item_purchase_floors":[3],"current_hp_per_floor":[74,63,63,63,68,74,74,75,75,75,60,64,64,65,65,0],"gold":137,"neow_bonus":"THREE_ENEMY_KILL","is_prod":false,"is_daily":false,"chose_seed":false,"campfire_upgraded":2,"win_rate":0,"timestamp":1647380298,"path_taken":["M","?","?","?","?","E","?","?","T","$","M","M","R","M","R","BOSS"],"build_version":"2022-03-07","purchased_purges":1,"victory":false,"max_hp_per_floor":[75,75,75,75,75,75,75,75,75,75,75,75,75,75,75,75],"card_choices":[{"not_picked":["Armaments","Clothesline"],"picked":"Rage","floor":1},{"not_picked":["Anger","Sever Soul","Armaments"],"picked":"SKIP","floor":5},{"not_picked":["Flex","Reckless Charge"],"picked":"Rampage","floor":6},{"not_picked":["Sword Boomerang","Dropkick","Clash"],"picked":"SKIP","floor":8},{"not_picked":["Sword Boomerang","Body Slam","Flex"],"picked":"SKIP","floor":11},{"not_picked":["Flex","Headbutt","Sword Boomerang"],"picked":"SKIP","floor":12},{"not_picked":["Immolate","Havoc","Evolve"],"picked":"SKIP","floor":14}],"player_experience":1831254,"relics_obtained":[{"floor":6,"key":"Blood Vial"},{"floor":9,"key":"Darkstone Periapt"}],"event_choices":[{"damage_healed":0,"gold_gain":75,"player_choice":"Gather Gold","damage_taken":11,"max_hp_gain":0,"max_hp_loss":0,"event_name":"World of Goop","floor":2,"gold_loss":0},{"damage_healed":0,"gold_gain":0,"player_choice":"Rummage","damage_taken":0,"relics_obtained":["WarpedTongs"],"max_hp_gain":0,"max_hp_loss":0,"event_name":"Accursed Blacksmith","floor":4,"gold_loss":0,"cards_obtained":["Pain"]}],"is_beta":false,"boss_relics":[],"items_purged_floors":[7],"is_endless":false,"potions_floor_spawned":[1,6,11,14],"killed_by":"Slime Boss","ascension_level":20}