{"gold_per_floor":[111,111,122,122,197,197,197,197,220,88,101,144,165,183,183,272,272,246,261,93,93,108,108,108],"floor_reached":24,"playtime":598,"items_purged":["Regret"],"score":392,"play_id":"6cf70648-1f21-48dd-b3bd-8d866a1946e6","local_time":"20220313223629","is_ascension_mode":true,"campfire_choices":[{"data":"Disarm","floor":6,"key":"SMITH"},{"data":"Bash","floor":8,"key":"SMITH"},{"floor":15,"key":"DIG"},{"floor":23,"key":"DIG"}],"neow_cost":"NONE","seed_source_timestamp":518795641248800,"circlet_count":0,"master_deck":["AscendersBane","Strike_R","Strike_R","Strike_R","Strike_R","Strike_R","Defend_R","Defend_R","Defend_R","Defend_R","Bash+1","Battle Trance","Disarm+1","Injury","True Grit","Flame Barrier","Body Slam+1","Immolate","Berserk"],"relics":["Black Blood","NeowsBlessing","HornCleat","Golden Idol","Vajra","Art of War","Shovel","Eternal Feather","Juzu Bracelet","Omamori"],"potions_floor_usage":[12,16,16,18],"damage_taken":[{"damage":0,"enemies":"2 Louse","floor":1,"turns":1},{"damage":0,"enemies":"Small Slimes","floor":3,"turns":1},{"damage":0,"enemies":"Cultist","floor":11,"turns":1},{"damage":50,"enemies":"Lagavulin","floor":12,"turns":9},{"damage":12,"enemies":"Lots of Slimes","floor":13,"turns":4},{"damage":0,"enemies":"Looter","floor":14,"turns":3},{"damage":36,"enemies":"The Guardian","floor":16,"turns":12},{"damage":5,"enemies":"2 Thieves","floor":18,"turns":4},{"damage":40,"enemies":"Shell Parasite","floor":19,"turns":13},{"damage":41,"enemies":"3 Cultists","floor":22,"turns":6},{"damage":27,"enemies":"Cultist and Chosen","floor":24,"turns":3}],"seed_played":"-4067492291311714045","potions_obtained":[{"floor":1,"key":"Block Potion"},{"floor":12,"key":"Regen Potion"},{"floor":14,"key":"Swift Potion"},{"floor":16,"key":"Regen Potion"}],"is_trial":false,"path_per_floor":["M","?","M","?","?","R","?","R","T","$","M","E","M","M","R","B",null,"M","M","$","?","M","R","M"],"character_chosen":"IRONCLAD","items_purchased":["Block Potion","Juzu Bracelet"],"campfire_rested":0,"item_purchase_floors":[10,20],"current_hp_per_floor":[74,74,75,75,64,64,64,64,64,64,70,26,20,26,26,11,59,75,47,47,47,18,27,0],"gold":108,"neow_bonus":"THREE_ENEMY_KILL","is_prod":false,"is_daily":false,"chose_seed":false,"campfire_upgraded":2,"win_rate":0,"timestamp":1647207389,"path_taken":["M","?","M","?","?","R","?","R","T","$","M","E","M","M","R","BOSS","M","M","$","?","M","R","M"],"build_version":"2022-03-07","purchased_purges":1,"victory":false,"max_hp_per_floor":[75,75,75,75,75,75,75,75,75,75,75,75,75,75,75,75,75,75,75,75,75,75,75,75],"card_choices":[{"not_picked":["Heavy Blade","Flex"],"picked":"Battle Trance","floor":1},{"not_picked":["Sword Boomerang","Havoc"],"picked":"Disarm","floor":3},{"not_picked":["Headbutt","Body Slam"],"picked":"True Grit","floor":11},{"not_picked":["Body Slam","Power Through"],"picked":"Flame Barrier","floor":12},{"not_picked":["Blood for Blood","Havoc"],"picked":"Body Slam","floor":13},{"not_picked":["Clash","Twin Strike"],"picked":"Immolate","floor":14},{"not_picked":["Bludgeon","Demon Form"],"picked":"Berserk","floor":16},{"not_picked":["Dark Embrace","Blood for Blood+1","Shockwave"],"picked":"SKIP","floor":18},{"not_picked":["Dark Embrace","Feel No Pain","Second Wind"],"picked":"SKIP","floor":19},{"not_picked":["Battle Trance","Sword Boomerang","Hemokinesis"],"picked":"SKIP","floor":22}],"player_experience":1827315,"relics_obtained":[{"floor":9,"key":"Art of War"},{"floor":12,"key":"Shovel"},{"floor":15,"key":"Eternal Feather"},{"floor":23,"key":"Omamori"}],"event_choices":[{"damage_healed":0,"gold_gain":0,"player_choice":"Box","damage_taken":0,"relics_obtained":["HornCleat"],"max_hp_gain":0,"max_hp_loss":0,"event_name":"Big Fish","floor":2,"gold_loss":0,"cards_obtained":["Regret"]},{"damage_healed":0,"gold_gain":0,"player_choice":"Take Wound","damage_taken":0,"relics_obtained":["Golden Idol"],"max_hp_gain":0,"max_hp_loss":0,"event_name":"Golden Idol","floor":4,"gold_loss":0,"cards_obtained":["Injury"]},{"damage_healed":0,"gold_gain":75,"player_choice":"Gather Gold","damage_taken":11,"max_hp_gain":0,"max_hp_loss":0,"event_name":"World of Goop","floor":5,"gold_loss":0},{"damage_healed":0,"gold_gain":0,"player_choice":"Gave Potion","damage_taken":0,"relics_obtained":["Vajra"],"max_hp_gain":0,"max_hp_loss":0,"event_name":"WeMeetAgain","floor":7,"gold_loss":0},{"damage_healed":0,"gold_gain":0,"player_choice":"Forge","damage_taken":0,"max_hp_gain":0,"max_hp_loss":0,"event_name":"Accursed Blacksmith","floor":21,"gold_loss":0,"cards_upgraded":["Body Slam"]}],"is_beta":false,"boss_relics":[{"not_picked":["Runic Cube","Runic Dome"],"picked":"Black Blood"}],"items_purged_floors":[10],"is_endless":false,"potions_floor_spawned":[1,12,14,16],"killed_by":"Cultist and Chosen","ascension_level":20}