{"gold_per_floor":[110,110,110,110,122,147,147,182,182,182,214,234,234,252,252,326,326,339,12,12,62,73,107,107,135,135,60,60,60,71,82,82,82],"floor_reached":33,"playtime":759,"items_purged":[],"score":651,"play_id":"fd968fb0-f82e-4942-ad37-3413bd724588","local_time":"20220320005859","is_ascension_mode":true,"campfire_choices":[{"data":"Rampage","floor":7.0,"key":"SMITH"},{"data":"Cleave","floor":10.0,"key":"SMITH"},{"data":"Intimidate","floor":13.0,"key":"SMITH"},{"floor":15,"key":"REST"},{"floor":24,"key":"REST"},{"floor":32,"key":"REST"}],"neow_cost":"NONE","seed_source_timestamp":357045588582300,"circlet_count":0,"master_deck":["AscendersBane","Strike_R","Strike_R","Defend_R","Defend_R","Defend_R","Defend_R","Bash","Cleave+1","Rampage+1","Battle Trance","Intimidate+1","Limit Break","Demon Form+1","Metallicize+1","Impervious","Cleave","Pummel"],"special_seed":0,"relics":["Black Blood","NeowsBlessing","Turnip","Spirit Poop","StoneCalendar","Self Forming Clay","Kunai","Frozen Egg 2","ClockworkSouvenir","Vajra","Strawberry","Blue Candle","InkBottle","Bottled Tornado"],"potions_floor_usage":[18,25,33],"damage_taken":[{"damage":0.0,"enemies":"Small Slimes","floor":1.0,"turns":1.0},{"damage":0.0,"enemies":"Cultist","floor":5.0,"turns":1.0},{"damage":0.0,"enemies":"3 Sentries","floor":6.0,"turns":1.0},{"damage":39.0,"enemies":"Gremlin Nob","floor":8.0,"turns":4.0},{"damage":26.0,"enemies":"3 Sentries","floor":11.0,"turns":7.0},{"damage":0.0,"enemies":"2 Louse","floor":12.0,"turns":2.0},{"damage":11,"enemies":"2 Fungi Beasts","floor":14,"turns":3},{"damage":28,"enemies":"Slime Boss","floor":16,"turns":7},{"damage":7,"enemies":"3 Byrds","floor":18,"turns":3},{"damage":20,"enemies":"Spheric Guardian","floor":22,"turns":6},{"damage":72,"enemies":"Book of Stabbing","floor":23,"turns":6},{"damage":48,"enemies":"Slavers","floor":25,"turns":7},{"damage":20,"enemies":"Snake Plant","floor":30,"turns":6},{"damage":12,"enemies":"Shelled Parasite and Fungi","floor":31,"turns":7},{"damage":42,"enemies":"Collector","floor":33,"turns":6}],"seed_played":"-3842137991789450972","potions_obtained":[{"floor":1.0,"key":"LiquidBronze"},{"floor":6.0,"key":"FairyPotion"},{"floor":22,"key":"SpeedPotion"},{"floor":25,"key":"Strength Potion"},{"floor":31,"key":"PowerPotion"}],"is_trial":false,"path_per_floor":["M","?","?","$","M","E","R","E","T","R","E","M","R","M","R","B",null,"M","$","?","?","M","E","R","E","T","?","?","T","M","M","R","B"],"character_chosen":"IRONCLAD","items_purchased":["ClockworkSouvenir","Vajra"],"campfire_rested":3,"item_purchase_floors":[19,19],"current_hp_per_floor":[74,74,74,74,75,75,75,42,42,42,22,28,28,23,45,23,62,67,67,67,67,59,34,58,22,22,22,22,22,14,14,38,0],"gold":82,"neow_bonus":"THREE_ENEMY_KILL","is_prod":false,"is_daily":false,"chose_seed":false,"campfire_upgraded":3,"win_rate":0,"timestamp":1647734339,"path_taken":["M","?","?","$","M","E","R","E","T","R","E","M","R","?","R","BOSS","M","$","?","?","?","E","R","E","T","?","?","?","?","M","R","BOSS"],"build_version":"2022-03-07","purchased_purges":0,"victory":false,"max_hp_per_floor":[75,75,75,75,75,75,75,75,75,75,75,75,75,75,75,75,75,75,75,75,75,75,82,82,82,82,82,82,82,82,82,82,82],"card_choices":[{"not_picked":["Power Through","Flame Barrier"],"picked":"Cleave","floor":1.0},{"not_picked":["Anger","Clothesline"],"picked":"Rampage","floor":5.0},{"not_picked":["Havoc","Warcry"],"picked":"Battle Trance","floor":6.0},{"not_picked":["Clash","Thunderclap","Headbutt"],"picked":"SKIP","floor":8.0},{"not_picked":["Wild Strike","Anger","Rampage"],"picked":"SKIP","floor":11.0},{"not_picked":["Flame Barrier","Bloodletting"],"picked":"Intimidate","floor":12.0},{"not_picked":["Uppercut","Pommel Strike"],"picked":"Limit Break","floor":14},{"not_picked":["Offering","Corruption+1"],"picked":"Demon Form+1","floor":16},{"not_picked":["Flex","Dual Wield+1"],"picked":"Metallicize+1","floor":18},{"not_picked":["Flex","Perfected Strike+1","Sword Boomerang"],"picked":"SKIP","floor":22},{"not_picked":["Evolve+1","Limit Break"],"picked":"Pummel","floor":23},{"not_picked":["Spot Weakness","Burning Pact","Cleave"],"picked":"SKIP","floor":25},{"not_picked":["Clash","Combust+1","Inflame+1"],"picked":"SKIP","floor":30},{"not_picked":["Searing Blow","Clash","Whirlwind+1"],"picked":"SKIP","floor":31}],"player_experience":1839513,"relics_obtained":[{"floor":6.0,"key":"StoneCalendar"},{"floor":8.0,"key":"Self Forming Clay"},{"floor":9.0,"key":"Kunai"},{"floor":11.0,"key":"Frozen Egg 2"},{"floor":23,"key":"Strawberry"},{"floor":25,"key":"Blue Candle"},{"floor":26,"key":"InkBottle"},{"floor":29,"key":"Bottled Tornado"}],"event_choices":[{"damage_healed":0.0,"max_hp_gain":0.0,"max_hp_loss":0.0,"gold_gain":0.0,"event_name":"Big Fish","player_choice":"Box","floor":2.0,"gold_loss":0.0,"damage_taken":0.0,"relics_obtained":["Turnip"],"cards_obtained":["Regret"]},{"cards_removed":["Regret"],"damage_healed":0.0,"max_hp_gain":0.0,"max_hp_loss":0.0,"gold_gain":0.0,"event_name":"Bonfire Elementals","player_choice":"Offered Curse","floor":3.0,"gold_loss":0.0,"damage_taken":0.0,"relics_obtained":["Spirit Poop"]},{"damage_healed":0,"gold_gain":0,"cards_transformed":["Strike_R","Strike_R"],"player_choice":"Became Test Subject","damage_taken":0,"max_hp_gain":0,"max_hp_loss":0,"event_name":"Drug Dealer","floor":20,"gold_loss":0,"cards_obtained":["Impervious","Cleave"]},{"damage_healed":0,"gold_gain":50,"player_choice":"Pray","damage_taken":0,"max_hp_gain":0,"max_hp_loss":0,"event_name":"Golden Shrine","floor":21,"gold_loss":0},{"cards_removed":["Strike_R"],"damage_healed":0,"gold_gain":0,"player_choice":"Gave Gold","damage_taken":0,"max_hp_gain":0,"max_hp_loss":0,"event_name":"Beggar","floor":27,"gold_loss":75},{"damage_healed":0,"gold_gain":0,"player_choice":"Ignored","damage_taken":0,"max_hp_gain":0,"max_hp_loss":0,"event_name":"Cursed Tome","floor":28,"gold_loss":0}],"is_beta":false,"boss_relics":[{"not_picked":["Tiny House","SacredBark"],"picked":"Black Blood"}],"items_purged_floors":[],"is_endless":false,"potions_floor_spawned":[1,6,12,16,22,25,31],"killed_by":"Collector","ascension_level":20}