{"gold_per_floor":[118,118,268,16,36,36,71,107,165,177,3,3,34,52,52,142,142,166,166,191,106,106,137,137,171,246,246,289,302,302,302],"floor_reached":31,"playtime":737,"items_purged":["Doubt","Injury"],"score":688,"play_id":"3bf3a89e-bfb4-45bc-aeb2-885cef276c28","local_time":"20220319235457","is_ascension_mode":true,"campfire_choices":[{"data":"Whirlwind","floor":6,"key":"SMITH"},{"data":"Bash","floor":10,"key":"SMITH"},{"floor":12,"key":"REST"},{"floor":15,"key":"REST"},{"data":"Juggernaut","floor":24,"key":"SMITH"},{"data":"Reaper","floor":27,"key":"SMITH"}],"neow_cost":"NONE","seed_source_timestamp":353233656909400,"circlet_count":0,"master_deck":["AscendersBane","Strike_R","Strike_R","Strike_R","Strike_R","Strike_R","Defend_R","Defend_R","Defend_R","Defend_R","Bash+1","Whirlwind+1","Reaper+1","Juggernaut+1"],"relics":["Busted Crown","Golden Idol","Membership Card","MawBank","Orichalcum","Paper Frog","Bag of Marbles","Black Star","Anchor","Centennial Puzzle","Smiling Mask","Lantern","Gremlin Horn","Kunai","Self Forming Clay","Gambling Chip"],"potions_floor_usage":[7,16,18,22,25,30,30],"damage_taken":[{"damage":1,"enemies":"2 Louse","floor":1,"turns":3},{"damage":7,"enemies":"Jaw Worm","floor":5,"turns":2},{"damage":25,"enemies":"Lagavulin","floor":7,"turns":7},{"damage":0,"enemies":"Cultist","floor":8,"turns":3},{"damage":20,"enemies":"Gremlin Nob","floor":13,"turns":4},{"damage":6,"enemies":"Exordium Thugs","floor":14,"turns":3},{"damage":34,"enemies":"The Guardian","floor":16,"turns":8},{"damage":6,"enemies":"3 Byrds","floor":18,"turns":3},{"damage":0,"enemies":"2 Thieves","floor":20,"turns":1},{"damage":0,"enemies":"Slavers","floor":23,"turns":2},{"damage":28,"enemies":"Gremlin Leader","floor":25,"turns":5},{"damage":43,"enemies":"Slavers","floor":28,"turns":5},{"damage":12,"enemies":"Snecko","floor":29,"turns":3},{"damage":30,"enemies":"Book of Stabbing","floor":30,"turns":4},{"damage":10,"enemies":"Snake Plant","floor":31,"turns":2}],"seed_played":"-4834422179488460640","potions_obtained":[{"floor":1,"key":"PowerPotion"},{"floor":14,"key":"LiquidMemories"},{"floor":16,"key":"GamblersBrew"},{"floor":20,"key":"HeartOfIron"},{"floor":22,"key":"Fruit Juice"},{"floor":22,"key":"LiquidBronze"},{"floor":25,"key":"GamblersBrew"},{"floor":29,"key":"SmokeBomb"}],"is_trial":false,"path_per_floor":["M","?","?","$","M","R","E","M","T","R","$","R","E","M","R","B",null,"M","?","M","$","?","E","R","E","T","R","E","M","E","M"],"character_chosen":"IRONCLAD","items_purchased":["Membership Card","Whirlwind","Paper Frog","Anchor"],"campfire_rested":2,"item_purchase_floors":[4,4,11,21],"current_hp_per_floor":[67,67,67,67,60,60,35,35,35,35,35,57,37,31,53,19,61,63,63,63,63,68,72,72,52,52,52,33,29,7,0],"gold":302,"neow_bonus":"BOSS_RELIC","is_prod":false,"is_daily":false,"chose_seed":false,"campfire_upgraded":4,"win_rate":0,"timestamp":1647730497,"path_taken":["M","?","?","$","M","R","E","M","T","R","?","R","E","M","R","BOSS","M","?","?","$","?","E","R","E","T","R","E","?","E","M"],"build_version":"2022-03-07","purchased_purges":2,"victory":false,"max_hp_per_floor":[75,75,75,75,75,75,75,75,75,75,75,75,75,75,75,75,75,75,75,75,75,80,80,80,80,80,80,80,80,80,80],"card_choices":[{"not_picked":["Seeing Red"],"picked":"SKIP","floor":1},{"not_picked":["Clothesline"],"picked":"SKIP","floor":5},{"not_picked":["Anger"],"picked":"SKIP","floor":7},{"not_picked":["Warcry"],"picked":"SKIP","floor":8},{"not_picked":["Rupture"],"picked":"SKIP","floor":13},{"not_picked":["Flex"],"picked":"SKIP","floor":14},{"not_picked":[],"picked":"Reaper","floor":16},{"not_picked":["Sword Boomerang"],"picked":"SKIP","floor":18},{"not_picked":["Battle Trance"],"picked":"SKIP","floor":20},{"not_picked":["Wild Strike"],"picked":"SKIP","floor":23},{"not_picked":["Hemokinesis"],"picked":"SKIP","floor":25},{"not_picked":["Havoc"],"picked":"SKIP","floor":28},{"not_picked":["Feel No Pain"],"picked":"SKIP","floor":29}],"player_experience":1836291,"relics_obtained":[{"floor":7,"key":"MawBank"},{"floor":9,"key":"Orichalcum"},{"floor":13,"key":"Bag of Marbles"},{"floor":23,"key":"Centennial Puzzle"},{"floor":23,"key":"Smiling Mask"},{"floor":25,"key":"Lantern"},{"floor":25,"key":"Gremlin Horn"},{"floor":26,"key":"Kunai"},{"floor":28,"key":"Self Forming Clay"},{"floor":28,"key":"Gambling Chip"}],"event_choices":[{"damage_healed":0,"gold_gain":0,"player_choice":"Take Wound","damage_taken":0,"relics_obtained":["Golden Idol"],"max_hp_gain":0,"max_hp_loss":0,"event_name":"Golden Idol","floor":2,"gold_loss":0,"cards_obtained":["Injury"]},{"damage_healed":0,"gold_gain":150,"player_choice":"AGREE","damage_taken":0,"max_hp_gain":0,"max_hp_loss":0,"event_name":"Liars Game","floor":3,"gold_loss":0,"cards_obtained":["Doubt"]},{"damage_healed":0,"gold_gain":0,"player_choice":"1 cards matched","damage_taken":0,"max_hp_gain":0,"max_hp_loss":0,"event_name":"Match and Keep!","floor":19,"gold_loss":0,"cards_obtained":["Juggernaut"]},{"damage_healed":0,"gold_gain":0,"player_choice":"Got Potions","damage_taken":0,"max_hp_gain":0,"max_hp_loss":0,"event_name":"Lab","floor":22,"gold_loss":0}],"is_beta":false,"boss_relics":[{"not_picked":["Runic Dome","Fusion Hammer"],"picked":"Black Star"}],"items_purged_floors":[4,11],"is_endless":false,"potions_floor_spawned":[1,14,16,20,25,29],"killed_by":"Snake Plant","ascension_level":20}