{"gold_per_floor":[112,126,126,126,137,137,166,177,200,200,200,200,43,68,68,68],"floor_reached":16,"playtime":217,"items_purged":[],"score":216,"play_id":"0f934bdd-5574-47be-acf8-b16d24573e3d","local_time":"20220313103052","is_ascension_mode":true,"campfire_choices":[{"data":"Double Tap","floor":6,"key":"SMITH"},{"floor":12,"key":"REST"},{"data":"Rupture","floor":15,"key":"SMITH"}],"neow_cost":"NONE","seed_source_timestamp":475640547550800,"circlet_count":0,"master_deck":["AscendersBane","Strike_R","Strike_R","Strike_R","Strike_R","Strike_R","Defend_R","Defend_R","Defend_R","Bash+1","Shrug It Off+1","Double Tap+1","Pain","Demon Form","Rupture+1","Bloodletting"],"relics":["Burning Blood","NeowsBlessing","WarpedTongs","Nunchaku","Omamori","Pear","Sling","Toy Ornithopter"],"potions_floor_usage":[],"damage_taken":[{"damage":0,"enemies":"Cultist","floor":1,"turns":1},{"damage":0,"enemies":"2 Louse","floor":2,"turns":1},{"damage":0,"enemies":"Small Slimes","floor":5,"turns":2},{"damage":35,"enemies":"Lagavulin","floor":7,"turns":6},{"damage":23,"enemies":"Blue Slaver","floor":8,"turns":4},{"damage":35,"enemies":"Gremlin Nob","floor":14,"turns":4},{"damage":18,"enemies":"Hexaghost","floor":16,"turns":4}],"seed_played":"-6181962758372334305","potions_obtained":[{"floor":14,"key":"SmokeBomb"}],"is_trial":false,"path_per_floor":["M","M","?","?","M","R","E","M","T","?","T","R","$","E","R","B"],"character_chosen":"IRONCLAD","items_purchased":["Sling"],"campfire_rested":1,"item_purchase_floors":[13],"current_hp_per_floor":[74,75,52,52,58,58,29,12,12,12,22,47,47,18,18,0],"gold":68,"neow_bonus":"THREE_ENEMY_KILL","is_prod":false,"is_daily":false,"chose_seed":false,"campfire_upgraded":2,"win_rate":0,"timestamp":1647163852,"path_taken":["M","M","?","?","?","R","E","M","T","?","?","R","?","E","R","BOSS"],"build_version":"2022-03-07","purchased_purges":0,"victory":false,"max_hp_per_floor":[75,75,75,75,75,75,75,75,75,75,85,85,85,85,85,85],"card_choices":[{"not_picked":["Twin Strike","True Grit"],"picked":"Shrug It Off","floor":1},{"not_picked":["Cleave","Sword Boomerang"],"picked":"Double Tap","floor":2},{"not_picked":["Clash","Armaments","Warcry"],"picked":"SKIP","floor":5},{"not_picked":["Burning Pact","Iron Wave"],"picked":"Demon Form","floor":7},{"not_picked":["Headbutt","Wild Strike"],"picked":"Rupture","floor":8},{"not_picked":["Blood for Blood","Havoc"],"picked":"Bloodletting","floor":14}],"player_experience":1823545,"relics_obtained":[{"floor":7,"key":"Nunchaku"},{"floor":9,"key":"Omamori"},{"floor":11,"key":"Pear"},{"floor":14,"key":"Toy Ornithopter"}],"event_choices":[{"damage_healed":0,"gold_gain":0,"player_choice":"Entered Light","damage_taken":23,"max_hp_gain":0,"max_hp_loss":0,"event_name":"Shining Light","floor":3,"gold_loss":0,"cards_upgraded":["Bash","Shrug It Off"]},{"damage_healed":0,"gold_gain":0,"player_choice":"Rummage","damage_taken":0,"relics_obtained":["WarpedTongs"],"max_hp_gain":0,"max_hp_loss":0,"event_name":"Accursed Blacksmith","floor":4,"gold_loss":0,"cards_obtained":["Pain"]},{"cards_removed":["Defend_R"],"damage_healed":0,"gold_gain":0,"player_choice":"Forget","damage_taken":0,"max_hp_gain":0,"max_hp_loss":0,"event_name":"Living Wall","floor":10,"gold_loss":0}],"is_beta":false,"boss_relics":[],"items_purged_floors":[],"is_endless":false,"potions_floor_spawned":[14],"killed_by":"Hexaghost","ascension_level":20}