{"gold_per_floor":[113,113,57,357,374,405,480,480,480,500,517,535,546,571,571,642,642,653,703,719,32,52,52,84,84,110,110,110,128,128,138,138,212,212,226,279,279,294,294,294],"floor_reached":40,"playtime":917,"items_purged":["Regret"],"score":1007,"play_id":"2f9effbe-0111-403b-8d67-238dd40d01ff","local_time":"20220311143607","is_ascension_mode":true,"campfire_choices":[{"data":"Perfected Strike","floor":8,"key":"SMITH"},{"data":"Perfected Strike","floor":15,"key":"SMITH"},{"data":"Perfected Strike","floor":23,"key":"SMITH"},{"floor":25,"key":"REST"},{"data":"Perfected Strike","floor":30,"key":"SMITH"},{"data":"Berserk","floor":32,"key":"SMITH"}],"neow_cost":"NONE","seed_source_timestamp":316853030451600,"circlet_count":0,"master_deck":["AscendersBane","Strike_R+1","Strike_R+1","Strike_R+1","Strike_R+1","Strike_R+1","Defend_R+1","Defend_R+1","Defend_R+1","Defend_R+1","Bash","Perfected Strike+1","Wild Strike","Perfected Strike+1","Metallicize","Pommel Strike","Pommel Strike","Perfected Strike+1","Berserk+1","True Grit+1","Battle Trance+1","Perfected Strike+1","Wild Strike","Pommel Strike","Perfected Strike","Wild Strike"],"relics":["Burning Blood","NeowsBlessing","Pear","Old Coin","Dream Catcher","Red Skull","Toy Ornithopter","SacredBark","Anchor","Lantern","OrangePellets","Gambling Chip","Smiling Mask","Runic Pyramid","Pocketwatch","Ginger"],"potions_floor_usage":[12,16,29,36,36],"damage_taken":[{"damage":0,"enemies":"Jaw Worm","floor":1,"turns":1},{"damage":0,"enemies":"2 Louse","floor":5,"turns":1},{"damage":0,"enemies":"Lagavulin","floor":6,"turns":1},{"damage":15,"enemies":"Small Slimes","floor":10,"turns":3},{"damage":7,"enemies":"Exordium Wildlife","floor":11,"turns":3},{"damage":17,"enemies":"Large Slime","floor":12,"turns":4},{"damage":15,"enemies":"Looter","floor":13,"turns":2},{"damage":8,"enemies":"Gremlin Nob","floor":14,"turns":3},{"damage":4,"enemies":"Slime Boss","floor":16,"turns":3},{"damage":13,"enemies":"Spheric Guardian","floor":18,"turns":3},{"damage":40,"enemies":"Shell Parasite","floor":20,"turns":4},{"damage":6,"enemies":"Snake Plant","floor":22,"turns":2},{"damage":28,"enemies":"Gremlin Leader","floor":24,"turns":5},{"damage":12,"enemies":"3 Cultists","floor":29,"turns":6},{"damage":0,"enemies":"Sentry and Sphere","floor":31,"turns":2},{"damage":77,"enemies":"Automaton","floor":33,"turns":10},{"damage":4,"enemies":"3 Shapes","floor":35,"turns":3},{"damage":75,"enemies":"2 Orb Walkers","floor":36,"turns":5},{"damage":0,"enemies":"Orb Walker","floor":38,"turns":1},{"damage":79,"enemies":"Giant Head","floor":40,"turns":5}],"seed_played":"3878634370618944920","potions_obtained":[{"floor":11,"key":"FearPotion"},{"floor":14,"key":"LiquidMemories"},{"floor":29,"key":"BloodPotion"},{"floor":33,"key":"ColorlessPotion"},{"floor":38,"key":"Fire Potion"}],"is_trial":false,"path_per_floor":["M","?","$","?","M","E","?","R","T","M","M","M","M","E","R","B",null,"M","?","M","$","M","R","E","R","T","?","$","M","R","M","R","B",null,"M","?","?","M","T","E"],"character_chosen":"IRONCLAD","items_purchased":["Wild Strike","Perfected Strike","Anchor","Lantern","OrangePellets","Regen Potion"],"campfire_rested":1,"item_purchase_floors":[3,21,21,21,21,21],"current_hp_per_floor":[74,79,79,79,85,85,74,74,74,65,64,53,44,42,42,49,76,69,69,35,35,35,35,13,38,38,38,38,77,77,83,83,12,67,69,44,44,50,50,0],"gold":294,"neow_bonus":"THREE_ENEMY_KILL","is_prod":false,"is_daily":false,"chose_seed":false,"campfire_upgraded":5,"win_rate":0,"timestamp":1647005767,"path_taken":["M","?","$","?","M","E","?","R","T","M","M","?","M","E","R","BOSS","M","?","M","$","M","R","E","R","T","?","$","M","R","M","R","BOSS","M","?","?","M","?","E"],"build_version":"2022-03-07","purchased_purges":1,"victory":false,"max_hp_per_floor":[75,85,85,85,85,85,85,85,85,85,85,85,85,85,85,85,85,85,85,85,85,85,85,85,85,85,85,85,85,85,85,85,85,85,85,85,85,85,85,85],"card_choices":[{"not_picked":["Wild Strike","Iron Wave"],"picked":"Perfected Strike","floor":1},{"not_picked":["Dark Embrace","Warcry"],"picked":"Perfected Strike","floor":5},{"not_picked":["Twin Strike","Sword Boomerang","Dark Embrace"],"picked":"SKIP","floor":6},{"not_picked":["True Grit","Sword Boomerang"],"picked":"Metallicize","floor":10},{"not_picked":["Blood for Blood","Headbutt","Iron Wave"],"picked":"SKIP","floor":11},{"not_picked":["Clash","Rampage"],"picked":"Pommel Strike","floor":12},{"not_picked":["Warcry","Thunderclap"],"picked":"Pommel Strike","floor":13},{"not_picked":["Reaper","Sentinel"],"picked":"Perfected Strike","floor":14},{"not_picked":["Juggernaut","Limit Break"],"picked":"Berserk","floor":16},{"not_picked":["Sentinel","Hemokinesis"],"picked":"True Grit+1","floor":18},{"not_picked":["Clash","Pommel Strike"],"picked":"Battle Trance+1","floor":20},{"not_picked":["Flex+1","Thunderclap+1","Iron Wave"],"picked":"SKIP","floor":22},{"not_picked":["Sword Boomerang","Flex"],"picked":"Wild Strike","floor":24},{"not_picked":["Thunderclap","Clash+1","Anger"],"picked":"SKIP","floor":29},{"not_picked":["Headbutt+1","Rupture"],"picked":"Pommel Strike","floor":31},{"not_picked":["True Grit","Twin Strike"],"picked":"Perfected Strike","floor":35},{"not_picked":["Dropkick+1","Feel No Pain"],"picked":"Wild Strike","floor":36},{"not_picked":["Blood for Blood","Havoc","Disarm"],"picked":"SKIP","floor":38}],"player_experience":1818103,"relics_obtained":[{"floor":6,"key":"Dream Catcher"},{"floor":9,"key":"Red Skull"},{"floor":14,"key":"Toy Ornithopter"},{"floor":24,"key":"Gambling Chip"},{"floor":26,"key":"Smiling Mask"},{"floor":36,"key":"Pocketwatch"},{"floor":39,"key":"Ginger"}],"event_choices":[{"damage_healed":0,"gold_gain":0,"player_choice":"Success","damage_taken":5,"relics_obtained":["Pear"],"max_hp_gain":0,"max_hp_loss":0,"event_name":"Scrap Ooze","floor":2,"gold_loss":0},{"damage_healed":0,"gold_gain":0,"player_choice":"Box","damage_taken":0,"relics_obtained":["Old Coin"],"max_hp_gain":0,"max_hp_loss":0,"event_name":"Big Fish","floor":4,"gold_loss":0,"cards_obtained":["Regret"]},{"damage_healed":0,"gold_gain":75,"player_choice":"Gather Gold","damage_taken":11,"max_hp_gain":0,"max_hp_loss":0,"event_name":"World of Goop","floor":7,"gold_loss":0},{"damage_healed":0,"gold_gain":50,"player_choice":"Stole From Cult","damage_taken":0,"max_hp_gain":0,"max_hp_loss":0,"event_name":"Nest","floor":19,"gold_loss":0},{"damage_healed":0,"gold_gain":0,"player_choice":"Simplicity","damage_taken":0,"max_hp_gain":0,"max_hp_loss":0,"event_name":"Back to Basics","floor":27,"gold_loss":0,"cards_upgraded":["Strike_R","Strike_R","Strike_R","Strike_R","Strike_R","Defend_R","Defend_R","Defend_R","Defend_R"]},{"damage_healed":0,"gold_gain":0,"player_choice":"Fight","damage_taken":0,"max_hp_gain":0,"max_hp_loss":0,"event_name":"Mysterious Sphere","floor":36,"gold_loss":0},{"damage_healed":0,"gold_gain":0,"player_choice":"Ignored","damage_taken":0,"max_hp_gain":0,"max_hp_loss":0,"event_name":"Tomb of Lord Red Mask","floor":37,"gold_loss":0}],"is_beta":false,"boss_relics":[{"not_picked":["Runic Cube","Astrolabe"],"picked":"SacredBark"},{"not_picked":["Philosopher\u0027s Stone","Runic Dome"],"picked":"Runic Pyramid"}],"items_purged_floors":[21],"is_endless":false,"potions_floor_spawned":[11,14,29,33,35,38],"killed_by":"Giant Head","ascension_level":20}