{"gold_per_floor":[118,76,76,76,97,132,132,147,200,238,238,278,293,308,308,403,403,418,32,32,47,62,62],"floor_reached":23,"playtime":505,"items_purged":["Injury"],"score":472,"play_id":"84ad5b9b-be37-46bb-a1d8-0d193d08f9ac","local_time":"20220320003735","is_ascension_mode":true,"campfire_choices":[{"data":"Fiend Fire","floor":7,"key":"SMITH"},{"data":"Inflame","floor":15,"key":"SMITH"}],"neow_cost":"NONE","seed_source_timestamp":356023869919600,"circlet_count":0,"master_deck":["AscendersBane","Strike_R","Strike_R","Strike_R","Strike_R","Strike_R","Defend_R","Defend_R","Defend_R","Bash","Sentinel","Disarm","Havoc","Fiend Fire+1","Inflame+1","Shrug It Off","Feed","Evolve+1","Sword Boomerang"],"relics":["Burning Blood","NeowsBlessing","Golden Idol","Akabeko","Smiling Mask","Matryoshka","Darkstone Periapt","Mark of Pain","ClockworkSouvenir","Oddly Smooth Stone","Toy Ornithopter"],"potions_floor_usage":[12,18,22],"damage_taken":[{"damage":0,"enemies":"Jaw Worm","floor":1,"turns":1},{"damage":0,"enemies":"2 Louse","floor":5,"turns":1},{"damage":0,"enemies":"3 Sentries","floor":6,"turns":1},{"damage":0,"enemies":"Cultist","floor":8,"turns":2},{"damage":8,"enemies":"Gremlin Nob","floor":10,"turns":3},{"damage":23,"enemies":"Lagavulin","floor":12,"turns":5},{"damage":5,"enemies":"Exordium Wildlife","floor":13,"turns":3},{"damage":15,"enemies":"Exordium Thugs","floor":14,"turns":4},{"damage":23,"enemies":"Slime Boss","floor":16,"turns":7},{"damage":0,"enemies":"Shell Parasite","floor":18,"turns":1},{"damage":32,"enemies":"Chosen","floor":21,"turns":5},{"damage":15,"enemies":"Centurion and Healer","floor":22,"turns":8},{"damage":51,"enemies":"Slavers","floor":23,"turns":3}],"seed_played":"7524905230394731025","potions_obtained":[{"floor":1,"key":"Block Potion"},{"floor":6,"key":"Ancient Potion"},{"floor":16,"key":"AttackPotion"},{"floor":21,"key":"Weak Potion"}],"is_trial":false,"path_per_floor":["M","$","?","?","M","E","R","M","T","E","?","E","M","M","R","B",null,"M","$","?","M","M","E"],"character_chosen":"IRONCLAD","items_purchased":["Disarm","ClockworkSouvenir","Oddly Smooth Stone"],"campfire_rested":0,"item_purchase_floors":[2,19,19],"current_hp_per_floor":[74,74,74,74,75,75,75,75,75,73,73,56,57,48,48,31,64,70,70,70,47,46,0],"gold":62,"neow_bonus":"THREE_ENEMY_KILL","is_prod":false,"is_daily":false,"chose_seed":false,"campfire_upgraded":2,"win_rate":0,"timestamp":1647733055,"path_taken":["M","$","?","?","M","E","R","M","T","E","?","E","M","M","R","BOSS","M","?","?","M","?","E"],"build_version":"2022-03-07","purchased_purges":1,"victory":false,"max_hp_per_floor":[75,75,75,75,75,75,75,75,75,75,75,75,75,75,75,75,75,75,75,75,78,81,81],"card_choices":[{"not_picked":["Havoc","Twin Strike"],"picked":"Sentinel","floor":1},{"not_picked":["Twin Strike","Perfected Strike"],"picked":"Havoc","floor":5},{"not_picked":["Twin Strike","Uppercut"],"picked":"Fiend Fire","floor":6},{"not_picked":["Second Wind","Sword Boomerang"],"picked":"Inflame","floor":8},{"not_picked":["Headbutt","Bloodletting","Uppercut"],"picked":"SKIP","floor":10},{"not_picked":["Shockwave","True Grit"],"picked":"Shrug It Off","floor":12},{"not_picked":["Uppercut","Headbutt","Havoc"],"picked":"SKIP","floor":13},{"not_picked":["Perfected Strike","Heavy Blade","Flame Barrier"],"picked":"SKIP","floor":14},{"not_picked":["Berserk","Impervious"],"picked":"Feed","floor":16},{"not_picked":["True Grit","Headbutt"],"picked":"Evolve+1","floor":18},{"not_picked":["Shockwave","Flex","Heavy Blade"],"picked":"SKIP","floor":21},{"not_picked":["Perfected Strike","Searing Blow"],"picked":"Sword Boomerang","floor":22}],"player_experience":1838541,"relics_obtained":[{"floor":6,"key":"Akabeko"},{"floor":9,"key":"Smiling Mask"},{"floor":10,"key":"Matryoshka"},{"floor":12,"key":"Darkstone Periapt"}],"event_choices":[{"damage_healed":0,"gold_gain":0,"cards_transformed":["Defend_R"],"player_choice":"Change","damage_taken":0,"max_hp_gain":0,"max_hp_loss":0,"event_name":"Living Wall","floor":3,"gold_loss":0,"cards_obtained":["Wild Strike"]},{"damage_healed":0,"gold_gain":0,"player_choice":"Take Wound","damage_taken":0,"relics_obtained":["Golden Idol"],"max_hp_gain":0,"max_hp_loss":0,"event_name":"Golden Idol","floor":4,"gold_loss":0,"cards_obtained":["Injury"]},{"damage_healed":0,"gold_gain":0,"player_choice":"Got Potions","damage_taken":0,"max_hp_gain":0,"max_hp_loss":0,"event_name":"Lab","floor":11,"gold_loss":0},{"cards_removed":["Wild Strike"],"damage_healed":0,"gold_gain":0,"player_choice":"Gave Card","damage_taken":0,"relics_obtained":["Toy Ornithopter"],"max_hp_gain":0,"max_hp_loss":0,"event_name":"WeMeetAgain","floor":20,"gold_loss":0}],"is_beta":false,"boss_relics":[{"not_picked":["Fusion Hammer","Velvet Choker"],"picked":"Mark of Pain"}],"items_purged_floors":[19],"is_endless":false,"potions_floor_spawned":[1,6,10,16,21],"killed_by":"Slavers","ascension_level":20}