{"gold_per_floor":[111,91,104,115,133,133,146,175,200,200,200,239,24,24],"floor_reached":14,"playtime":240,"items_purged":["Injury"],"score":200,"play_id":"8b99ee90-aac4-4578-b462-1cccd1c2d394","local_time":"20220313221148","is_ascension_mode":true,"campfire_choices":[{"data":"Shockwave","floor":6,"key":"SMITH"},{"data":"Searing Blow","floor":10,"key":"SMITH"}],"neow_cost":"NONE","seed_source_timestamp":517673091923400,"circlet_count":0,"master_deck":["AscendersBane","Strike_R","Strike_R","Strike_R","Strike_R","Strike_R","Defend_R","Defend_R","Defend_R","Defend_R","Bash","Shockwave+1","Infernal Blade","Rage","Shrug It Off","Searing Blow+1"],"relics":["Burning Blood","NeowsBlessing","Smiling Mask","Strawberry","Golden Idol","Regal Pillow","HandDrill"],"potions_floor_usage":[],"damage_taken":[{"damage":0,"enemies":"Jaw Worm","floor":1,"turns":1},{"damage":0,"enemies":"Cultist","floor":3,"turns":1},{"damage":0,"enemies":"2 Louse","floor":4,"turns":1},{"damage":8,"enemies":"2 Fungi Beasts","floor":5,"turns":4},{"damage":11,"enemies":"Blue Slaver","floor":7,"turns":3},{"damage":20,"enemies":"Lagavulin","floor":8,"turns":8},{"damage":54,"enemies":"Gremlin Nob","floor":12,"turns":6},{"damage":21,"enemies":"Exordium Thugs","floor":14,"turns":2}],"seed_played":"3989415391867246398","potions_obtained":[{"floor":1,"key":"PowerPotion"},{"floor":2,"key":"LiquidBronze"}],"is_trial":false,"path_per_floor":["M","?","M","M","M","R","M","E","T","R","?","E","$","M"],"character_chosen":"IRONCLAD","items_purchased":["HandDrill"],"campfire_rested":0,"item_purchase_floors":[13],"current_hp_per_floor":[74,74,75,75,73,73,68,54,61,61,61,13,13,0],"gold":24,"neow_bonus":"THREE_ENEMY_KILL","is_prod":false,"is_daily":false,"chose_seed":false,"campfire_upgraded":2,"win_rate":0,"timestamp":1647205908,"path_taken":["M","?","M","?","M","R","M","E","T","R","?","E","$","M"],"build_version":"2022-03-07","purchased_purges":1,"victory":false,"max_hp_per_floor":[75,75,75,75,75,75,75,75,82,82,82,82,82,82],"card_choices":[{"not_picked":["Intimidate","Thunderclap"],"picked":"Shockwave","floor":1},{"not_picked":["Headbutt","Anger"],"picked":"Infernal Blade","floor":3},{"not_picked":["Fire Breathing","Reckless Charge"],"picked":"Rage","floor":4},{"not_picked":["Clash","Uppercut","Rage"],"picked":"SKIP","floor":5},{"not_picked":["Dual Wield","Warcry"],"picked":"Shrug It Off","floor":7},{"not_picked":["Heavy Blade","Second Wind"],"picked":"Searing Blow","floor":8},{"not_picked":["Twin Strike","Armaments","Metallicize"],"picked":"SKIP","floor":12}],"player_experience":1826228,"relics_obtained":[{"floor":8,"key":"Smiling Mask"},{"floor":9,"key":"Strawberry"},{"floor":12,"key":"Regal Pillow"}],"event_choices":[{"damage_healed":0,"gold_gain":0,"player_choice":"Bought 1 Potion","damage_taken":0,"max_hp_gain":0,"max_hp_loss":0,"event_name":"The Woman in Blue","floor":2,"gold_loss":0},{"damage_healed":0,"gold_gain":0,"player_choice":"Take Wound","damage_taken":0,"relics_obtained":["Golden Idol"],"max_hp_gain":0,"max_hp_loss":0,"event_name":"Golden Idol","floor":11,"gold_loss":0,"cards_obtained":["Injury"]}],"is_beta":false,"boss_relics":[],"items_purged_floors":[13],"is_endless":false,"potions_floor_spawned":[1,7,8,12],"killed_by":"Exordium Thugs","ascension_level":20}