{"gold_per_floor":[111,122,122,44,54,82,82,101,181,181,181,90,115,125,125,202,202,182,198,198,198],"floor_reached":21,"playtime":459,"items_purged":[],"score":403,"play_id":"6718db88-f4b3-457c-92eb-2bab5a043cae","local_time":"20220313221938","is_ascension_mode":true,"campfire_choices":[{"data":"Rampage","floor":10,"key":"SMITH"},{"floor":15,"key":"REST"}],"neow_cost":"NONE","seed_source_timestamp":517923241685700,"circlet_count":0,"master_deck":["AscendersBane","Strike_R","Strike_R","Strike_R","Strike_R","Defend_R","Defend_R","Defend_R","Defend_R","Bash+1","Flame Barrier+1","Rampage+1","Whirlwind","Panacea","Body Slam+1","Metallicize+1"],"relics":["Black Blood","NeowsBlessing","Mango","Bronze Scales","Singing Bowl","Molten Egg 2"],"potions_floor_usage":[6,6,13,16],"damage_taken":[{"damage":0,"enemies":"Small Slimes","floor":1,"turns":1},{"damage":0,"enemies":"Jaw Worm","floor":2,"turns":1},{"damage":0,"enemies":"Cultist","floor":5,"turns":1},{"damage":18,"enemies":"3 Sentries","floor":6,"turns":7},{"damage":1,"enemies":"2 Fungi Beasts","floor":8,"turns":3},{"damage":32,"enemies":"Gremlin Nob","floor":13,"turns":4},{"damage":1,"enemies":"Looter","floor":14,"turns":4},{"damage":22,"enemies":"Slime Boss","floor":16,"turns":7},{"damage":27,"enemies":"2 Thieves","floor":18,"turns":4},{"damage":44,"enemies":"Shell Parasite","floor":19,"turns":7},{"damage":40,"enemies":"Sentry and Sphere","floor":21,"turns":7}],"seed_played":"6302990432283393214","potions_obtained":[{"floor":2,"key":"Block Potion"},{"floor":5,"key":"AttackPotion"},{"floor":8,"key":"ColorlessPotion"},{"floor":14,"key":"LiquidMemories"},{"floor":19,"key":"Weak Potion"}],"is_trial":false,"path_per_floor":["M","M","?","$","M","E","$","M","T","R","?","$","E","M","R","B",null,"M","M","?","M"],"character_chosen":"IRONCLAD","items_purchased":["Rampage","Panacea"],"campfire_rested":1,"item_purchase_floors":[4,12],"current_hp_per_floor":[74,75,63,63,69,57,57,62,62,62,35,35,11,18,45,31,79,64,32,32,0],"gold":198,"neow_bonus":"THREE_ENEMY_KILL","is_prod":false,"is_daily":false,"chose_seed":false,"campfire_upgraded":1,"win_rate":0,"timestamp":1647206378,"path_taken":["M","M","?","?","?","E","$","M","T","R","?","$","E","M","R","BOSS","M","M","?","?"],"build_version":"2022-03-07","purchased_purges":0,"victory":false,"max_hp_per_floor":[75,75,89,89,89,89,89,89,89,89,89,89,91,93,93,95,95,95,95,95,95],"card_choices":[{"not_picked":["Anger","Hemokinesis"],"picked":"Flame Barrier","floor":1},{"not_picked":["Uppercut","Ghostly Armor","Twin Strike"],"picked":"SKIP","floor":2},{"not_picked":["Wild Strike","Twin Strike","Pommel Strike"],"picked":"SKIP","floor":5},{"not_picked":["Armaments","Thunderclap"],"picked":"Whirlwind","floor":6},{"not_picked":["Fiend Fire","Hemokinesis","Perfected Strike"],"picked":"SKIP","floor":8},{"not_picked":["Armaments","Rupture","Headbutt+1"],"picked":"Singing Bowl","floor":13},{"not_picked":["Seeing Red","Thunderclap+1","Evolve"],"picked":"Singing Bowl","floor":14},{"not_picked":["Limit Break","Brutality","Exhume"],"picked":"Singing Bowl","floor":16},{"not_picked":["Iron Wave+1","Shrug It Off"],"picked":"Body Slam+1","floor":18},{"not_picked":["Iron Wave+1","Armaments"],"picked":"Metallicize+1","floor":19}],"player_experience":1826468,"relics_obtained":[{"floor":6,"key":"Bronze Scales"},{"floor":9,"key":"Singing Bowl"},{"floor":13,"key":"Molten Egg 2"}],"event_choices":[{"damage_healed":0,"gold_gain":0,"player_choice":"Success","damage_taken":26,"relics_obtained":["Mango"],"max_hp_gain":0,"max_hp_loss":0,"event_name":"Scrap Ooze","floor":3,"gold_loss":0},{"damage_healed":0,"gold_gain":0,"player_choice":"Entered Light","damage_taken":27,"max_hp_gain":0,"max_hp_loss":0,"event_name":"Shining Light","floor":11,"gold_loss":0,"cards_upgraded":["Flame Barrier","Bash"]},{"cards_removed":["Strike_R"],"damage_healed":0,"gold_gain":0,"player_choice":"Purged","damage_taken":0,"max_hp_gain":0,"max_hp_loss":0,"event_name":"Purifier","floor":20,"gold_loss":0}],"is_beta":false,"boss_relics":[{"not_picked":["Philosopher\u0027s Stone","Empty Cage"],"picked":"Black Blood"}],"items_purged_floors":[],"is_endless":false,"potions_floor_spawned":[2,5,8,14,19],"killed_by":"Sentry and Sphere","ascension_level":20}