{"gold_per_floor":[109,21,21,37,11,46,46,61,143,179,199,199,199],"floor_reached":13,"playtime":388,"items_purged":[],"score":186,"play_id":"e52bff9c-7c61-4927-844c-07767d77b522","local_time":"20220318004739","is_ascension_mode":true,"campfire_choices":[{"floor":7,"key":"REST"}],"neow_cost":"NONE","seed_source_timestamp":183944384710600,"circlet_count":0,"master_deck":["AscendersBane","Strike_R","Strike_R","Strike_R","Strike_R","Strike_R","Defend_R","Defend_R","Defend_R","Defend_R","Bash","Thunderclap","Spot Weakness","True Grit","Fire Breathing","Disarm","Pommel Strike"],"relics":["SlaversCollar","Golden Idol","Bag of Marbles","White Beast Statue","Red Skull"],"potions_floor_usage":[6,8,11,13],"damage_taken":[{"damage":2,"enemies":"Cultist","floor":1,"turns":4},{"damage":2,"enemies":"2 Louse","floor":4,"turns":2},{"damage":35,"enemies":"3 Sentries","floor":6,"turns":8},{"damage":5,"enemies":"Small Slimes","floor":8,"turns":2},{"damage":36,"enemies":"Lagavulin","floor":10,"turns":6},{"damage":0,"enemies":"2 Fungi Beasts","floor":11,"turns":3},{"damage":11,"enemies":"3 Sentries","floor":13,"turns":4}],"seed_played":"-4444647681113860525","potions_obtained":[{"floor":1,"key":"SkillPotion"},{"floor":6,"key":"Energy Potion"},{"floor":10,"key":"GamblersBrew"},{"floor":11,"key":"SkillPotion"}],"is_trial":false,"path_per_floor":["M","$","?","M","$","E","R","M","T","E","M","?","E"],"character_chosen":"IRONCLAD","items_purchased":["Spot Weakness","True Grit"],"campfire_rested":1,"item_purchase_floors":[2,5],"current_hp_per_floor":[66,66,66,64,64,29,51,46,46,10,10,10,0],"gold":199,"neow_bonus":"BOSS_RELIC","is_prod":false,"is_daily":false,"chose_seed":false,"campfire_upgraded":0,"win_rate":0,"timestamp":1647560859,"path_taken":["M","?","?","M","$","E","R","M","T","E","M","?","E"],"build_version":"2022-03-07","purchased_purges":0,"victory":false,"max_hp_per_floor":[75,75,75,75,75,75,75,75,75,75,75,75,75],"card_choices":[{"not_picked":["Entrench","Combust"],"picked":"Thunderclap","floor":1},{"not_picked":["Headbutt","Havoc","Reckless Charge"],"picked":"SKIP","floor":4},{"not_picked":["Sentinel","Impervious"],"picked":"Fire Breathing","floor":6},{"not_picked":["Warcry","Iron Wave"],"picked":"Disarm","floor":8},{"not_picked":["True Grit","Wild Strike"],"picked":"Pommel Strike","floor":10},{"not_picked":["Headbutt","Perfected Strike","Brutality"],"picked":"SKIP","floor":11}],"player_experience":1835123,"relics_obtained":[{"floor":6,"key":"Bag of Marbles"},{"floor":9,"key":"White Beast Statue"},{"floor":10,"key":"Red Skull"}],"event_choices":[{"damage_healed":0,"gold_gain":0,"player_choice":"Take Wound","damage_taken":0,"relics_obtained":["Golden Idol"],"max_hp_gain":0,"max_hp_loss":0,"event_name":"Golden Idol","floor":3,"gold_loss":0,"cards_obtained":["Injury"]},{"cards_removed":["Injury"],"damage_healed":0,"gold_gain":0,"player_choice":"Purged","damage_taken":0,"max_hp_gain":0,"max_hp_loss":0,"event_name":"Purifier","floor":12,"gold_loss":0}],"is_beta":false,"boss_relics":[],"items_purged_floors":[],"is_endless":false,"potions_floor_spawned":[1,6,10,11],"killed_by":"3 Sentries","ascension_level":20}