{"gold_per_floor":[117,117,132,152,77,77,77,77,77,106,118,128,148,52,52,127,127,145,70,70,70,94,94],"floor_reached":23,"playtime":415,"items_purged":["Strike_R"],"score":378,"play_id":"8fb0bcff-04a7-495b-b158-a6c8ded28b16","local_time":"20220313130433","is_ascension_mode":true,"campfire_choices":[{"data":"Juggernaut","floor":6,"key":"SMITH"},{"data":"Spot Weakness","floor":8,"key":"SMITH"},{"data":"Body Slam","floor":15,"key":"SMITH"}],"neow_cost":"NONE","seed_source_timestamp":484662274425600,"circlet_count":0,"master_deck":["AscendersBane","Strike_R","Strike_R","Defend_R","Defend_R","Defend_R","Defend_R","Bash","Thunderclap","Spot Weakness+1","Juggernaut+1","Flame Barrier","Body Slam+1","Flash of Steel","Barricade","Shame"],"relics":["Burning Blood","NeowsBlessing","GremlinMask","Red Skull","Lantern","Black Star","Anchor","Omamori"],"potions_floor_usage":[12,23],"damage_taken":[{"damage":0,"enemies":"2 Louse","floor":1,"turns":1},{"damage":0,"enemies":"Cultist","floor":3,"turns":1},{"damage":0,"enemies":"Small Slimes","floor":4,"turns":1},{"damage":20,"enemies":"Lagavulin","floor":10,"turns":7},{"damage":6,"enemies":"Exordium Wildlife","floor":11,"turns":3},{"damage":1,"enemies":"2 Fungi Beasts","floor":12,"turns":3},{"damage":6,"enemies":"Looter","floor":13,"turns":3},{"damage":42,"enemies":"Hexaghost","floor":16,"turns":9},{"damage":26,"enemies":"Chosen","floor":18,"turns":7},{"damage":78,"enemies":"Book of Stabbing","floor":23,"turns":5}],"seed_played":"6269602521307448995","potions_obtained":[{"floor":1,"key":"Explosive Potion"},{"floor":4,"key":"BloodPotion"}],"is_trial":false,"path_per_floor":["M","?","M","M","$","R","?","R","T","E","M","M","M","$","R","B",null,"M","?","?","?","T","E"],"character_chosen":"IRONCLAD","items_purchased":["Flash of Steel"],"campfire_rested":0,"item_purchase_floors":[14],"current_hp_per_floor":[74,74,75,75,75,75,68,68,68,54,54,59,59,59,59,23,62,42,42,42,57,57,0],"gold":94,"neow_bonus":"THREE_ENEMY_KILL","is_prod":false,"is_daily":false,"chose_seed":false,"campfire_upgraded":3,"win_rate":0,"timestamp":1647173073,"path_taken":["M","?","M","?","?","R","?","R","T","E","M","M","M","$","R","BOSS","M","?","?","?","?","E"],"build_version":"2022-03-07","purchased_purges":1,"victory":false,"max_hp_per_floor":[75,75,75,75,75,75,75,75,75,75,75,75,75,75,75,75,75,75,75,75,75,75,75],"card_choices":[{"not_picked":["Disarm","Warcry"],"picked":"Thunderclap","floor":1},{"not_picked":["Body Slam","Pommel Strike"],"picked":"Spot Weakness","floor":3},{"not_picked":["Bloodletting","Headbutt"],"picked":"Juggernaut","floor":4},{"not_picked":["Hemokinesis","Armaments"],"picked":"Flame Barrier","floor":10},{"not_picked":["Evolve","Power Through"],"picked":"Body Slam","floor":11},{"not_picked":["True Grit","Infernal Blade","Uppercut"],"picked":"SKIP","floor":12},{"not_picked":["Clash","Havoc","Heavy Blade"],"picked":"SKIP","floor":13},{"not_picked":["Immolate","Fiend Fire"],"picked":"Barricade","floor":16},{"not_picked":["Feel No Pain","True Grit","Headbutt"],"picked":"SKIP","floor":18}],"player_experience":1824682,"relics_obtained":[{"floor":9,"key":"Red Skull"},{"floor":10,"key":"Lantern"},{"floor":22,"key":"Omamori"}],"event_choices":[{"damage_healed":0,"gold_gain":0,"player_choice":"Trade","damage_taken":0,"relics_obtained":["GremlinMask"],"max_hp_gain":0,"max_hp_loss":0,"event_name":"FaceTrader","floor":2,"gold_loss":0},{"cards_removed":["Strike_R"],"damage_healed":0,"gold_gain":0,"player_choice":"Card Removal","damage_taken":7,"max_hp_gain":0,"max_hp_loss":0,"event_name":"Golden Wing","floor":7,"gold_loss":0},{"cards_removed":["Strike_R"],"damage_healed":0,"gold_gain":0,"player_choice":"Gave Gold","damage_taken":0,"max_hp_gain":0,"max_hp_loss":0,"event_name":"Beggar","floor":19,"gold_loss":75},{"damage_healed":0,"gold_gain":0,"player_choice":"Stole Relic","damage_taken":0,"relics_obtained":["Anchor"],"max_hp_gain":0,"max_hp_loss":0,"event_name":"Addict","floor":20,"gold_loss":0,"cards_obtained":["Shame"]},{"damage_healed":15,"gold_gain":0,"player_choice":"Heal","damage_taken":0,"max_hp_gain":0,"max_hp_loss":0,"event_name":"The Library","floor":21,"gold_loss":0}],"is_beta":false,"boss_relics":[{"not_picked":["Coffee Dripper","Black Blood"],"picked":"Black Star"}],"items_purged_floors":[5],"is_endless":false,"potions_floor_spawned":[1,4,10],"killed_by":"Book of Stabbing","ascension_level":20}