{"gold_per_floor":[113,127,127,140,140,140,153,191,191,191,209,248,1,15,15,15],"floor_reached":16,"playtime":406,"items_purged":["Strike_R"],"score":224,"play_id":"8705b59a-b3fd-441a-93c1-2296ae1a8829","local_time":"20220319234208","is_ascension_mode":true,"campfire_choices":[{"data":"1","floor":6,"key":"LIFT"},{"data":"2","floor":10,"key":"LIFT"},{"data":"3","floor":15,"key":"LIFT"}],"neow_cost":"TEN_PERCENT_HP_LOSS","seed_source_timestamp":352795697001100,"circlet_count":0,"master_deck":["AscendersBane","Strike_R","Strike_R","Strike_R","Strike_R","Defend_R","Defend_R","Defend_R","Defend_R","Bash","Pommel Strike","Cleave+1","Injury","Shrug It Off","Metallicize","Shrug It Off","Fire Breathing"],"relics":["Burning Blood","Girya","Golden Idol","InkBottle","Self Forming Clay","Shuriken","OrangePellets"],"potions_floor_usage":[8,12,16],"damage_taken":[{"damage":14,"enemies":"2 Louse","floor":1,"turns":4},{"damage":14,"enemies":"Jaw Worm","floor":2,"turns":4},{"damage":1,"enemies":"Cultist","floor":4,"turns":3},{"damage":14,"enemies":"Red Slaver","floor":7,"turns":4},{"damage":17,"enemies":"3 Sentries","floor":8,"turns":9},{"damage":8,"enemies":"3 Louse","floor":11,"turns":4},{"damage":29,"enemies":"Lagavulin","floor":12,"turns":6},{"damage":6,"enemies":"Exordium Wildlife","floor":14,"turns":5},{"damage":35,"enemies":"Slime Boss","floor":16,"turns":3}],"seed_played":"-5004262409740739054","potions_obtained":[{"floor":2,"key":"LiquidMemories"},{"floor":7,"key":"Dexterity Potion"},{"floor":8,"key":"AttackPotion"}],"is_trial":false,"path_per_floor":["M","M","?","M","?","R","M","E","T","R","M","E","$","M","R","B"],"character_chosen":"IRONCLAD","items_purchased":["OrangePellets"],"campfire_rested":0,"item_purchase_floors":[13],"current_hp_per_floor":[60,52,52,57,57,57,49,38,38,38,36,13,13,13,13,0],"gold":15,"neow_bonus":"ONE_RARE_RELIC","is_prod":false,"is_daily":false,"chose_seed":false,"campfire_upgraded":0,"win_rate":0,"timestamp":1647729728,"path_taken":["M","M","?","M","?","R","?","E","T","R","M","E","?","M","R","BOSS"],"build_version":"2022-03-07","purchased_purges":1,"victory":false,"max_hp_per_floor":[68,68,68,68,68,68,68,68,68,68,68,68,68,68,68,68],"card_choices":[{"not_picked":["Clash","Twin Strike"],"picked":"Pommel Strike","floor":1},{"not_picked":["Wild Strike","Thunderclap"],"picked":"Cleave","floor":2},{"not_picked":["Warcry","Headbutt"],"picked":"Shrug It Off","floor":4},{"not_picked":["Flex","Havoc"],"picked":"Metallicize","floor":7},{"not_picked":["Fiend Fire","Flex"],"picked":"Shrug It Off","floor":8},{"not_picked":["Battle Trance","Sever Soul"],"picked":"Fire Breathing","floor":11},{"not_picked":["Clothesline","Armaments","Bloodletting"],"picked":"SKIP","floor":12},{"not_picked":["Headbutt","Dual Wield","Perfected Strike"],"picked":"SKIP","floor":14}],"player_experience":1835885,"relics_obtained":[{"floor":8,"key":"InkBottle"},{"floor":9,"key":"Self Forming Clay"},{"floor":12,"key":"Shuriken"}],"event_choices":[{"damage_healed":0,"gold_gain":0,"player_choice":"Take Wound","damage_taken":0,"relics_obtained":["Golden Idol"],"max_hp_gain":0,"max_hp_loss":0,"event_name":"Golden Idol","floor":3,"gold_loss":0,"cards_obtained":["Injury"]},{"damage_healed":0,"gold_gain":0,"player_choice":"Forge","damage_taken":0,"max_hp_gain":0,"max_hp_loss":0,"event_name":"Accursed Blacksmith","floor":5,"gold_loss":0,"cards_upgraded":["Cleave"]}],"is_beta":false,"boss_relics":[],"items_purged_floors":[13],"is_endless":false,"potions_floor_spawned":[2,7,8],"killed_by":"Slime Boss","ascension_level":20}