{"gold_per_floor":[114,49,65,65,91,91,111,137,164,164,189,189,201,233,233,233],"floor_reached":16,"playtime":491,"items_purged":[],"score":236,"play_id":"889d0f4f-087e-4f2f-a024-2942b3a9f6a4","local_time":"20220312203107","is_ascension_mode":true,"campfire_choices":[{"data":"Apotheosis","floor":6,"key":"SMITH"},{"floor":12,"key":"REST"},{"floor":15,"key":"REST"}],"neow_cost":"CURSE","seed_source_timestamp":424980558240500,"circlet_count":0,"master_deck":["AscendersBane","Strike_R","Strike_R","Strike_R","Strike_R","Strike_R","Defend_R","Defend_R","Defend_R","Defend_R","Bash","Pain","Apotheosis+1","Shrug It Off","Shrug It Off","Wild Strike","Pain","Body Slam","Flame Barrier"],"relics":["Burning Blood","Blue Candle","Tiny Chest","White Beast Statue","Pen Nib","WarpedTongs","Centennial Puzzle","Art of War"],"potions_floor_usage":[8,16],"damage_taken":[{"damage":5,"enemies":"Cultist","floor":1,"turns":4},{"damage":9,"enemies":"Small Slimes","floor":3,"turns":4},{"damage":2,"enemies":"Jaw Worm","floor":7,"turns":5},{"damage":38,"enemies":"3 Sentries","floor":8,"turns":13},{"damage":13,"enemies":"Lagavulin","floor":11,"turns":7},{"damage":5,"enemies":"Large Slime","floor":13,"turns":6},{"damage":30,"enemies":"Gremlin Nob","floor":14,"turns":4},{"damage":74,"enemies":"Slime Boss","floor":16,"turns":9}],"seed_played":"-7550712893999765877","potions_obtained":[{"floor":7,"key":"AttackPotion"},{"floor":8,"key":"Energy Potion"},{"floor":11,"key":"BlessingOfTheForge"},{"floor":13,"key":"EssenceOfSteel"},{"floor":14,"key":"BloodPotion"}],"is_trial":false,"path_per_floor":["M","?","M","?","T","R","M","E","T","?","E","R","M","E","R","B"],"character_chosen":"IRONCLAD","items_purchased":[],"campfire_rested":2,"item_purchase_floors":[],"current_hp_per_floor":[69,69,66,66,66,66,70,38,38,38,31,53,54,30,52,0],"gold":233,"neow_bonus":"RANDOM_COLORLESS_2","is_prod":false,"is_daily":false,"chose_seed":false,"campfire_upgraded":1,"win_rate":0,"timestamp":1647113467,"path_taken":["M","?","?","?","?","R","M","E","T","?","E","R","M","E","R","BOSS"],"build_version":"2022-03-07","purchased_purges":0,"victory":false,"max_hp_per_floor":[75,75,75,75,75,75,75,75,75,75,75,75,75,75,75,75],"card_choices":[{"not_picked":["Metamorphosis","Chrysalis"],"picked":"Apotheosis","floor":0},{"not_picked":["Havoc","Body Slam"],"picked":"Shrug It Off","floor":1},{"not_picked":["Clothesline","Pommel Strike"],"picked":"Shrug It Off","floor":3},{"not_picked":["Sword Boomerang","Evolve"],"picked":"Wild Strike","floor":7},{"not_picked":["Dark Embrace","Clash","Thunderclap"],"picked":"SKIP","floor":8},{"not_picked":["Heavy Blade","Power Through","Whirlwind"],"picked":"SKIP","floor":11},{"not_picked":["Fire Breathing","Wild Strike"],"picked":"Body Slam","floor":13},{"not_picked":["Rage","Rampage"],"picked":"Flame Barrier","floor":14}],"player_experience":1821150,"relics_obtained":[{"floor":5,"key":"Tiny Chest"},{"floor":8,"key":"White Beast Statue"},{"floor":9,"key":"Pen Nib"},{"floor":11,"key":"Centennial Puzzle"},{"floor":14,"key":"Art of War"}],"event_choices":[{"damage_healed":0,"gold_gain":0,"player_choice":"Paid Gold","damage_taken":0,"relics_obtained":["Blue Candle"],"max_hp_gain":0,"max_hp_loss":0,"event_name":"WeMeetAgain","floor":2,"gold_loss":65},{"damage_healed":0,"gold_gain":0,"player_choice":"Leave","damage_taken":0,"max_hp_gain":0,"max_hp_loss":0,"event_name":"The Cleric","floor":4,"gold_loss":0},{"damage_healed":0,"gold_gain":0,"player_choice":"Rummage","damage_taken":0,"relics_obtained":["WarpedTongs"],"max_hp_gain":0,"max_hp_loss":0,"event_name":"Accursed Blacksmith","floor":10,"gold_loss":0,"cards_obtained":["Pain"]}],"is_beta":false,"boss_relics":[],"items_purged_floors":[],"is_endless":false,"potions_floor_spawned":[7,8,11,13,14],"killed_by":"Slime Boss","ascension_level":20}