{"gold_per_floor":[117,130,130,140,140,174,9,9,9,9],"floor_reached":10,"playtime":211,"items_purged":[],"score":132,"play_id":"372d25b2-c374-4322-ade1-00c7276251ce","local_time":"20220313102706","is_ascension_mode":true,"campfire_choices":[],"neow_cost":"NONE","seed_source_timestamp":475419622142600,"circlet_count":0,"master_deck":["AscendersBane","Strike_R","Strike_R","Strike_R","Strike_R","Strike_R","Defend_R","Defend_R","Defend_R","Defend_R","Bash","Entrench+1","Spot Weakness"],"relics":["Runic Pyramid","Letter Opener","Toy Ornithopter","Chemical X","Bottled Lightning"],"potions_floor_usage":[],"damage_taken":[{"damage":4,"enemies":"Small Slimes","floor":1,"turns":3},{"damage":21,"enemies":"Jaw Worm","floor":2,"turns":5},{"damage":0,"enemies":"2 Louse","floor":4,"turns":3},{"damage":30,"enemies":"Lagavulin","floor":6,"turns":7},{"damage":10,"enemies":"Gremlin Gang","floor":10,"turns":1}],"seed_played":"-4309232762365232924","potions_obtained":[{"floor":1,"key":"Swift Potion"},{"floor":2,"key":"EssenceOfSteel"},{"floor":6,"key":"Dexterity Potion"}],"is_trial":false,"path_per_floor":["M","M","?","M","?","E","$","$","T","M"],"character_chosen":"IRONCLAD","items_purchased":["Chemical X"],"campfire_rested":0,"item_purchase_floors":[7],"current_hp_per_floor":[64,43,38,38,38,8,8,8,8,0],"gold":9,"neow_bonus":"BOSS_RELIC","is_prod":false,"is_daily":false,"chose_seed":false,"campfire_upgraded":0,"win_rate":0,"timestamp":1647163626,"path_taken":["M","M","?","M","?","E","?","$","T","M"],"build_version":"2022-03-07","purchased_purges":0,"victory":false,"max_hp_per_floor":[75,75,75,75,75,75,75,75,75,75],"card_choices":[{"not_picked":["Pommel Strike","Inflame"],"picked":"Entrench","floor":1},{"not_picked":["Havoc","Infernal Blade","Metallicize"],"picked":"SKIP","floor":2},{"not_picked":["Thunderclap","Flex"],"picked":"Spot Weakness","floor":4},{"not_picked":["Reckless Charge","Pummel","Wild Strike"],"picked":"SKIP","floor":6}],"player_experience":1823334,"relics_obtained":[{"floor":6,"key":"Toy Ornithopter"},{"floor":9,"key":"Bottled Lightning"}],"event_choices":[{"damage_healed":0,"gold_gain":0,"player_choice":"Success","damage_taken":5,"relics_obtained":["Letter Opener"],"max_hp_gain":0,"max_hp_loss":0,"event_name":"Scrap Ooze","floor":3,"gold_loss":0},{"damage_healed":0,"gold_gain":0,"player_choice":"Grow","damage_taken":0,"max_hp_gain":0,"max_hp_loss":0,"event_name":"Living Wall","floor":5,"gold_loss":0,"cards_upgraded":["Entrench"]}],"is_beta":false,"boss_relics":[],"items_purged_floors":[],"is_endless":false,"potions_floor_spawned":[1,2,6],"killed_by":"Gremlin Gang","ascension_level":20}