{"gold_per_floor":[119,119,119,133,133,163,163,46,73,103,3,3,36,62,62,138,138,156,156,156,102,170,170],"floor_reached":23,"playtime":603,"items_purged":["Pain","Regret"],"score":426,"play_id":"e5329bd6-02e3-4e9c-90b9-7ad2acdef239","local_time":"20220317214615","is_ascension_mode":true,"campfire_choices":[{"floor":7,"key":"REST"},{"floor":12,"key":"REST"},{"floor":15,"key":"REST"}],"neow_cost":"NONE","seed_source_timestamp":172845403289500,"circlet_count":0,"master_deck":["AscendersBane","Strike_R","Strike_R","Defend_R","Defend_R","Defend_R","Defend_R","Bash","Spot Weakness","Sword Boomerang","Inflame","Metallicize","Limit Break","Twin Strike","Twin Strike"],"relics":["SlaversCollar","WingedGreaves","WarpedTongs","Prayer Wheel","Pen Nib","Bag of Preparation","Magic Flower","Strawberry","Empty Cage","SsserpentHead"],"potions_floor_usage":[6,14,16,22,23],"damage_taken":[{"damage":6,"enemies":"Jaw Worm","floor":1,"turns":5},{"damage":4,"enemies":"2 Louse","floor":4,"turns":3},{"damage":36,"enemies":"3 Sentries","floor":6,"turns":9},{"damage":30,"enemies":"Lagavulin","floor":10,"turns":4},{"damage":19,"enemies":"3 Sentries","floor":13,"turns":6},{"damage":6,"enemies":"Gremlin Nob","floor":14,"turns":3},{"damage":28,"enemies":"The Guardian","floor":16,"turns":6},{"damage":21,"enemies":"Chosen","floor":18,"turns":5},{"damage":20,"enemies":"Spheric Guardian","floor":22,"turns":5},{"damage":30,"enemies":"Slavers","floor":23,"turns":2}],"seed_played":"-1877180662814648203","potions_obtained":[{"floor":4,"key":"EssenceOfSteel"},{"floor":10,"key":"Weak Potion"},{"floor":14,"key":"Strength Potion"},{"floor":18,"key":"SkillPotion"}],"is_trial":false,"path_per_floor":["M","?","?","M","?","E","R","$","T","E","$","R","E","E","R","B",null,"M","?","?","$","M","E"],"character_chosen":"IRONCLAD","items_purchased":["Inflame","Fire Potion"],"campfire_rested":3,"item_purchase_floors":[8,21],"current_hp_per_floor":[62,62,62,58,58,22,44,44,44,14,14,36,17,18,42,14,65,44,44,44,44,24,0],"gold":170,"neow_bonus":"BOSS_RELIC","is_prod":false,"is_daily":false,"chose_seed":false,"campfire_upgraded":0,"win_rate":0,"timestamp":1647549975,"path_taken":["M","?","?","?","?","E","R","$","T","E","$","R","E","E","R","BOSS","M","?","?","$","?","E"],"build_version":"2022-03-07","purchased_purges":2,"victory":false,"max_hp_per_floor":[75,75,75,75,75,75,75,75,75,75,75,75,75,82,82,82,82,82,82,82,82,82,82],"card_choices":[{"not_picked":["Iron Wave","Shrug It Off"],"picked":"Spot Weakness","floor":1},{"not_picked":["Warcry","Pommel Strike"],"picked":"Sword Boomerang","floor":4},{"not_picked":["Uppercut","Heavy Blade"],"picked":"Sever Soul","floor":6},{"not_picked":["Entrench","Rupture","Twin Strike"],"picked":"SKIP","floor":10},{"not_picked":["Havoc","Uppercut","Flex"],"picked":"SKIP","floor":13},{"not_picked":["Cleave","Intimidate"],"picked":"Metallicize","floor":14},{"not_picked":["Fiend Fire","Bludgeon"],"picked":"Limit Break","floor":16},{"not_picked":["Seeing Red","Havoc","Evolve"],"picked":"SKIP","floor":18},{"not_picked":["Perfected Strike","Intimidate","Power Through"],"picked":"SKIP","floor":18},{"not_picked":["Havoc","Sentinel+1","Heavy Blade"],"picked":"SKIP","floor":22},{"not_picked":["Clothesline","Wild Strike","Blood for Blood"],"picked":"SKIP","floor":22}],"player_experience":1833501,"relics_obtained":[{"floor":6,"key":"Prayer Wheel"},{"floor":9,"key":"Pen Nib"},{"floor":10,"key":"Bag of Preparation"},{"floor":13,"key":"Magic Flower"},{"floor":14,"key":"Strawberry"}],"event_choices":[{"damage_healed":0,"gold_gain":0,"player_choice":"Box","damage_taken":0,"relics_obtained":["WingedGreaves"],"max_hp_gain":0,"max_hp_loss":0,"event_name":"Big Fish","floor":2,"gold_loss":0,"cards_obtained":["Regret"]},{"damage_healed":0,"gold_gain":0,"player_choice":"Rummage","damage_taken":0,"relics_obtained":["WarpedTongs"],"max_hp_gain":0,"max_hp_loss":0,"event_name":"Accursed Blacksmith","floor":3,"gold_loss":0,"cards_obtained":["Pain"]},{"damage_healed":0,"gold_gain":0,"player_choice":"Ignored","damage_taken":0,"max_hp_gain":0,"max_hp_loss":0,"event_name":"Liars Game","floor":5,"gold_loss":0},{"damage_healed":0,"gold_gain":0,"cards_transformed":["Strike_R","Sever Soul"],"player_choice":"Became Test Subject","damage_taken":0,"max_hp_gain":0,"max_hp_loss":0,"event_name":"Drug Dealer","floor":19,"gold_loss":0,"cards_obtained":["Twin Strike","Twin Strike"]},{"damage_healed":0,"gold_gain":0,"player_choice":"Trade","damage_taken":0,"relics_obtained":["SsserpentHead"],"max_hp_gain":0,"max_hp_loss":0,"event_name":"FaceTrader","floor":20,"gold_loss":0}],"is_beta":false,"boss_relics":[{"not_picked":["Mark of Pain","Philosopher\u0027s Stone"],"picked":"Empty Cage"}],"items_purged_floors":[8,11],"is_endless":false,"potions_floor_spawned":[4,10,14,18],"killed_by":"Slavers","ascension_level":20}