{"gold_per_floor":[109,122,97,113,165,165,185,185,208,218,218,246,193,193],"floor_reached":14,"playtime":325,"items_purged":[],"score":180,"play_id":"e61b14cd-3a9c-4104-ada1-e31558db9806","local_time":"20220313124533","is_ascension_mode":true,"campfire_choices":[{"floor":6,"key":"REST"},{"data":"Armaments","floor":8,"key":"SMITH"}],"neow_cost":"NONE","seed_source_timestamp":0,"circlet_count":0,"master_deck":["AscendersBane","Strike_R","Strike_R","Strike_R","Strike_R","Strike_R","Defend_R","Defend_R","Defend_R","Defend_R","Bash","Rampage","Armaments+1","Shrug It Off"],"special_seed":0,"relics":["Runic Cube","Akabeko","Happy Flower","Unceasing Top","FossilizedHelix"],"potions_floor_usage":[14],"damage_taken":[{"damage":29.0,"enemies":"Cultist","floor":1.0,"turns":6.0},{"damage":1,"enemies":"2 Louse","floor":2,"turns":4},{"damage":9,"enemies":"Jaw Worm","floor":4,"turns":4},{"damage":28,"enemies":"Large Slime","floor":7,"turns":6},{"damage":5,"enemies":"2 Fungi Beasts","floor":10,"turns":4},{"damage":15,"enemies":"Lagavulin","floor":12,"turns":6},{"damage":3,"enemies":"3 Sentries","floor":14,"turns":6}],"seed_played":"2954950889643750858","potions_obtained":[{"floor":1,"key":"EssenceOfSteel"},{"floor":4,"key":"Dexterity Potion"}],"is_trial":false,"path_per_floor":["M","M","$","M","T","R","M","R","T","M","?","E","$","E"],"character_chosen":"IRONCLAD","items_purchased":["Armaments","Fire Potion"],"campfire_rested":1,"item_purchase_floors":[3,13],"current_hp_per_floor":[39,38,38,29,29,51,23,23,23,18,18,3,3,0],"gold":193,"neow_bonus":"BOSS_RELIC","is_prod":false,"is_daily":false,"chose_seed":false,"campfire_upgraded":1,"win_rate":0,"timestamp":1647171933,"path_taken":["M","M","$","M","?","R","M","R","T","?","?","E","?","E"],"build_version":"2022-03-07","purchased_purges":0,"victory":false,"max_hp_per_floor":[75,75,75,75,75,75,75,75,75,75,75,75,75,75],"card_choices":[{"not_picked":["Dark Embrace","Armaments"],"picked":"Rampage","floor":1},{"not_picked":["Sword Boomerang","Dual Wield","Dark Embrace"],"picked":"SKIP","floor":2},{"not_picked":["Warcry","Second Wind"],"picked":"Shrug It Off","floor":4},{"not_picked":["Perfected Strike","Hemokinesis","Clothesline"],"picked":"SKIP","floor":7},{"not_picked":["Infernal Blade","Wild Strike","Brutality"],"picked":"SKIP","floor":10},{"not_picked":["Anger","Impervious","Clothesline"],"picked":"SKIP","floor":12}],"player_experience":1823762,"relics_obtained":[{"floor":5,"key":"Akabeko"},{"floor":9,"key":"Happy Flower"},{"floor":12,"key":"FossilizedHelix"}],"event_choices":[{"damage_healed":0,"gold_gain":0,"player_choice":"Gave Potion","damage_taken":0,"relics_obtained":["Unceasing Top"],"max_hp_gain":0,"max_hp_loss":0,"event_name":"WeMeetAgain","floor":11,"gold_loss":0}],"is_beta":false,"boss_relics":[],"items_purged_floors":[],"is_endless":false,"potions_floor_spawned":[1,4],"killed_by":"3 Sentries","ascension_level":20}