{"gold_per_floor":[116,116,19,39,50,50,62,62,62,62,95,107,107,32,32,109,109,128,146,146,71,71,71,103,103,156,156,176,13,22,41,41,125,137,167,188,209,27,42,77,77,14,23,23,36,36,36],"floor_reached":47,"playtime":1710,"items_purged":["Strike_R","Pain","Shame"],"score":1163,"play_id":"8e40a5bb-4cb4-4db2-9433-2ca27597dd75","local_time":"20220315221831","is_ascension_mode":true,"campfire_choices":[{"data":"Searing Blow","floor":6,"key":"SMITH"},{"data":"Searing Blow+1","floor":8,"key":"SMITH"},{"data":"Searing Blow+2","floor":13,"key":"SMITH"},{"data":"Searing Blow+3","floor":15,"key":"SMITH"},{"data":"Searing Blow+4","floor":23,"key":"SMITH"},{"data":"Searing Blow+5","floor":25,"key":"SMITH"},{"data":"Searing Blow+6","floor":27,"key":"SMITH"},{"floor":32,"key":"DIG"},{"floor":41,"key":"REST"},{"floor":44,"key":"DIG"}],"neow_cost":"NONE","seed_source_timestamp":865022030200,"circlet_count":0,"master_deck":["AscendersBane","Strike_R","Strike_R+1","Strike_R","Defend_R","Defend_R+1","Defend_R","Defend_R","Bash","Searing Blow+7","Dark Shackles","Shrug It Off","Dual Wield","Armaments","Feed","Battle Trance","Parasite","Armaments+1","Enlightenment","Warcry","Regret"],"relics":["SlaversCollar","Thread and Needle","Pocketwatch","Cursed Key","Dead Branch","Sundial","CeramicFish","Membership Card","Shovel","MawBank","Runic Pyramid","HornCleat","Frozen Egg 2","Strawberry","Mercury Hourglass","Unceasing Top"],"potions_floor_usage":[33,39,47],"damage_taken":[{"damage":12,"enemies":"Small Slimes","floor":1,"turns":4},{"damage":2,"enemies":"Jaw Worm","floor":4,"turns":5},{"damage":0,"enemies":"Cultist","floor":5,"turns":3},{"damage":2,"enemies":"Lots of Slimes","floor":7,"turns":8},{"damage":1,"enemies":"3 Sentries","floor":11,"turns":7},{"damage":5,"enemies":"Exordium Thugs","floor":12,"turns":5},{"damage":0,"enemies":"Slime Boss","floor":16,"turns":7},{"damage":19,"enemies":"3 Byrds","floor":18,"turns":7},{"damage":2,"enemies":"2 Thieves","floor":19,"turns":4},{"damage":0,"enemies":"Gremlin Leader","floor":24,"turns":6},{"damage":4,"enemies":"Centurion and Healer","floor":28,"turns":4},{"damage":19,"enemies":"Sentry and Sphere","floor":31,"turns":5},{"damage":81,"enemies":"Champ","floor":33,"turns":9},{"damage":38,"enemies":"3 Darklings","floor":35,"turns":6},{"damage":7,"enemies":"Orb Walker","floor":39,"turns":4},{"damage":25,"enemies":"Nemesis","floor":40,"turns":7},{"damage":3,"enemies":"Maw","floor":45,"turns":5},{"damage":46,"enemies":"Reptomancer","floor":47,"turns":4}],"seed_played":"6873487345173154221","potions_obtained":[{"floor":1,"key":"FairyPotion"},{"floor":5,"key":"ElixirPotion"},{"floor":7,"key":"SteroidPotion"},{"floor":11,"key":"BloodPotion"},{"floor":33,"key":"FearPotion"},{"floor":35,"key":"ColorlessPotion"}],"is_trial":false,"path_per_floor":["M","?","$","M","M","R","M","R","T","$","E","M","R","$","R","B",null,"M","M","$","$","T","R","E","R","T","R","M","$","?","M","R","B",null,"M","?","?","$","M","E","R","$","T","R","M","?","E"],"character_chosen":"IRONCLAD","items_purchased":["Dark Shackles","Battle Trance","Membership Card","HornCleat"],"campfire_rested":1,"item_purchase_floors":[3,21,29,38],"current_hp_per_floor":[56,33,33,31,31,31,29,29,29,29,28,23,23,23,23,23,62,47,48,48,48,48,48,48,48,48,48,47,47,47,31,31,22,72,34,34,34,34,31,10,38,38,45,45,46,46,0],"gold":36,"neow_bonus":"BOSS_RELIC","is_prod":false,"is_daily":false,"chose_seed":false,"campfire_upgraded":7,"win_rate":0,"timestamp":1647379111,"path_taken":["M","?","$","M","M","R","M","R","T","?","E","?","R","$","R","BOSS","M","M","?","$","?","R","E","R","T","R","M","$","?","?","R","BOSS","M","?","?","$","?","E","R","$","T","R","M","?","E"],"build_version":"2022-03-07","purchased_purges":3,"victory":false,"max_hp_per_floor":[75,75,75,75,75,75,75,75,75,75,75,75,75,75,75,75,75,79,82,82,82,82,82,82,82,82,82,85,85,85,88,88,88,88,88,88,88,88,92,96,96,96,103,103,107,107,107],"card_choices":[{"not_picked":["Clothesline","Headbutt"],"picked":"Searing Blow","floor":1},{"not_picked":["Entrench","Cleave"],"picked":"Armaments","floor":4},{"not_picked":["Heavy Blade","True Grit"],"picked":"Shrug It Off","floor":5},{"not_picked":["Havoc","Body Slam","Shrug It Off"],"picked":"SKIP","floor":7},{"not_picked":["Reckless Charge","Offering"],"picked":"Dual Wield","floor":11},{"not_picked":["Body Slam","Perfected Strike"],"picked":"Armaments","floor":12},{"not_picked":["Fiend Fire","Brutality"],"picked":"Feed","floor":16},{"not_picked":["Havoc","Rage","Clothesline"],"picked":"SKIP","floor":18},{"not_picked":["Dropkick","Heavy Blade","Pummel"],"picked":"SKIP","floor":19},{"not_picked":["Body Slam","Perfected Strike","Flex"],"picked":"SKIP","floor":24},{"not_picked":["Dual Wield+1","Searing Blow"],"picked":"Armaments+1","floor":28},{"not_picked":["Anger","Bludgeon","Headbutt"],"picked":"SKIP","floor":31},{"not_picked":["Havoc+1","Feel No Pain+1","Warcry"],"picked":"SKIP","floor":35},{"not_picked":["Metamorphosis","HandOfGreed"],"picked":"Enlightenment","floor":36},{"not_picked":["Reckless Charge","Clash","Shrug It Off+1"],"picked":"SKIP","floor":39},{"not_picked":["Sever Soul","Hemokinesis","Flex"],"picked":"SKIP","floor":40},{"not_picked":["Havoc","Metallicize+1","Twin Strike+1"],"picked":"SKIP","floor":45}],"player_experience":1829124,"relics_obtained":[{"floor":9,"key":"Thread and Needle"},{"floor":11,"key":"Pocketwatch"},{"floor":22,"key":"Dead Branch"},{"floor":24,"key":"Sundial"},{"floor":26,"key":"CeramicFish"},{"floor":32,"key":"MawBank"},{"floor":40,"key":"Frozen Egg 2"},{"floor":43,"key":"Strawberry"},{"floor":44,"key":"Mercury Hourglass"}],"event_choices":[{"damage_healed":0,"gold_gain":0,"player_choice":"Entered Light","damage_taken":23,"max_hp_gain":0,"max_hp_loss":0,"event_name":"Shining Light","floor":2,"gold_loss":0,"cards_upgraded":["Defend_R","Strike_R"]},{"damage_healed":0,"gold_gain":0,"player_choice":"Stole Relic","damage_taken":0,"relics_obtained":["Shovel"],"max_hp_gain":0,"max_hp_loss":0,"event_name":"Addict","floor":30,"gold_loss":0,"cards_obtained":["Shame"]},{"damage_healed":0,"gold_gain":0,"player_choice":"Memory 1","damage_taken":0,"max_hp_gain":0,"max_hp_loss":0,"event_name":"SensoryStone","floor":36,"gold_loss":0},{"damage_healed":0,"gold_gain":0,"cards_transformed":["Strike_R"],"player_choice":"Transformed","damage_taken":0,"max_hp_gain":0,"max_hp_loss":0,"event_name":"Transmorgrifier","floor":37,"gold_loss":0,"cards_obtained":["Warcry"]},{"cards_removed":["Armaments"],"damage_healed":0,"gold_gain":0,"player_choice":"Gave Card","damage_taken":0,"relics_obtained":["Unceasing Top"],"max_hp_gain":0,"max_hp_loss":0,"event_name":"WeMeetAgain","floor":46,"gold_loss":0}],"is_beta":false,"boss_relics":[{"not_picked":["Philosopher\u0027s Stone","Fusion Hammer"],"picked":"Cursed Key"},{"not_picked":["Tiny House","Calling Bell"],"picked":"Runic Pyramid"}],"items_purged_floors":[14,38,42],"is_endless":false,"potions_floor_spawned":[1,5,7,11,19,31,33,35],"killed_by":"Reptomancer","ascension_level":20}