{"gold_per_floor":[20,20,20,43,68,68,111,136,136,177,197,197,38,81,81,176,176,195,195,208,44,0,33,33,66,66,99,99,149,167,202,202,202],"floor_reached":33,"playtime":1258,"items_purged":["Injury"],"score":807,"play_id":"5751bda7-b163-4d73-8413-9df1b127ae9e","local_time":"20220317213120","is_ascension_mode":true,"campfire_choices":[{"data":"Uppercut","floor":6,"key":"SMITH"},{"data":"Clash","floor":12,"key":"SMITH"},{"data":"Inflame","floor":15,"key":"SMITH"},{"floor":24,"key":"REST"},{"data":"Pummel","floor":28,"key":"SMITH"},{"floor":32,"key":"REST"}],"neow_cost":"NO_GOLD","seed_source_timestamp":171294671353500,"circlet_count":0,"master_deck":["AscendersBane","Strike_R","Strike_R","Strike_R","Strike_R","Defend_R","Defend_R","Defend_R","Bash","Pummel+1","Clash+1","Uppercut+1","Clash","Disarm+1","Inflame+1","Exhume+1","Dual Wield+1","Shrug It Off+1"],"relics":["Burning Blood","Golden Idol","Toxic Egg 2","Sundial","Pantograph","Letter Opener","Busted Crown","Juzu Bracelet","StrikeDummy","Eternal Feather","Pear","Mango","White Beast Statue"],"potions_floor_usage":[14,14,16,23,27,31,31],"damage_taken":[{"damage":11,"enemies":"Small Slimes","floor":1,"turns":3},{"damage":0,"enemies":"Cultist","floor":4,"turns":3},{"damage":4,"enemies":"2 Louse","floor":5,"turns":3},{"damage":47,"enemies":"Gremlin Nob","floor":7,"turns":5},{"damage":14,"enemies":"Looter","floor":8,"turns":4},{"damage":14,"enemies":"Lagavulin","floor":10,"turns":5},{"damage":13,"enemies":"Exordium Thugs","floor":11,"turns":3},{"damage":25,"enemies":"3 Sentries","floor":14,"turns":8},{"damage":0,"enemies":"Slime Boss","floor":16,"turns":4},{"damage":15,"enemies":"Shell Parasite","floor":18,"turns":5},{"damage":1,"enemies":"Spheric Guardian","floor":20,"turns":3},{"damage":44,"enemies":"Slavers","floor":23,"turns":6},{"damage":33,"enemies":"Book of Stabbing","floor":25,"turns":5},{"damage":33,"enemies":"Slavers","floor":27,"turns":7},{"damage":24,"enemies":"Shelled Parasite and Fungi","floor":30,"turns":3},{"damage":18,"enemies":"Gremlin Leader","floor":31,"turns":3},{"damage":114,"enemies":"Automaton","floor":33,"turns":8}],"seed_played":"-3184949336359385424","potions_obtained":[{"floor":3,"key":"FairyPotion"},{"floor":3,"key":"EntropicBrew"},{"floor":14,"key":"Energy Potion"},{"floor":16,"key":"BlessingOfTheForge"},{"floor":23,"key":"Fruit Juice"},{"floor":25,"key":"HeartOfIron"},{"floor":30,"key":"SkillPotion"}],"is_trial":false,"path_per_floor":["M","?","?","M","M","R","E","M","T","E","M","R","$","E","R","B",null,"M","?","M","$","?","E","R","E","T","E","R","?","M","E","R","B"],"character_chosen":"IRONCLAD","items_purchased":["Inflame","Juzu Bracelet"],"campfire_rested":2,"item_purchase_floors":[13,21],"current_hp_per_floor":[63,63,63,69,71,71,30,22,22,14,7,7,7,13,13,44,67,58,73,75,75,75,42,66,39,49,54,63,63,45,33,73,0],"gold":202,"neow_bonus":"TRANSFORM_TWO_CARDS","is_prod":false,"is_daily":false,"chose_seed":false,"campfire_upgraded":4,"win_rate":0,"timestamp":1647549080,"path_taken":["M","?","?","?","M","R","E","M","T","E","M","R","$","E","R","BOSS","M","?","M","$","?","E","R","E","T","E","R","?","M","E","R","BOSS"],"build_version":"2022-03-07","purchased_purges":1,"victory":false,"max_hp_per_floor":[75,75,75,75,75,75,75,75,75,75,75,75,75,75,75,75,75,75,75,75,75,75,80,80,80,90,104,104,104,104,104,104,104],"card_choices":[{"not_picked":["Headbutt","Body Slam"],"picked":"Uppercut","floor":1},{"not_picked":["Body Slam","Sword Boomerang"],"picked":"Clash","floor":4},{"not_picked":["Entrench","Searing Blow","Clothesline"],"picked":"SKIP","floor":5},{"not_picked":["Heavy Blade","Carnage"],"picked":"Disarm+1","floor":7},{"not_picked":["Fiend Fire","Perfected Strike","Warcry+1"],"picked":"SKIP","floor":8},{"not_picked":["Anger","Power Through+1","Cleave"],"picked":"SKIP","floor":10},{"not_picked":["Twin Strike","Flex+1","Entrench+1"],"picked":"SKIP","floor":11},{"not_picked":["Havoc+1","Iron Wave","Headbutt"],"picked":"SKIP","floor":14},{"not_picked":["Barricade","Bludgeon"],"picked":"Exhume+1","floor":16},{"not_picked":["Searing Blow"],"picked":"SKIP","floor":18},{"not_picked":[],"picked":"Dual Wield+1","floor":20},{"not_picked":["Clash"],"picked":"SKIP","floor":23},{"not_picked":[],"picked":"Shrug It Off+1","floor":25},{"not_picked":["Pummel"],"picked":"SKIP","floor":27},{"not_picked":["Clothesline"],"picked":"SKIP","floor":30},{"not_picked":["Clothesline"],"picked":"SKIP","floor":31}],"player_experience":1832243,"relics_obtained":[{"floor":7,"key":"Toxic Egg 2"},{"floor":9,"key":"Sundial"},{"floor":10,"key":"Pantograph"},{"floor":14,"key":"Letter Opener"},{"floor":23,"key":"StrikeDummy"},{"floor":25,"key":"Eternal Feather"},{"floor":26,"key":"Pear"},{"floor":27,"key":"Mango"},{"floor":31,"key":"White Beast Statue"}],"event_choices":[{"damage_healed":0,"gold_gain":0,"player_choice":"Take Wound","damage_taken":0,"relics_obtained":["Golden Idol"],"max_hp_gain":0,"max_hp_loss":0,"event_name":"Golden Idol","floor":2,"gold_loss":0,"cards_obtained":["Injury"]},{"damage_healed":0,"gold_gain":0,"player_choice":"Got Potions","damage_taken":0,"max_hp_gain":0,"max_hp_loss":0,"event_name":"Lab","floor":3,"gold_loss":0},{"damage_healed":15,"gold_gain":0,"player_choice":"Heal","damage_taken":0,"max_hp_gain":0,"max_hp_loss":0,"event_name":"The Library","floor":19,"gold_loss":0},{"damage_healed":0,"gold_gain":0,"player_choice":"Paid Fearfully","damage_taken":0,"max_hp_gain":0,"max_hp_loss":0,"event_name":"Masked Bandits","floor":22,"gold_loss":44},{"damage_healed":0,"gold_gain":50,"player_choice":"Stole From Cult","damage_taken":0,"max_hp_gain":0,"max_hp_loss":0,"event_name":"Nest","floor":29,"gold_loss":0}],"is_beta":false,"boss_relics":[{"not_picked":["Velvet Choker","Runic Dome"],"picked":"Busted Crown"}],"items_purged_floors":[13],"is_endless":false,"potions_floor_spawned":[5,10,14,16,23,25,30],"killed_by":"Automaton","ascension_level":20}