{"gold_per_floor":[117,129,204,204,204,233,233,252,252,252,265,300,300],"floor_reached":13,"playtime":161,"items_purged":[],"score":236,"play_id":"84cdc452-b68c-4001-9cc5-7b86d7eebda1","local_time":"20220313222622","is_ascension_mode":true,"campfire_choices":[{"data":"Spot Weakness","floor":7,"key":"SMITH"},{"data":"Bash","floor":10,"key":"SMITH"}],"neow_cost":"NONE","seed_source_timestamp":518626278502400,"circlet_count":0,"master_deck":["AscendersBane","Strike_R","Strike_R","Strike_R","Strike_R","Defend_R","Defend_R","Defend_R","Defend_R","Bash+1","Sword Boomerang","Spot Weakness+1","Dropkick"],"relics":["Burning Blood","NeowsBlessing","Gambling Chip","StoneCalendar","Smiling Mask","Bronze Scales"],"potions_floor_usage":[12],"damage_taken":[{"damage":0,"enemies":"Jaw Worm","floor":1,"turns":1},{"damage":0,"enemies":"Small Slimes","floor":2,"turns":1},{"damage":0,"enemies":"Gremlin Nob","floor":6,"turns":1},{"damage":1,"enemies":"Cultist","floor":8,"turns":3},{"damage":9,"enemies":"2 Fungi Beasts","floor":11,"turns":3},{"damage":15,"enemies":"Lagavulin","floor":12,"turns":3}],"seed_played":"-1784822720282177045","potions_obtained":[{"floor":11,"key":"DistilledChaos"}],"is_trial":false,"path_per_floor":["M","M","?","?","T","E","R","M","T","R","M","E","$"],"character_chosen":"IRONCLAD","items_purchased":[],"campfire_rested":0,"item_purchase_floors":[],"current_hp_per_floor":[74,75,64,57,57,63,63,68,68,68,65,56,56],"gold":300,"neow_bonus":"THREE_ENEMY_KILL","is_prod":false,"is_daily":false,"chose_seed":false,"campfire_upgraded":2,"win_rate":0,"timestamp":1647206782,"path_taken":["M","M","?","?","?","E","R","M","T","R","M","E","?"],"build_version":"2022-03-07","purchased_purges":0,"victory":false,"max_hp_per_floor":[75,75,75,75,75,75,75,75,75,75,75,75,75],"card_choices":[{"not_picked":["Havoc","Iron Wave"],"picked":"Sword Boomerang","floor":1},{"not_picked":["Iron Wave","Pommel Strike"],"picked":"Spot Weakness","floor":2},{"not_picked":["Anger","Pummel"],"picked":"Dropkick","floor":6},{"not_picked":["Sentinel","Sever Soul","Second Wind"],"picked":"SKIP","floor":8},{"not_picked":["Headbutt","Iron Wave","Clothesline"],"picked":"SKIP","floor":11},{"not_picked":["Sentinel","Wild Strike","Metallicize"],"picked":"SKIP","floor":12}],"player_experience":1827154,"relics_obtained":[{"floor":5,"key":"Gambling Chip"},{"floor":6,"key":"StoneCalendar"},{"floor":9,"key":"Smiling Mask"},{"floor":12,"key":"Bronze Scales"}],"event_choices":[{"damage_healed":0,"gold_gain":75,"player_choice":"Gather Gold","damage_taken":11,"max_hp_gain":0,"max_hp_loss":0,"event_name":"World of Goop","floor":3,"gold_loss":0},{"cards_removed":["Strike_R"],"damage_healed":0,"gold_gain":0,"player_choice":"Card Removal","damage_taken":7,"max_hp_gain":0,"max_hp_loss":0,"event_name":"Golden Wing","floor":4,"gold_loss":0}],"is_beta":false,"boss_relics":[],"items_purged_floors":[],"is_endless":false,"potions_floor_spawned":[11],"ascension_level":20}