{"gold_per_floor":[119,119,269,269,26,26,55,67,118,151,168,168,182,182,182,256,256,276,14,29,29,45,45],"floor_reached":23,"playtime":477,"items_purged":["Doubt"],"score":498,"play_id":"e557bcb9-fa67-4aee-a74d-3e99595b69b5","local_time":"20220403161049","is_ascension_mode":true,"campfire_choices":[{"data":"Bash","floor":6,"key":"SMITH"},{"floor":12,"key":"REST"},{"data":"Fire Breathing","floor":15,"key":"SMITH"}],"neow_cost":"NONE","seed_source_timestamp":19593945551200,"circlet_count":0,"master_deck":["AscendersBane","Strike_R","Strike_R","Strike_R","Strike_R","Defend_R","Defend_R","Defend_R","Defend_R","Bash+1","Fire Breathing+1","Wild Strike","Pommel Strike","Wild Strike","Twin Strike","Immolate","Bandage Up"],"relics":["SacredBark","Sling","StrikeDummy","Art of War","Happy Flower","Mummified Hand","Black Star","OrangePellets"],"potions_floor_usage":[7,10,20,22],"damage_taken":[{"damage":2,"enemies":"Cultist","floor":1,"turns":4},{"damage":30,"enemies":"Lagavulin","floor":7,"turns":5},{"damage":0,"enemies":"2 Louse","floor":8,"turns":2},{"damage":5,"enemies":"3 Sentries","floor":10,"turns":5},{"damage":7,"enemies":"Jaw Worm","floor":11,"turns":2},{"damage":3,"enemies":"Large Slime","floor":13,"turns":4},{"damage":0,"enemies":"Slime Boss","floor":16,"turns":4},{"damage":11,"enemies":"Spheric Guardian","floor":18,"turns":3},{"damage":3,"enemies":"3 Byrds","floor":20,"turns":3},{"damage":52,"enemies":"Shelled Parasite and Fungi","floor":22,"turns":5},{"damage":17,"enemies":"Gremlin Leader","floor":23,"turns":3}],"seed_played":"6336745536951841231","potions_obtained":[{"floor":4,"key":"Dexterity Potion"},{"floor":4,"key":"DuplicationPotion"},{"floor":11,"key":"LiquidMemories"},{"floor":13,"key":"Explosive Potion"},{"floor":16,"key":"Dexterity Potion"},{"floor":22,"key":"Ancient Potion"}],"is_trial":false,"path_per_floor":["M","?","?","?","$","R","E","M","T","E","M","R","M","T","R","B",null,"M","$","M","?","M","E"],"character_chosen":"IRONCLAD","items_purchased":["Sling","OrangePellets","Bandage Up"],"campfire_rested":1,"item_purchase_floors":[5,19,19],"current_hp_per_floor":[66,59,59,59,59,59,29,29,29,24,17,39,36,36,36,36,65,54,54,55,55,7,0],"gold":45,"neow_bonus":"BOSS_RELIC","is_prod":false,"is_daily":false,"chose_seed":false,"campfire_upgraded":2,"win_rate":0,"timestamp":1648995049,"path_taken":["M","?","?","?","$","R","E","?","T","E","M","R","M","?","R","BOSS","M","$","M","?","?","E"],"build_version":"2022-03-07","purchased_purges":1,"victory":false,"max_hp_per_floor":[75,75,75,75,75,75,75,75,75,75,75,75,75,75,75,75,75,75,75,75,75,75,75],"card_choices":[{"not_picked":["Wild Strike","Clothesline"],"picked":"Fire Breathing","floor":1},{"not_picked":["Cleave","Barricade"],"picked":"Wild Strike","floor":7},{"not_picked":["Flex","True Grit"],"picked":"Pommel Strike","floor":8},{"not_picked":["Cleave","Warcry"],"picked":"Wild Strike","floor":10},{"not_picked":["Flex","Havoc"],"picked":"Twin Strike","floor":11},{"not_picked":["Fiend Fire","Anger","Infernal Blade"],"picked":"SKIP","floor":13},{"not_picked":["Limit Break","Exhume"],"picked":"Immolate","floor":16},{"not_picked":["Iron Wave","Dark Embrace","Combust"],"picked":"SKIP","floor":18},{"not_picked":["Rupture","Sword Boomerang","Entrench+1"],"picked":"SKIP","floor":20},{"not_picked":["Sword Boomerang","Inflame","Clothesline"],"picked":"SKIP","floor":22}],"player_experience":1851460,"relics_obtained":[{"floor":7,"key":"StrikeDummy"},{"floor":9,"key":"Art of War"},{"floor":10,"key":"Happy Flower"},{"floor":14,"key":"Mummified Hand"}],"event_choices":[{"cards_removed":["Strike_R"],"damage_healed":0,"gold_gain":0,"player_choice":"Card Removal","damage_taken":7,"max_hp_gain":0,"max_hp_loss":0,"event_name":"Golden Wing","floor":2,"gold_loss":0},{"damage_healed":0,"gold_gain":150,"player_choice":"AGREE","damage_taken":0,"max_hp_gain":0,"max_hp_loss":0,"event_name":"Liars Game","floor":3,"gold_loss":0,"cards_obtained":["Doubt"]},{"damage_healed":0,"gold_gain":0,"player_choice":"Got Potions","damage_taken":0,"max_hp_gain":0,"max_hp_loss":0,"event_name":"Lab","floor":4,"gold_loss":0},{"damage_healed":0,"gold_gain":0,"player_choice":"Ignored","damage_taken":0,"max_hp_gain":0,"max_hp_loss":0,"event_name":"N\u0027loth","floor":21,"gold_loss":0}],"is_beta":false,"boss_relics":[{"not_picked":["Runic Dome","Coffee Dripper"],"picked":"Black Star"}],"items_purged_floors":[5],"is_endless":false,"potions_floor_spawned":[11,13,16,22],"killed_by":"Gremlin Leader","ascension_level":20}