{"gold_per_floor":[117,127,52,52,52,79,79,96,96,96,114,114,114],"floor_reached":13,"playtime":194,"items_purged":[],"score":216,"play_id":"d44f8f99-ebd4-49c8-a5ad-a16b707af95c","local_time":"20220325004433","is_ascension_mode":true,"campfire_choices":[{"data":"Rampage","floor":7,"key":"SMITH"},{"data":"Fire Breathing","floor":10,"key":"SMITH"}],"neow_cost":"NONE","seed_source_timestamp":788762570730700,"circlet_count":0,"master_deck":["AscendersBane","Strike_R","Strike_R","Strike_R","Strike_R","Defend_R","Defend_R","Defend_R","Defend_R","Bash","Rampage+1","Fire Breathing+1","Demon Form+1"],"relics":["Burning Blood","NeowsBlessing","Happy Flower","FaceOfCleric","Strawberry","Darkstone Periapt"],"potions_floor_usage":[8,13,13],"damage_taken":[{"damage":0,"enemies":"Cultist","floor":1,"turns":1},{"damage":0,"enemies":"Jaw Worm","floor":2,"turns":1},{"damage":0,"enemies":"Lagavulin","floor":6,"turns":1},{"damage":2,"enemies":"2 Louse","floor":8,"turns":2},{"damage":20,"enemies":"Red Slaver","floor":11,"turns":4},{"damage":26,"enemies":"Gremlin Nob","floor":13,"turns":3}],"seed_played":"5947803683939801368","potions_obtained":[{"floor":2,"key":"Block Potion"},{"floor":6,"key":"ElixirPotion"},{"floor":11,"key":"PowerPotion"}],"is_trial":false,"path_per_floor":["M","M","?","?","?","E","R","M","T","R","M","?","E"],"character_chosen":"IRONCLAD","items_purchased":[],"campfire_rested":0,"item_purchase_floors":[],"current_hp_per_floor":[74,75,75,19,19,33,33,38,38,38,25,25,0],"gold":114,"neow_bonus":"THREE_ENEMY_KILL","is_prod":false,"is_daily":false,"chose_seed":false,"campfire_upgraded":2,"win_rate":0,"timestamp":1648165473,"path_taken":["M","M","?","?","?","E","R","?","T","R","M","?","E"],"build_version":"2022-03-07","purchased_purges":0,"victory":false,"max_hp_per_floor":[75,75,75,75,75,83,83,84,84,84,85,85,85],"card_choices":[{"not_picked":["Thunderclap","Shrug It Off"],"picked":"Rampage","floor":1},{"not_picked":["Thunderclap","Anger"],"picked":"Fire Breathing","floor":2},{"not_picked":["Perfected Strike","Fire Breathing","Uppercut"],"picked":"SKIP","floor":6},{"not_picked":["Rage","Havoc","Sentinel"],"picked":"SKIP","floor":8},{"not_picked":["Whirlwind","Hemokinesis"],"picked":"Demon Form","floor":11}],"player_experience":1844154,"relics_obtained":[{"floor":6,"key":"Strawberry"},{"floor":9,"key":"Darkstone Periapt"}],"event_choices":[{"cards_removed":["Strike_R"],"damage_healed":0,"gold_gain":0,"player_choice":"Card Removal","damage_taken":0,"max_hp_gain":0,"max_hp_loss":0,"event_name":"The Cleric","floor":3,"gold_loss":75},{"damage_healed":0,"gold_gain":0,"player_choice":"Success","damage_taken":56,"relics_obtained":["Happy Flower"],"max_hp_gain":0,"max_hp_loss":0,"event_name":"Scrap Ooze","floor":4,"gold_loss":0},{"damage_healed":0,"gold_gain":0,"player_choice":"Trade","damage_taken":0,"relics_obtained":["FaceOfCleric"],"max_hp_gain":0,"max_hp_loss":0,"event_name":"FaceTrader","floor":5,"gold_loss":0},{"damage_healed":0,"gold_gain":0,"player_choice":"Grow","damage_taken":0,"max_hp_gain":0,"max_hp_loss":0,"event_name":"Living Wall","floor":12,"gold_loss":0,"cards_upgraded":["Demon Form"]}],"is_beta":false,"boss_relics":[],"items_purged_floors":[],"is_endless":false,"potions_floor_spawned":[2,6,11],"killed_by":"Gremlin Nob","ascension_level":20}