{"gold_per_floor":[114,170,189,464,66,66,93,108,177,11,37,37,37,54,54,128,128,147,162,178,209,224,253,253,283,283,283,40,59,59,98,98,174,174,188,410,424,424,443,468,117,117,117,132,157,170,196,196,196,196,196],"floor_reached":51,"playtime":2278,"items_purged":["Regret","Pain"],"score":1610,"play_id":"3ad536e8-c21a-4eb4-9e01-8166b09479a1","local_time":"20220327160604","is_ascension_mode":true,"campfire_choices":[{"floor":6,"key":"REST"},{"data":"Demon Form","floor":12,"key":"SMITH"},{"data":"Heavy Blade","floor":15,"key":"SMITH"},{"floor":24,"key":"REST"},{"data":"Seek","floor":27,"key":"SMITH"},{"floor":30,"key":"RECALL"},{"data":"Flame Barrier","floor":32,"key":"SMITH"},{"data":"Madness","floor":49,"key":"SMITH"}],"neow_cost":"NONE","seed_source_timestamp":1011168770850000,"circlet_count":0,"master_deck":["AscendersBane","Bash","Intimidate","Impervious","Sword Boomerang","Exhume+1","Heavy Blade+1","Carnage+1","Demon Form+1","Flex","Pummel","Battle Trance+1","Reaper+1","Leap","Escape Plan","Seek+1","Madness+1","Flame Barrier+1","Phantasmal Killer+1","Crescendo+1","Infernal Blade"],"relics":["Pandora\u0027s Box","PrismaticShard","Bronze Scales","Regal Pillow","Blue Candle","Toolbox","Bag of Preparation","Eternal Feather","Busted Crown","Red Mask","Happy Flower","Ginger","Oddly Smooth Stone","Membership Card","Black Star","WarpedTongs","Blood Vial","War Paint","Akabeko","Lee\u0027s Waffle","Boot","Gambling Chip","Dream Catcher","Whetstone"],"potions_floor_usage":[14,21,29,40,44],"damage_taken":[{"damage":9,"enemies":"Jaw Worm","floor":1,"turns":4},{"damage":11,"enemies":"2 Louse","floor":3,"turns":3},{"damage":8,"enemies":"Gremlin Nob","floor":7,"turns":4},{"damage":0,"enemies":"Cultist","floor":8,"turns":2},{"damage":6,"enemies":"Lagavulin","floor":11,"turns":5},{"damage":10,"enemies":"Red Slaver","floor":14,"turns":3},{"damage":32,"enemies":"Hexaghost","floor":16,"turns":6},{"damage":4,"enemies":"3 Byrds","floor":18,"turns":3},{"damage":0,"enemies":"Spheric Guardian","floor":19,"turns":4},{"damage":1,"enemies":"Centurion and Healer","floor":20,"turns":4},{"damage":19,"enemies":"Masked Bandits","floor":21,"turns":4},{"damage":3,"enemies":"Snake Plant","floor":22,"turns":3},{"damage":58,"enemies":"Book of Stabbing","floor":23,"turns":4},{"damage":20,"enemies":"Gremlin Leader","floor":25,"turns":5},{"damage":12,"enemies":"3 Cultists","floor":29,"turns":4},{"damage":24,"enemies":"Sentry and Sphere","floor":31,"turns":4},{"damage":0,"enemies":"Automaton","floor":33,"turns":5},{"damage":12,"enemies":"Orb Walker","floor":35,"turns":3},{"damage":49,"enemies":"3 Darklings","floor":37,"turns":3},{"damage":25,"enemies":"Maw","floor":39,"turns":5},{"damage":22,"enemies":"Nemesis","floor":40,"turns":5},{"damage":2,"enemies":"Writhing Mass","floor":44,"turns":2},{"damage":0,"enemies":"Mind Bloom Boss Battle","floor":45,"turns":3},{"damage":0,"enemies":"Spire Growth","floor":46,"turns":3},{"damage":3,"enemies":"Giant Head","floor":47,"turns":4},{"damage":63,"enemies":"Time Eater","floor":50,"turns":5},{"damage":53,"enemies":"Donu and Deca","floor":51,"turns":4}],"seed_played":"-8298970782328416873","potions_obtained":[{"floor":8,"key":"DistilledChaos"},{"floor":11,"key":"Dexterity Potion"},{"floor":19,"key":"Swift Potion"},{"floor":21,"key":"Dexterity Potion"},{"floor":23,"key":"Energy Potion"},{"floor":35,"key":"Swift Potion"},{"floor":45,"key":"BlessingOfTheForge"}],"is_trial":false,"path_per_floor":["M","?","M","?","$","R","E","M","T","$","E","R","?","M","R","B",null,"M","M","M","?","M","E","R","E","T","R","$","M","R","M","R","B",null,"M","?","M","?","M","E","$","?","T","M","?","M","E","?","R","B","B"],"character_chosen":"IRONCLAD","items_purchased":["PrismaticShard","Bronze Scales","Toolbox","Membership Card","Madness","Flame Barrier","Akabeko","Lee\u0027s Waffle","AttackPotion","Boot","Infernal Blade"],"campfire_rested":2,"item_purchase_floors":[5,5,10,28,28,28,41,41,41,41,41],"current_hp_per_floor":[59,59,48,48,48,70,62,62,62,62,56,56,51,54,63,48,68,71,71,70,63,60,2,48,64,64,73,73,75,75,55,64,75,75,63,63,14,14,52,52,82,82,82,80,82,82,79,79,82,19,0],"gold":196,"neow_bonus":"BOSS_RELIC","is_prod":false,"is_daily":false,"chose_seed":false,"campfire_upgraded":5,"win_rate":0,"timestamp":1648389964,"path_taken":["M","?","M","?","$","R","E","?","T","?","E","R","?","?","R","BOSS","M","?","?","?","M","E","R","E","T","R","?","M","R","M","R","BOSS","M","?","M","?","?","E","$","?","T","M","?","M","E","?","R","BOSS","BOSS"],"build_version":"2022-03-07","purchased_purges":2,"victory":false,"max_hp_per_floor":[75,75,75,75,75,75,75,75,75,75,75,75,75,75,75,75,75,75,75,75,75,75,75,75,75,75,75,75,75,75,75,75,75,75,75,75,75,75,75,75,82,82,82,82,82,82,82,82,82,82,82],"card_choices":[{"not_picked":["Anger","Thunderclap"],"picked":"Battle Trance","floor":1},{"not_picked":["Flex","Rage"],"picked":"Reaper","floor":3},{"not_picked":["Gash","Bloodletting"],"picked":"Leap","floor":7},{"not_picked":["Quick Slash","Deadly Poison","Cold Snap"],"picked":"SKIP","floor":8},{"not_picked":["Trip","Second Wind"],"picked":"Escape Plan","floor":11},{"not_picked":["Anger","Sweeping Beam","Twin Strike"],"picked":"SKIP","floor":14},{"not_picked":["Master of Strategy","Metamorphosis"],"picked":"Seek","floor":16},{"not_picked":["SashWhip"],"picked":"SKIP","floor":18},{"not_picked":["EmptyMind"],"picked":"SKIP","floor":19},{"not_picked":["Sucker Punch"],"picked":"SKIP","floor":20},{"not_picked":["FTL"],"picked":"SKIP","floor":22},{"not_picked":["Havoc"],"picked":"SKIP","floor":23},{"not_picked":["Reckless Charge"],"picked":"SKIP","floor":25},{"not_picked":["Cloak And Dagger"],"picked":"SKIP","floor":29},{"not_picked":["Worship"],"picked":"SKIP","floor":31},{"not_picked":[],"picked":"Phantasmal Killer","floor":33},{"not_picked":[],"picked":"Crescendo+1","floor":35},{"not_picked":["Sweeping Beam"],"picked":"SKIP","floor":37},{"not_picked":["Iron Wave+1"],"picked":"SKIP","floor":39},{"not_picked":["Gash"],"picked":"SKIP","floor":40},{"not_picked":["Steam"],"picked":"SKIP","floor":44},{"not_picked":["MasterReality"],"picked":"SKIP","floor":46},{"not_picked":["Purity"],"picked":"SKIP","floor":47}],"player_experience":1847493,"relics_obtained":[{"floor":7,"key":"Regal Pillow"},{"floor":9,"key":"Blue Candle"},{"floor":11,"key":"Bag of Preparation"},{"floor":21,"key":"Red Mask"},{"floor":23,"key":"Happy Flower"},{"floor":25,"key":"Ginger"},{"floor":26,"key":"Oddly Smooth Stone"},{"floor":40,"key":"Blood Vial"},{"floor":40,"key":"War Paint"},{"floor":45,"key":"Gambling Chip"},{"floor":47,"key":"Dream Catcher"},{"floor":47,"key":"Whetstone"}],"event_choices":[{"damage_healed":0,"gold_gain":56,"player_choice":"Gained Gold","damage_taken":0,"max_hp_gain":0,"max_hp_loss":0,"event_name":"Golden Wing","floor":2,"gold_loss":0},{"damage_healed":0,"gold_gain":275,"player_choice":"Desecrate","damage_taken":0,"max_hp_gain":0,"max_hp_loss":0,"event_name":"Golden Shrine","floor":4,"gold_loss":0,"cards_obtained":["Regret"]},{"damage_healed":0,"gold_gain":0,"player_choice":"Success","damage_taken":5,"relics_obtained":["Eternal Feather"],"max_hp_gain":0,"max_hp_loss":0,"event_name":"Scrap Ooze","floor":13,"gold_loss":0},{"damage_healed":0,"gold_gain":0,"player_choice":"Fought Bandits","damage_taken":0,"max_hp_gain":0,"max_hp_loss":0,"event_name":"Masked Bandits","floor":21,"gold_loss":0},{"damage_healed":0,"gold_gain":222,"player_choice":"Wore Mask","damage_taken":0,"max_hp_gain":0,"max_hp_loss":0,"event_name":"Tomb of Lord Red Mask","floor":36,"gold_loss":0},{"damage_healed":0,"gold_gain":0,"player_choice":"Rummage","damage_taken":0,"relics_obtained":["WarpedTongs"],"max_hp_gain":0,"max_hp_loss":0,"event_name":"Accursed Blacksmith","floor":38,"gold_loss":0,"cards_obtained":["Pain"]},{"damage_healed":0,"gold_gain":0,"player_choice":"Memory 1","damage_taken":0,"max_hp_gain":0,"max_hp_loss":0,"event_name":"SensoryStone","floor":42,"gold_loss":0},{"damage_healed":0,"gold_gain":0,"player_choice":"Fight","damage_taken":0,"max_hp_gain":0,"max_hp_loss":0,"event_name":"MindBloom","floor":45,"gold_loss":0},{"damage_healed":0,"gold_gain":0,"player_choice":"Upgraded","damage_taken":0,"max_hp_gain":0,"max_hp_loss":0,"event_name":"Upgrade Shrine","floor":48,"gold_loss":0,"cards_upgraded":["Phantasmal Killer"]}],"is_beta":false,"boss_relics":[{"not_picked":["Runic Cube","Philosopher\u0027s Stone"],"picked":"Busted Crown"},{"not_picked":["Velvet Choker","Runic Dome"],"picked":"Black Star"}],"items_purged_floors":[5,41],"is_endless":false,"potions_floor_spawned":[8,11,19,21,23,25,35,37,45],"killed_by":"Donu and Deca","ascension_level":20}