{"gold_per_floor":[114,114,133,150,150,150,130,185,185,199,234,234,234,186,186,259,259,259],"floor_reached":18,"playtime":553,"items_purged":[],"score":340,"play_id":"70fe9a7b-cce4-4e0c-a921-b6aefa72913f","local_time":"20220325003627","is_ascension_mode":true,"campfire_choices":[{"data":"Transmutation","floor":6,"key":"SMITH"},{"floor":12,"key":"REST"},{"data":"Havoc","floor":15,"key":"SMITH"}],"neow_cost":"CURSE","seed_source_timestamp":787917004425900,"circlet_count":0,"master_deck":["AscendersBane","Strike_R","Strike_R","Strike_R","Strike_R","Strike_R","Defend_R","Defend_R","Defend_R","Defend_R","Bash","Writhe","Transmutation+1","Havoc+1","Cleave","Regret","Whirlwind+1","Shrug It Off"],"relics":["Burning Blood","Molten Egg 2","Singing Bowl","Toy Ornithopter","Darkstone Periapt","Black Star"],"potions_floor_usage":[8,11,13,16],"damage_taken":[{"damage":3,"enemies":"2 Louse","floor":1,"turns":3},{"damage":8,"enemies":"Cultist","floor":3,"turns":5},{"damage":1,"enemies":"Small Slimes","floor":4,"turns":4},{"damage":43,"enemies":"3 Sentries","floor":8,"turns":8},{"damage":0,"enemies":"2 Fungi Beasts","floor":10,"turns":2},{"damage":35,"enemies":"Gremlin Nob","floor":11,"turns":4},{"damage":0,"enemies":"Red Slaver","floor":13,"turns":1},{"damage":59,"enemies":"The Guardian","floor":16,"turns":14},{"damage":65,"enemies":"Shell Parasite","floor":18,"turns":6}],"seed_played":"-1092771608983663894","potions_obtained":[{"floor":2,"key":"SmokeBomb"},{"floor":2,"key":"Fire Potion"},{"floor":10,"key":"Swift Potion"},{"floor":11,"key":"Weak Potion"}],"is_trial":false,"path_per_floor":["M","?","M","M","?","R","?","E","T","M","E","R","M","?","R","B",null,"M"],"character_chosen":"IRONCLAD","items_purchased":[],"campfire_rested":1,"item_purchase_floors":[],"current_hp_per_floor":[71,71,69,74,74,74,74,37,37,43,21,44,55,55,55,9,62,0],"gold":259,"neow_bonus":"RANDOM_COLORLESS_2","is_prod":false,"is_daily":false,"chose_seed":false,"campfire_upgraded":2,"win_rate":0,"timestamp":1648164987,"path_taken":["M","?","?","M","?","R","?","E","T","M","E","R","?","?","R","BOSS","M"],"build_version":"2022-03-07","purchased_purges":0,"victory":false,"max_hp_per_floor":[75,75,75,75,75,75,75,75,75,75,77,77,77,77,77,79,79,79],"card_choices":[{"not_picked":["Thinking Ahead","Secret Weapon"],"picked":"Transmutation","floor":0},{"not_picked":["Burning Pact","True Grit"],"picked":"Havoc","floor":1},{"not_picked":["Ghostly Armor","Rage","Shockwave"],"picked":"SKIP","floor":3},{"not_picked":["Ghostly Armor","Rage","Shockwave"],"picked":"SKIP","floor":3},{"not_picked":["Hemokinesis","Thunderclap"],"picked":"Cleave","floor":4},{"not_picked":["Ghostly Armor","Spot Weakness"],"picked":"Whirlwind+1","floor":8},{"not_picked":["Thunderclap+1","Cleave+1"],"picked":"Shrug It Off","floor":10},{"not_picked":["Reaper+1","True Grit","Shrug It Off"],"picked":"Singing Bowl","floor":11},{"not_picked":["Offering","Bludgeon+1","Barricade"],"picked":"Singing Bowl","floor":16}],"player_experience":1843324,"relics_obtained":[{"floor":8,"key":"Singing Bowl"},{"floor":9,"key":"Toy Ornithopter"},{"floor":11,"key":"Darkstone Periapt"}],"event_choices":[{"damage_healed":0,"gold_gain":0,"player_choice":"Got Potions","damage_taken":0,"max_hp_gain":0,"max_hp_loss":0,"event_name":"Lab","floor":2,"gold_loss":0},{"damage_healed":0,"gold_gain":0,"player_choice":"Box","damage_taken":0,"relics_obtained":["Molten Egg 2"],"max_hp_gain":0,"max_hp_loss":0,"event_name":"Big Fish","floor":5,"gold_loss":0,"cards_obtained":["Regret"]},{"damage_healed":0,"gold_gain":0,"player_choice":"Bought 1 Potion","damage_taken":0,"max_hp_gain":0,"max_hp_loss":0,"event_name":"The Woman in Blue","floor":7,"gold_loss":0},{"damage_healed":0,"gold_gain":0,"player_choice":"Left Gold","damage_taken":0,"max_hp_gain":0,"max_hp_loss":0,"event_name":"World of Goop","floor":14,"gold_loss":48}],"is_beta":false,"boss_relics":[{"not_picked":["Snecko Eye","Ectoplasm"],"picked":"Black Star"}],"items_purged_floors":[],"is_endless":false,"potions_floor_spawned":[3,10,11,13],"killed_by":"Shell Parasite","ascension_level":20}