{"gold_per_floor":[117,192,132,159,173,173,98,134,195,251,263,275,314,345,357,474,513,544,570,132,132,132,132,165,165,212,238,238],"floor_reached":28,"playtime":886,"items_purged":["Strike_R"],"score":492,"play_id":"137f0afa-9062-45e6-b489-985203032301","local_time":"20220403162944","is_ascension_mode":true,"campfire_choices":[{"data":"Cleave","floor":6,"key":"SMITH"},{"data":"Metallicize","floor":12,"key":"SMITH"},{"data":"Barricade","floor":15,"key":"SMITH"},{"floor":23,"key":"REST"},{"floor":25,"key":"REST"}],"neow_cost":"NONE","seed_source_timestamp":20320137741400,"circlet_count":0,"master_deck":["AscendersBane","Defend_R+1","Defend_R+1","Defend_R+1","Defend_R+1","Bash","Cleave+1","Clash","Pommel Strike","Metallicize+1","Barricade+1","Berserk","Demon Form+1","Dropkick+1","Havoc+1","Shrug It Off","Shrug It Off"],"relics":["Burning Blood","NeowsBlessing","CeramicFish","MawBank","Oddly Smooth Stone","TungstenRod","Bloody Idol","Astrolabe","Charon\u0027s Ashes","Girya","Pen Nib"],"potions_floor_usage":[8,10,13,14,18,24,27],"damage_taken":[{"damage":0,"enemies":"Jaw Worm","floor":1,"turns":1},{"damage":0,"enemies":"Cultist","floor":4,"turns":1},{"damage":0,"enemies":"Small Slimes","floor":5,"turns":2},{"damage":26,"enemies":"Lagavulin","floor":8,"turns":7},{"damage":18,"enemies":"Gremlin Nob","floor":10,"turns":4},{"damage":7,"enemies":"3 Louse","floor":13,"turns":3},{"damage":8,"enemies":"Blue Slaver","floor":14,"turns":5},{"damage":21,"enemies":"The Guardian","floor":16,"turns":14},{"damage":21,"enemies":"Chosen","floor":18,"turns":7},{"damage":20,"enemies":"Spheric Guardian","floor":19,"turns":6},{"damage":49,"enemies":"Gremlin Leader","floor":24,"turns":9},{"damage":8,"enemies":"3 Cultists","floor":27,"turns":4},{"damage":29,"enemies":"Book of Stabbing","floor":28,"turns":6}],"seed_played":"-3235732562752186966","potions_obtained":[{"floor":4,"key":"SkillPotion"},{"floor":8,"key":"Weak Potion"},{"floor":13,"key":"EntropicBrew"},{"floor":16,"key":"ColorlessPotion"},{"floor":18,"key":"Energy Potion"}],"is_trial":false,"path_per_floor":["M","?","?","M","M","R","?","E","T","E","?","R","M","M","R","B",null,"M","M","$","?","?","R","E","R","T","M","E"],"character_chosen":"IRONCLAD","items_purchased":["Shrug It Off","Charon\u0027s Ashes"],"campfire_rested":2,"item_purchase_floors":[20,20],"current_hp_per_floor":[74,63,63,69,75,75,75,55,55,43,43,43,42,54,54,39,61,46,32,32,32,32,52,14,34,39,47,18],"gold":238,"neow_bonus":"THREE_ENEMY_KILL","is_prod":false,"is_daily":false,"chose_seed":false,"campfire_upgraded":3,"win_rate":0,"timestamp":1648996184,"path_taken":["M","?","?","M","?","R","?","E","T","E","?","R","M","M","R","BOSS","M","M","$","?","?","R","E","R","T","M","E"],"build_version":"2022-03-07","purchased_purges":1,"victory":false,"max_hp_per_floor":[75,75,75,75,75,75,75,75,75,75,68,68,68,68,68,68,68,68,68,68,68,68,68,68,68,68,68,68],"card_choices":[{"not_picked":["Rage","Twin Strike"],"picked":"Cleave","floor":1},{"not_picked":["Dual Wield","Iron Wave"],"picked":"Clash","floor":4},{"not_picked":["Perfected Strike","Blood for Blood","Flex"],"picked":"SKIP","floor":5},{"not_picked":["Carnage","Armaments"],"picked":"Pommel Strike","floor":8},{"not_picked":["Uppercut","Heavy Blade"],"picked":"Metallicize","floor":10},{"not_picked":["Cleave","Clothesline"],"picked":"Barricade","floor":13},{"not_picked":["Infernal Blade","Flex","Wild Strike"],"picked":"SKIP","floor":14},{"not_picked":["Exhume","Corruption"],"picked":"Berserk","floor":16},{"not_picked":["Bloodletting","Iron Wave","Power Through"],"picked":"SKIP","floor":18},{"not_picked":["Sword Boomerang","Cleave","Seeing Red"],"picked":"SKIP","floor":19},{"not_picked":["Reaper","Iron Wave","Reckless Charge"],"picked":"SKIP","floor":24},{"not_picked":["Wild Strike","Thunderclap"],"picked":"Shrug It Off","floor":27}],"player_experience":1852053,"relics_obtained":[{"floor":8,"key":"MawBank"},{"floor":9,"key":"Oddly Smooth Stone"},{"floor":10,"key":"TungstenRod"},{"floor":24,"key":"Girya"},{"floor":26,"key":"Pen Nib"}],"event_choices":[{"damage_healed":0,"gold_gain":75,"player_choice":"Gather Gold","damage_taken":11,"max_hp_gain":0,"max_hp_loss":0,"event_name":"World of Goop","floor":2,"gold_loss":0},{"damage_healed":0,"gold_gain":0,"player_choice":"Paid Gold","damage_taken":0,"relics_obtained":["CeramicFish"],"max_hp_gain":0,"max_hp_loss":0,"event_name":"WeMeetAgain","floor":3,"gold_loss":60},{"cards_removed":["Strike_R"],"damage_healed":0,"gold_gain":0,"player_choice":"Card Removal","damage_taken":0,"max_hp_gain":0,"max_hp_loss":0,"event_name":"The Cleric","floor":7,"gold_loss":75},{"damage_healed":0,"gold_gain":0,"player_choice":"Lose Max HP","damage_taken":0,"relics_obtained":["Golden Idol"],"max_hp_gain":0,"max_hp_loss":7,"event_name":"Golden Idol","floor":11,"gold_loss":0},{"damage_healed":0,"gold_gain":0,"player_choice":"Simplicity","damage_taken":0,"max_hp_gain":0,"max_hp_loss":0,"event_name":"Back to Basics","floor":21,"gold_loss":0,"cards_upgraded":["Defend_R","Defend_R","Defend_R","Defend_R"]},{"damage_healed":0,"gold_gain":0,"player_choice":"Gave Idol","damage_taken":0,"relics_obtained":["Bloody Idol"],"max_hp_gain":0,"max_hp_loss":0,"event_name":"Forgotten Altar","floor":22,"relics_lost":["Golden Idol"],"gold_loss":0}],"is_beta":false,"boss_relics":[{"not_picked":["Runic Cube","Fusion Hammer"],"picked":"Astrolabe"}],"items_purged_floors":[20],"is_endless":false,"potions_floor_spawned":[4,8,13,16,18],"killed_by":"Book of Stabbing","ascension_level":20}