{"gold_per_floor":[116,266,266,33,33,33,60,25,51,84,84,84,84,96,96,172,172,192,25,35,35,35,35,60,82,141,188,200,238,250],"floor_reached":30,"playtime":573,"items_purged":["Regret"],"score":630,"play_id":"e048c1a7-d11c-4d02-a8de-3e0809e67f83","local_time":"20220324222328","is_ascension_mode":true,"campfire_choices":[{"data":"Whirlwind","floor":6,"key":"SMITH"},{"data":"Bloodletting","floor":11,"key":"SMITH"},{"data":"Bash","floor":13,"key":"SMITH"},{"data":"Defend_R","floor":15,"key":"SMITH"},{"data":"Impervious","floor":23,"key":"SMITH"},{"data":"Defend_R","floor":28,"key":"SMITH"}],"neow_cost":"NONE","seed_source_timestamp":779918504561200,"circlet_count":0,"master_deck":["AscendersBane","Strike_R","Strike_R","Strike_R","Strike_R","Strike_R","Defend_R","Defend_R","Defend_R+1","Defend_R+1","Bash+1","Whirlwind+1","Bloodletting+1","Impervious+1"],"relics":["SlaversCollar","Paper Frog","Chemical X","Oddly Smooth Stone","Omamori","Toy Ornithopter","Busted Crown","Orichalcum","Frozen Egg 2","MawBank","PreservedInsect","Ornamental Fan"],"potions_floor_usage":[16,27,27],"damage_taken":[{"damage":14,"enemies":"Jaw Worm","floor":1,"turns":5},{"damage":0,"enemies":"3 Sentries","floor":7,"turns":2},{"damage":14,"enemies":"Lagavulin","floor":10,"turns":3},{"damage":2,"enemies":"Small Slimes","floor":14,"turns":3},{"damage":20,"enemies":"Hexaghost","floor":16,"turns":7},{"damage":0,"enemies":"3 Byrds","floor":18,"turns":4},{"damage":13,"enemies":"Spheric Guardian","floor":20,"turns":4},{"damage":1,"enemies":"Slavers","floor":24,"turns":2},{"damage":3,"enemies":"Centurion and Healer","floor":25,"turns":2},{"damage":11,"enemies":"Book of Stabbing","floor":27,"turns":3},{"damage":15,"enemies":"Slavers","floor":29,"turns":3},{"damage":44,"enemies":"Cultist and Chosen","floor":30,"turns":3}],"seed_played":"2949293769853588493","potions_obtained":[{"floor":10,"key":"Weak Potion"},{"floor":16,"key":"Weak Potion"},{"floor":18,"key":"ColorlessPotion"},{"floor":20,"key":"Regen Potion"}],"is_trial":false,"path_per_floor":["M","?","?","$","?","R","E","?","T","E","R","$","R","M","R","B",null,"M","$","M","$","?","R","E","M","T","E","R","E","M"],"character_chosen":"IRONCLAD","items_purchased":["Chemical X","Orichalcum"],"campfire_rested":0,"item_purchase_floors":[4,19],"current_hp_per_floor":[54,54,54,54,54,54,54,72,72,58,58,58,58,56,56,41,67,67,67,54,54,54,54,53,50,50,58,58,43,0],"gold":250,"neow_bonus":"BOSS_RELIC","is_prod":false,"is_daily":false,"chose_seed":false,"campfire_upgraded":6,"win_rate":0,"timestamp":1648157008,"path_taken":["M","?","?","$","?","R","E","?","T","E","R","?","R","M","R","BOSS","M","?","M","$","?","R","E","M","T","E","R","E","M"],"build_version":"2022-03-07","purchased_purges":1,"victory":false,"max_hp_per_floor":[75,75,75,75,75,75,75,75,75,75,75,75,75,75,75,75,75,75,75,75,75,75,75,75,75,75,75,75,75,75],"card_choices":[{"not_picked":["Havoc","Clothesline"],"picked":"Whirlwind","floor":1},{"not_picked":["Wild Strike","Heavy Blade","Rupture"],"picked":"SKIP","floor":7},{"not_picked":["Burning Pact","Combust"],"picked":"Bloodletting","floor":10},{"not_picked":["Searing Blow","Dark Embrace","Second Wind"],"picked":"SKIP","floor":14},{"not_picked":["Reaper","Brutality"],"picked":"Impervious","floor":16},{"not_picked":["Twin Strike"],"picked":"SKIP","floor":18},{"not_picked":["Sword Boomerang+1"],"picked":"SKIP","floor":20},{"not_picked":["Pommel Strike"],"picked":"SKIP","floor":24},{"not_picked":["True Grit"],"picked":"SKIP","floor":25},{"not_picked":["Flex"],"picked":"SKIP","floor":27},{"not_picked":["Headbutt"],"picked":"SKIP","floor":29}],"player_experience":1841653,"relics_obtained":[{"floor":7,"key":"Oddly Smooth Stone"},{"floor":9,"key":"Omamori"},{"floor":10,"key":"Toy Ornithopter"},{"floor":24,"key":"MawBank"},{"floor":27,"key":"PreservedInsect"},{"floor":29,"key":"Ornamental Fan"}],"event_choices":[{"damage_healed":0,"gold_gain":150,"player_choice":"AGREE","damage_taken":0,"max_hp_gain":0,"max_hp_loss":0,"event_name":"Liars Game","floor":2,"gold_loss":0,"cards_obtained":["Doubt"]},{"damage_healed":0,"gold_gain":0,"player_choice":"Box","damage_taken":0,"relics_obtained":["Paper Frog"],"max_hp_gain":0,"max_hp_loss":0,"event_name":"Big Fish","floor":3,"gold_loss":0,"cards_obtained":["Regret"]},{"cards_removed":["Doubt"],"damage_healed":0,"gold_gain":0,"player_choice":"Forget","damage_taken":0,"max_hp_gain":0,"max_hp_loss":0,"event_name":"Living Wall","floor":5,"gold_loss":0},{"damage_healed":18,"gold_gain":0,"player_choice":"Healed","damage_taken":0,"max_hp_gain":0,"max_hp_loss":0,"event_name":"The Cleric","floor":8,"gold_loss":35},{"damage_healed":0,"gold_gain":0,"player_choice":"Stole Relic","damage_taken":0,"relics_obtained":["Frozen Egg 2"],"max_hp_gain":0,"max_hp_loss":0,"event_name":"Addict","floor":22,"gold_loss":0,"cards_obtained":["Shame"]}],"is_beta":false,"boss_relics":[{"not_picked":["Sozu","Runic Cube"],"picked":"Busted Crown"}],"items_purged_floors":[4],"is_endless":false,"potions_floor_spawned":[10,16,18,20,25],"killed_by":"Cultist and Chosen","ascension_level":20}