{"gold_per_floor":[116,134,147,222,222,250,250,280,280,40,75,75,75,105,105,176,176,186,186,18,32,47,47],"floor_reached":23,"playtime":760,"items_purged":[],"score":464,"play_id":"e71d5476-00e6-46ab-8e18-cc8fdd659b55","local_time":"20220403112522","is_ascension_mode":true,"campfire_choices":[{"floor":7,"key":"REST"},{"floor":12,"key":"REST"},{"floor":15,"key":"REST"}],"neow_cost":"NONE","seed_source_timestamp":2184030105599,"circlet_count":0,"master_deck":["AscendersBane","Bash","Corruption","Brutality","Sentinel","Feel No Pain","Bloodletting","Battle Trance","Headbutt","Infernal Blade","Rage","Pommel Strike","Dropkick+1","Ghostly Armor","Juggernaut+1","Double Tap","CurseOfTheBell","Shrug It Off","WindmillStrike","Collect"],"relics":["Pandora\u0027s Box","Smiling Mask","Magic Flower","Regal Pillow","Letter Opener","Chemical X","Bag of Preparation","Calling Bell","Lantern","Question Card","Thread and Needle","NlothsMask","PrismaticShard"],"potions_floor_usage":[8,11,11],"damage_taken":[{"damage":5,"enemies":"Small Slimes","floor":1,"turns":3},{"damage":1,"enemies":"2 Louse","floor":2,"turns":2},{"damage":0,"enemies":"Cultist","floor":3,"turns":3},{"damage":11,"enemies":"Lagavulin","floor":6,"turns":4},{"damage":24,"enemies":"Gremlin Nob","floor":8,"turns":4},{"damage":0,"enemies":"Lagavulin","floor":11,"turns":4},{"damage":50,"enemies":"Slime Boss","floor":16,"turns":11},{"damage":11,"enemies":"Shell Parasite","floor":18,"turns":2},{"damage":0,"enemies":"Chosen","floor":21,"turns":3},{"damage":12,"enemies":"Snake Plant","floor":22,"turns":3},{"damage":38,"enemies":"Gremlin Leader","floor":23,"turns":4}],"seed_played":"-1441637346265113362","potions_obtained":[{"floor":6,"key":"Weak Potion"},{"floor":8,"key":"SteroidPotion"},{"floor":16,"key":"Swift Potion"},{"floor":18,"key":"BloodPotion"}],"is_trial":false,"path_per_floor":["M","M","M","?","?","E","R","E","T","$","E","R","?","?","R","B",null,"M","?","$","M","M","E"],"character_chosen":"IRONCLAD","items_purchased":["Chemical X","LiquidMemories","PrismaticShard"],"campfire_rested":3,"item_purchase_floors":[10,10,20],"current_hp_per_floor":[63,62,62,51,25,14,36,12,12,12,12,49,26,26,63,13,60,49,49,49,49,37,0],"gold":47,"neow_bonus":"BOSS_RELIC","is_prod":false,"is_daily":false,"chose_seed":false,"campfire_upgraded":0,"win_rate":0,"timestamp":1648977922,"path_taken":["M","M","M","?","?","E","R","E","T","$","E","R","?","?","R","BOSS","M","?","$","?","M","E"],"build_version":"2022-03-07","purchased_purges":0,"victory":false,"max_hp_per_floor":[75,75,75,75,75,75,75,75,75,75,75,75,75,75,75,75,75,75,75,75,75,75,75],"card_choices":[{"not_picked":["Sword Boomerang","True Grit"],"picked":"Pommel Strike","floor":1},{"not_picked":["Entrench","Metallicize"],"picked":"Dropkick","floor":2},{"not_picked":["Clothesline","Twin Strike","True Grit"],"picked":"SKIP","floor":3},{"not_picked":["Searing Blow","Offering","Headbutt"],"picked":"SKIP","floor":6},{"not_picked":["Headbutt","Pommel Strike"],"picked":"Ghostly Armor","floor":8},{"not_picked":["Rage","Shockwave"],"picked":"Juggernaut","floor":11},{"not_picked":["Offering","Limit Break"],"picked":"Double Tap","floor":16},{"not_picked":["Pommel Strike","Fire Breathing","Sever Soul"],"picked":"Shrug It Off","floor":18},{"not_picked":["Thunderclap","Prepared","Sever Soul"],"picked":"WindmillStrike","floor":21},{"not_picked":["Power Through","Protect","Secret Technique"],"picked":"Collect","floor":22}],"player_experience":1849771,"relics_obtained":[{"floor":6,"key":"Magic Flower"},{"floor":8,"key":"Regal Pillow"},{"floor":9,"key":"Letter Opener"},{"floor":11,"key":"Bag of Preparation"},{"floor":17,"key":"Lantern"},{"floor":17,"key":"Question Card"},{"floor":17,"key":"Thread and Needle"}],"event_choices":[{"damage_healed":0,"gold_gain":75,"player_choice":"Gather Gold","damage_taken":11,"max_hp_gain":0,"max_hp_loss":0,"event_name":"World of Goop","floor":4,"gold_loss":0},{"damage_healed":0,"gold_gain":0,"player_choice":"Success","damage_taken":26,"relics_obtained":["Smiling Mask"],"max_hp_gain":0,"max_hp_loss":0,"event_name":"Scrap Ooze","floor":5,"gold_loss":0},{"damage_healed":0,"gold_gain":0,"player_choice":"Entered Light","damage_taken":23,"max_hp_gain":0,"max_hp_loss":0,"event_name":"Shining Light","floor":13,"gold_loss":0,"cards_upgraded":["Dropkick","Juggernaut"]},{"damage_healed":0,"gold_gain":30,"player_choice":"Searched \u00271\u0027 times","damage_taken":0,"max_hp_gain":0,"max_hp_loss":0,"event_name":"Dead Adventurer","floor":14,"gold_loss":0},{"damage_healed":0,"gold_gain":0,"player_choice":"Trade","damage_taken":0,"relics_obtained":["NlothsMask"],"max_hp_gain":0,"max_hp_loss":0,"event_name":"FaceTrader","floor":19,"gold_loss":0}],"is_beta":false,"boss_relics":[{"not_picked":["Fusion Hammer","Coffee Dripper"],"picked":"Calling Bell"}],"items_purged_floors":[],"is_endless":false,"potions_floor_spawned":[6,8,16,18],"killed_by":"Gremlin Leader","ascension_level":20}