{"gold_per_floor":[109,124,274,199,33,33,60,79,79,26,42,61,61],"floor_reached":13,"playtime":310,"items_purged":[],"score":170,"play_id":"7c089fa1-a1c4-4a61-b76b-0898c85439dc","local_time":"20220324215517","is_ascension_mode":true,"campfire_choices":[{"data":"Shrug It Off","floor":6,"key":"SMITH"}],"neow_cost":"NONE","seed_source_timestamp":778489940720900,"circlet_count":0,"master_deck":["AscendersBane","Strike_R","Strike_R","Strike_R","Strike_R","Strike_R","Defend_R","Defend_R","Defend_R","Defend_R","Bash","Shrug It Off+1","Thunderclap","Pommel Strike","Reaper"],"relics":["Burning Blood","Ancient Tea Set","Chemical X","White Beast Statue","Paper Frog"],"potions_floor_usage":[7,13],"damage_taken":[{"damage":15,"enemies":"Small Slimes","floor":1,"turns":4},{"damage":7,"enemies":"Jaw Worm","floor":2,"turns":4},{"damage":25,"enemies":"Gremlin Nob","floor":7,"turns":4},{"damage":1,"enemies":"Cultist","floor":8,"turns":3},{"damage":18,"enemies":"Exordium Wildlife","floor":11,"turns":5},{"damage":7,"enemies":"Red Slaver","floor":12,"turns":4},{"damage":41,"enemies":"Lagavulin","floor":13,"turns":8}],"seed_played":"5517436359267062515","potions_obtained":[{"floor":1,"key":"LiquidMemories"},{"floor":2,"key":"Weak Potion"},{"floor":8,"key":"PowerPotion"},{"floor":12,"key":"SteroidPotion"}],"is_trial":false,"path_per_floor":["M","M","?","?","$","R","E","M","T","$","M","M","E"],"character_chosen":"IRONCLAD","items_purchased":["Chemical X","Pommel Strike"],"campfire_rested":0,"item_purchase_floors":[5,10],"current_hp_per_floor":[59,58,58,58,58,58,39,44,44,44,32,31,0],"gold":61,"neow_bonus":"RANDOM_COMMON_RELIC","is_prod":false,"is_daily":false,"chose_seed":false,"campfire_upgraded":1,"win_rate":0,"timestamp":1648155317,"path_taken":["M","M","?","?","?","R","E","M","T","$","M","?","E"],"build_version":"2022-03-07","purchased_purges":0,"victory":false,"max_hp_per_floor":[75,75,75,75,75,75,75,75,75,75,75,75,75],"card_choices":[{"not_picked":["True Grit","Heavy Blade"],"picked":"Shrug It Off","floor":1},{"not_picked":["Headbutt","Havoc","Twin Strike"],"picked":"SKIP","floor":2},{"not_picked":["Rupture","Rage","Havoc"],"picked":"SKIP","floor":7},{"not_picked":["Second Wind","Carnage"],"picked":"Thunderclap","floor":8},{"not_picked":["Sever Soul","Hemokinesis","Anger"],"picked":"SKIP","floor":11},{"not_picked":["Flex","Hemokinesis"],"picked":"Reaper","floor":12}],"player_experience":1840272,"relics_obtained":[{"floor":7,"key":"White Beast Statue"},{"floor":9,"key":"Paper Frog"}],"event_choices":[{"damage_healed":0,"gold_gain":150,"player_choice":"AGREE","damage_taken":0,"max_hp_gain":0,"max_hp_loss":0,"event_name":"Liars Game","floor":3,"gold_loss":0,"cards_obtained":["Doubt"]},{"cards_removed":["Doubt"],"damage_healed":0,"gold_gain":0,"player_choice":"Card Removal","damage_taken":0,"max_hp_gain":0,"max_hp_loss":0,"event_name":"The Cleric","floor":4,"gold_loss":75}],"is_beta":false,"boss_relics":[],"items_purged_floors":[],"is_endless":false,"potions_floor_spawned":[1,2,8,11,12],"killed_by":"Lagavulin","ascension_level":20}