{"gold_per_floor":[365,379,117,127,26,55,55,85,85,85,119,119,137,167,167,167],"floor_reached":16,"playtime":528,"items_purged":["Normality"],"score":306,"play_id":"a5a62faf-f0a0-4673-afbc-dc645c62a900","local_time":"20220403164137","is_ascension_mode":true,"campfire_choices":[{"data":"Disarm","floor":7,"key":"SMITH"},{"floor":10,"key":"REST"},{"data":"Flash of Steel","floor":15,"key":"SMITH"}],"neow_cost":"CURSE","seed_source_timestamp":21391951509900,"circlet_count":0,"master_deck":["AscendersBane","Strike_R","Strike_R","Strike_R","Strike_R","Strike_R","Defend_R","Defend_R","Defend_R","Defend_R","Bash","Clothesline","Feel No Pain","Thunderclap","Disarm+1","Flash of Steel+1","Feed+1","Immolate+1"],"relics":["Burning Blood","Ancient Tea Set","Darkstone Periapt","Molten Egg 2","Gremlin Horn","Singing Bowl","Boot"],"potions_floor_usage":[8,11,14,16],"damage_taken":[{"damage":4,"enemies":"2 Louse","floor":1,"turns":4},{"damage":11,"enemies":"Jaw Worm","floor":2,"turns":4},{"damage":1,"enemies":"Cultist","floor":4,"turns":3},{"damage":40,"enemies":"Gremlin Nob","floor":6,"turns":5},{"damage":47,"enemies":"Lagavulin","floor":8,"turns":9},{"damage":23,"enemies":"Gremlin Nob","floor":11,"turns":4},{"damage":12,"enemies":"Blue Slaver","floor":13,"turns":3},{"damage":0,"enemies":"3 Sentries","floor":14,"turns":2},{"damage":77,"enemies":"Hexaghost","floor":16,"turns":14}],"seed_played":"-8845427163740323333","potions_obtained":[{"floor":1,"key":"BloodPotion"},{"floor":8,"key":"AttackPotion"},{"floor":11,"key":"BloodPotion"},{"floor":13,"key":"SkillPotion"}],"is_trial":false,"path_per_floor":["M","M","$","M","$","E","R","E","T","R","E","?","M","E","R","B"],"character_chosen":"IRONCLAD","items_purchased":["Thunderclap","Ancient Tea Set","Flash of Steel"],"campfire_rested":1,"item_purchase_floors":[3,3,5],"current_hp_per_floor":[70,65,65,70,70,36,36,10,10,32,19,45,45,57,57,0],"gold":167,"neow_bonus":"TWO_FIFTY_GOLD","is_prod":false,"is_daily":false,"chose_seed":false,"campfire_upgraded":2,"win_rate":0,"timestamp":1648996897,"path_taken":["M","M","$","M","$","E","R","E","T","R","E","?","M","E","R","BOSS"],"build_version":"2022-03-07","purchased_purges":1,"victory":false,"max_hp_per_floor":[75,75,75,75,75,75,75,75,75,75,79,79,85,91,91,91],"card_choices":[{"not_picked":["Warcry","Flex"],"picked":"Clothesline","floor":1},{"not_picked":["Havoc","Cleave"],"picked":"Feel No Pain","floor":2},{"not_picked":["Carnage","Spot Weakness"],"picked":"Disarm","floor":4},{"not_picked":["Clash","Thunderclap","Body Slam"],"picked":"SKIP","floor":6},{"not_picked":["Offering","Spot Weakness"],"picked":"Feed+1","floor":8},{"not_picked":["Cleave+1","Sentinel"],"picked":"Immolate+1","floor":11},{"not_picked":["Perfected Strike+1","Seeing Red","Headbutt+1"],"picked":"Singing Bowl","floor":13},{"not_picked":["Dropkick+1","Combust","Sever Soul+1"],"picked":"Singing Bowl","floor":14}],"player_experience":1852939,"relics_obtained":[{"floor":6,"key":"Darkstone Periapt"},{"floor":8,"key":"Molten Egg 2"},{"floor":9,"key":"Gremlin Horn"},{"floor":11,"key":"Singing Bowl"},{"floor":14,"key":"Boot"}],"event_choices":[{"damage_healed":26,"gold_gain":0,"player_choice":"Banana","damage_taken":0,"max_hp_gain":0,"max_hp_loss":0,"event_name":"Big Fish","floor":12,"gold_loss":0}],"is_beta":false,"boss_relics":[],"items_purged_floors":[3],"is_endless":false,"potions_floor_spawned":[1,8,11,13],"killed_by":"Hexaghost","ascension_level":20}