{"gold_per_floor":[117,267,192,192,209,235,235,235,235,249,266,301,301,301,301,378,378,389,389,124,140,120,120,149,149,172,207,227,256,88,13,13,13],"floor_reached":33,"playtime":929,"items_purged":["Defend_R"],"score":618,"play_id":"34969290-b8dc-4059-85ee-0b4737081d07","local_time":"20220403114103","is_ascension_mode":true,"campfire_choices":[{"floor":7,"key":"REST"},{"floor":13,"key":"REST"},{"floor":15,"key":"REST"},{"data":"Inflame","floor":23,"key":"SMITH"},{"data":"Rampage","floor":25,"key":"SMITH"},{"floor":32,"key":"REST"}],"neow_cost":"NONE","seed_source_timestamp":2956990634500,"circlet_count":0,"master_deck":["AscendersBane","Strike_R","Strike_R+1","Strike_R","Strike_R","Defend_R","Defend_R","Defend_R+1","Bash","Body Slam+1","Rampage+1","Inflame+1","Spot Weakness+1","Ghostly Armor+1","Shrug It Off","Heavy Blade","Limit Break"],"relics":["Black Star","Juzu Bracelet","Omamori","StrikeDummy","War Paint","Art of War","Cursed Key","Lee\u0027s Waffle","Orichalcum","Anchor","Strawberry","Bag of Marbles","PreservedInsect","Blood Vial","Centennial Puzzle","Toolbox"],"potions_floor_usage":[6,11,12,24,28,33],"damage_taken":[{"damage":16,"enemies":"Small Slimes","floor":1,"turns":5},{"damage":7,"enemies":"Jaw Worm","floor":5,"turns":3},{"damage":35,"enemies":"3 Sentries","floor":6,"turns":13},{"damage":1,"enemies":"Cultist","floor":10,"turns":3},{"damage":0,"enemies":"2 Fungi Beasts","floor":11,"turns":2},{"damage":23,"enemies":"Lagavulin","floor":12,"turns":6},{"damage":35,"enemies":"The Guardian","floor":16,"turns":10},{"damage":28,"enemies":"3 Byrds","floor":18,"turns":6},{"damage":16,"enemies":"Shell Parasite","floor":21,"turns":4},{"damage":25,"enemies":"Gremlin Leader","floor":24,"turns":5},{"damage":24,"enemies":"Slavers","floor":27,"turns":6},{"damage":0,"enemies":"Centurion and Healer","floor":28,"turns":4},{"damage":21,"enemies":"Gremlin Leader","floor":29,"turns":4},{"damage":46,"enemies":"Automaton","floor":33,"turns":6}],"seed_played":"-3693093434518268030","potions_obtained":[{"floor":1,"key":"SkillPotion"},{"floor":6,"key":"SpeedPotion"},{"floor":10,"key":"SteroidPotion"},{"floor":11,"key":"Block Potion"},{"floor":22,"key":"GamblersBrew"},{"floor":27,"key":"SteroidPotion"},{"floor":29,"key":"LiquidBronze"}],"is_trial":false,"path_per_floor":["M","?","?","?","M","E","R","?","T","M","M","E","R","?","R","B",null,"M","?","$","M","?","R","E","R","T","E","M","E","$","?","R","B"],"character_chosen":"IRONCLAD","items_purchased":["Lee\u0027s Waffle","Shrug It Off","Toolbox"],"campfire_rested":4,"item_purchase_floors":[20,20,30],"current_hp_per_floor":[52,52,52,52,45,10,32,50,50,49,49,26,48,25,47,12,59,31,10,87,71,71,71,46,46,53,29,29,8,8,8,36,0],"gold":13,"neow_bonus":"BOSS_RELIC","is_prod":false,"is_daily":false,"chose_seed":false,"campfire_upgraded":2,"win_rate":0,"timestamp":1648978863,"path_taken":["M","?","?","?","M","E","R","?","T","M","M","E","R","?","R","BOSS","M","?","$","M","?","R","E","R","T","E","M","E","$","?","R","BOSS"],"build_version":"2022-03-07","purchased_purges":1,"victory":false,"max_hp_per_floor":[75,75,75,75,75,75,75,75,75,75,75,75,75,75,75,75,75,75,80,87,87,87,87,87,87,94,94,94,94,94,94,94,94],"card_choices":[{"not_picked":["Battle Trance","Heavy Blade"],"picked":"Body Slam","floor":1},{"not_picked":["Burning Pact","Uppercut"],"picked":"Rampage","floor":5},{"not_picked":["Clash","Twin Strike"],"picked":"Inflame","floor":6},{"not_picked":["Body Slam","Offering"],"picked":"Spot Weakness","floor":10},{"not_picked":["Uppercut","Reckless Charge"],"picked":"Ghostly Armor","floor":11},{"not_picked":["Power Through","Infernal Blade","Searing Blow"],"picked":"SKIP","floor":12},{"not_picked":["Body Slam","Flex","Iron Wave"],"picked":"SKIP","floor":18},{"not_picked":["Iron Wave","Shockwave","Fire Breathing+1"],"picked":"SKIP","floor":21},{"not_picked":["Pommel Strike","Havoc","Fire Breathing"],"picked":"SKIP","floor":24},{"not_picked":["Flame Barrier","Rampage"],"picked":"Heavy Blade","floor":27},{"not_picked":["Uppercut","Clash","Armaments"],"picked":"SKIP","floor":28},{"not_picked":["Blood for Blood","Spot Weakness"],"picked":"Limit Break","floor":29}],"player_experience":1850531,"relics_obtained":[{"floor":6,"key":"Juzu Bracelet"},{"floor":6,"key":"Omamori"},{"floor":9,"key":"StrikeDummy"},{"floor":12,"key":"War Paint"},{"floor":12,"key":"Art of War"},{"floor":24,"key":"Orichalcum"},{"floor":24,"key":"Anchor"},{"floor":26,"key":"Strawberry"},{"floor":27,"key":"Bag of Marbles"},{"floor":27,"key":"PreservedInsect"},{"floor":29,"key":"Blood Vial"},{"floor":29,"key":"Centennial Puzzle"}],"event_choices":[{"damage_healed":0,"gold_gain":150,"player_choice":"AGREE","damage_taken":0,"max_hp_gain":0,"max_hp_loss":0,"event_name":"Liars Game","floor":2,"gold_loss":0,"cards_obtained":["Doubt"]},{"cards_removed":["Doubt"],"damage_healed":0,"gold_gain":0,"player_choice":"Card Removal","damage_taken":0,"max_hp_gain":0,"max_hp_loss":0,"event_name":"The Cleric","floor":3,"gold_loss":75},{"damage_healed":0,"gold_gain":0,"player_choice":"Grow","damage_taken":0,"max_hp_gain":0,"max_hp_loss":0,"event_name":"Living Wall","floor":4,"gold_loss":0,"cards_upgraded":["Body Slam"]},{"damage_healed":18,"gold_gain":0,"player_choice":"Healed and dodged fight","damage_taken":0,"max_hp_gain":0,"max_hp_loss":0,"event_name":"Mushrooms","floor":8,"gold_loss":0,"cards_obtained":["Parasite"]},{"damage_healed":0,"gold_gain":0,"player_choice":"Entered Light","damage_taken":23,"max_hp_gain":0,"max_hp_loss":0,"event_name":"Shining Light","floor":14,"gold_loss":0,"cards_upgraded":["Ghostly Armor","Strike_R"]},{"damage_healed":0,"gold_gain":0,"player_choice":"Shed Blood","damage_taken":26,"max_hp_gain":5,"max_hp_loss":0,"event_name":"Forgotten Altar","floor":19,"gold_loss":0},{"damage_healed":0,"gold_gain":0,"player_choice":"Bought 1 Potion","damage_taken":0,"max_hp_gain":0,"max_hp_loss":0,"event_name":"The Woman in Blue","floor":22,"gold_loss":0},{"cards_removed":["Strike_R"],"damage_healed":0,"gold_gain":0,"player_choice":"Gave Gold","damage_taken":0,"max_hp_gain":0,"max_hp_loss":0,"event_name":"Beggar","floor":31,"gold_loss":75}],"is_beta":false,"boss_relics":[{"not_picked":["Philosopher\u0027s Stone","Ectoplasm"],"picked":"Cursed Key"}],"items_purged_floors":[20],"is_endless":false,"potions_floor_spawned":[1,6,10,11,27,29],"killed_by":"Automaton","ascension_level":20}