{"gold_per_floor":[116,116,135,41,52,52,79,79,79,79,79,145,170,184,184,263,263,281,295,88,138,188,188],"floor_reached":23,"playtime":716,"items_purged":[],"score":423,"play_id":"dd4bb840-9bf8-4552-b0c5-8082c265a086","local_time":"20220325005639","is_ascension_mode":true,"campfire_choices":[{"data":"Bash","floor":6,"key":"SMITH"},{"floor":11,"key":"REST"},{"floor":15,"key":"REST"}],"neow_cost":"NONE","seed_source_timestamp":788965287188500,"circlet_count":0,"master_deck":["AscendersBane","Defend_R","Defend_R","Defend_R","Defend_R","Bash+1","True Grit+1","Bandage Up+1","Infernal Blade+1","Spot Weakness+1","Corruption","Body Slam","Shrug It Off+1","Limit Break+1","Body Slam+1","Feel No Pain","Bite","Bite","Bite","Bite","Bite"],"relics":["Burning Blood","NeowsBlessing","Toxic Egg 2","Ice Cream","Bag of Marbles","SsserpentHead","Paper Frog","SlaversCollar","Orichalcum","MutagenicStrength"],"potions_floor_usage":[16,18,23],"damage_taken":[{"damage":0,"enemies":"Jaw Worm","floor":1,"turns":1},{"damage":0,"enemies":"Cultist","floor":3,"turns":1},{"damage":0,"enemies":"2 Louse","floor":5,"turns":1},{"damage":65,"enemies":"Gremlin Nob","floor":7,"turns":5},{"damage":8,"enemies":"Blue Slaver","floor":12,"turns":3},{"damage":45,"enemies":"3 Sentries","floor":13,"turns":9},{"damage":5,"enemies":"Gremlin Gang","floor":14,"turns":4},{"damage":41,"enemies":"Slime Boss","floor":16,"turns":11},{"damage":29,"enemies":"3 Byrds","floor":18,"turns":6},{"damage":50,"enemies":"Spheric Guardian","floor":19,"turns":8},{"damage":30,"enemies":"Gremlin Leader","floor":23,"turns":2}],"seed_played":"3892426467532534869","potions_obtained":[{"floor":12,"key":"SpeedPotion"},{"floor":13,"key":"BloodPotion"},{"floor":14,"key":"Regen Potion"},{"floor":16,"key":"GamblersBrew"}],"is_trial":false,"path_per_floor":["M","?","M","$","M","R","E","?","T","?","R","M","E","M","R","B",null,"M","M","$","?","?","E"],"character_chosen":"IRONCLAD","items_purchased":["Bandage Up+1","Feel No Pain","Orichalcum"],"campfire_rested":2,"item_purchase_floors":[4,20,20],"current_hp_per_floor":[74,74,75,75,75,75,22,22,22,22,44,48,15,22,44,30,64,47,9,9,9,9,0],"gold":188,"neow_bonus":"THREE_ENEMY_KILL","is_prod":false,"is_daily":false,"chose_seed":false,"campfire_upgraded":1,"win_rate":0,"timestamp":1648166199,"path_taken":["M","?","?","$","M","R","E","?","T","?","R","?","E","M","R","BOSS","M","M","$","?","?","E"],"build_version":"2022-03-07","purchased_purges":0,"victory":false,"max_hp_per_floor":[75,75,75,75,75,75,75,75,75,75,75,75,75,75,75,75,75,75,75,75,52,52,52],"card_choices":[{"not_picked":["Sword Boomerang","Reckless Charge"],"picked":"Perfected Strike","floor":1},{"not_picked":["Sword Boomerang","Feel No Pain"],"picked":"True Grit+1","floor":3},{"not_picked":["Anger","Flex+1"],"picked":"Infernal Blade+1","floor":5},{"not_picked":["Shrug It Off+1","Metallicize"],"picked":"Spot Weakness+1","floor":7},{"not_picked":["Twin Strike","Wild Strike"],"picked":"Body Slam","floor":12},{"not_picked":["Spot Weakness+1","Power Through+1"],"picked":"Shrug It Off+1","floor":13},{"not_picked":["Sword Boomerang","Battle Trance+1","Sever Soul"],"picked":"SKIP","floor":14},{"not_picked":["Impervious+1","Feed"],"picked":"Limit Break+1","floor":16},{"not_picked":["Wild Strike","Headbutt"],"picked":"Body Slam+1","floor":18},{"not_picked":["Thunderclap","Wild Strike","Reckless Charge"],"picked":"SKIP","floor":19}],"player_experience":1844348,"relics_obtained":[{"floor":7,"key":"Ice Cream"},{"floor":9,"key":"Bag of Marbles"},{"floor":13,"key":"Paper Frog"}],"event_choices":[{"cards_removed":["Perfected Strike"],"damage_healed":0,"gold_gain":0,"player_choice":"Gave Card","damage_taken":0,"relics_obtained":["Toxic Egg 2"],"max_hp_gain":0,"max_hp_loss":0,"event_name":"WeMeetAgain","floor":2,"gold_loss":0},{"damage_healed":0,"gold_gain":0,"cards_transformed":["Strike_R"],"player_choice":"Change","damage_taken":0,"max_hp_gain":0,"max_hp_loss":0,"event_name":"Living Wall","floor":8,"gold_loss":0,"cards_obtained":["Corruption"]},{"damage_healed":0,"gold_gain":0,"player_choice":"Trade","damage_taken":0,"relics_obtained":["SsserpentHead"],"max_hp_gain":0,"max_hp_loss":0,"event_name":"FaceTrader","floor":10,"gold_loss":0},{"damage_healed":0,"gold_gain":0,"player_choice":"Became a vampire","damage_taken":0,"max_hp_gain":0,"max_hp_loss":23,"event_name":"Vampires","floor":21,"gold_loss":0,"cards_obtained":["Bite","Bite","Bite","Bite","Bite"]},{"damage_healed":0,"gold_gain":0,"player_choice":"Inject Mutagens","damage_taken":0,"relics_obtained":["MutagenicStrength"],"max_hp_gain":0,"max_hp_loss":0,"event_name":"Drug Dealer","floor":22,"gold_loss":0}],"is_beta":false,"boss_relics":[{"not_picked":["Empty Cage","Snecko Eye"],"picked":"SlaversCollar"}],"items_purged_floors":[],"is_endless":false,"potions_floor_spawned":[12,13,14,16],"killed_by":"Gremlin Leader","ascension_level":20}