{"gold_per_floor":[109,109,79,89,108,140,150,150,150,150,164,192,192,192,204,216],"floor_reached":16,"playtime":391,"items_purged":[],"score":220,"play_id":"624dd088-4aed-45f1-bd2b-18fbbea3344a","local_time":"20220325010919","is_ascension_mode":true,"campfire_choices":[{"floor":8,"key":"REST"},{"data":"Shrug It Off","floor":13,"key":"SMITH"},{"data":"Blood for Blood","floor":15,"key":"SMITH"}],"neow_cost":"NONE","seed_source_timestamp":790050668610800,"circlet_count":0,"master_deck":["AscendersBane","Strike_R","Strike_R","Strike_R","Strike_R","Strike_R","Defend_R","Defend_R","Defend_R","Defend_R","Bash","Rupture+1","Clash","Blood for Blood+1","Fire Breathing","Shrug It Off+1","Berserk"],"relics":["Burning Blood","NeowsBlessing","Bird Faced Urn","Torii","Ice Cream","MawBank"],"potions_floor_usage":[6,11],"damage_taken":[{"damage":0,"enemies":"Small Slimes","floor":1,"turns":1},{"damage":0,"enemies":"Cultist","floor":4,"turns":1},{"damage":0,"enemies":"Jaw Worm","floor":5,"turns":1},{"damage":40,"enemies":"3 Sentries","floor":6,"turns":12},{"damage":37,"enemies":"Gremlin Gang","floor":7,"turns":6},{"damage":22,"enemies":"Looter","floor":11,"turns":4},{"damage":48,"enemies":"Lagavulin","floor":12,"turns":9},{"damage":24,"enemies":"Hexaghost","floor":16,"turns":8}],"seed_played":"-392593137381382937","potions_obtained":[{"floor":1,"key":"Fire Potion"},{"floor":5,"key":"Weak Potion"},{"floor":12,"key":"SteroidPotion"}],"is_trial":false,"path_per_floor":["M","?","$","M","M","E","M","R","T","?","M","E","R","?","R","B"],"character_chosen":"IRONCLAD","items_purchased":["Clash"],"campfire_rested":1,"item_purchase_floors":[3],"current_hp_per_floor":[74,74,74,75,75,41,14,36,36,61,49,11,11,11,11,0],"gold":216,"neow_bonus":"THREE_ENEMY_KILL","is_prod":false,"is_daily":false,"chose_seed":false,"campfire_upgraded":2,"win_rate":0,"timestamp":1648166959,"path_taken":["M","?","$","M","?","E","M","R","T","?","M","E","R","?","R","BOSS"],"build_version":"2022-03-07","purchased_purges":0,"victory":false,"max_hp_per_floor":[75,75,75,75,75,75,75,75,75,75,75,75,75,75,75,75],"card_choices":[{"not_picked":["True Grit","Armaments"],"picked":"Rupture","floor":1},{"not_picked":["Havoc","Iron Wave"],"picked":"Blood for Blood","floor":4},{"not_picked":["Heavy Blade","Cleave","Clothesline"],"picked":"SKIP","floor":5},{"not_picked":["Sentinel","Pommel Strike"],"picked":"Fire Breathing","floor":6},{"not_picked":["Headbutt","Twin Strike","Limit Break"],"picked":"SKIP","floor":7},{"not_picked":["Wild Strike","Pummel"],"picked":"Shrug It Off","floor":11},{"not_picked":["Pummel","Rupture"],"picked":"Berserk","floor":12}],"player_experience":1845418,"relics_obtained":[{"floor":6,"key":"Bird Faced Urn"},{"floor":9,"key":"Torii"},{"floor":12,"key":"Ice Cream"}],"event_choices":[{"damage_healed":0,"gold_gain":0,"player_choice":"Upgraded","damage_taken":0,"max_hp_gain":0,"max_hp_loss":0,"event_name":"Upgrade Shrine","floor":2,"gold_loss":0,"cards_upgraded":["Rupture"]},{"damage_healed":25,"gold_gain":0,"player_choice":"Banana","damage_taken":0,"max_hp_gain":0,"max_hp_loss":0,"event_name":"Big Fish","floor":10,"gold_loss":0},{"damage_healed":0,"gold_gain":0,"player_choice":"Gave Potion","damage_taken":0,"relics_obtained":["MawBank"],"max_hp_gain":0,"max_hp_loss":0,"event_name":"WeMeetAgain","floor":14,"gold_loss":0}],"is_beta":false,"boss_relics":[],"items_purged_floors":[],"is_endless":false,"potions_floor_spawned":[1,5,12],"killed_by":"Hexaghost","ascension_level":20}