{"gold_per_floor":[119,132,144,144,161,195,208,237,237,237,255,255,9,34,34,111,111,124,142,142,42,0,29,29,46,127,158,158],"floor_reached":28,"playtime":834,"items_purged":["Strike_R","Strike_R"],"score":556,"play_id":"fdadcd87-f632-4859-b2eb-6d8424178998","local_time":"20220327152109","is_ascension_mode":true,"campfire_choices":[{"floor":10,"key":"REST"},{"data":"Inflame","floor":12,"key":"SMITH"},{"data":"1","floor":15,"key":"LIFT"},{"floor":24,"key":"REST"}],"neow_cost":"TEN_PERCENT_HP_LOSS","seed_source_timestamp":1009918501182700,"circlet_count":0,"master_deck":["AscendersBane","Strike_R","Strike_R","Strike_R","Defend_R","Defend_R","Defend_R","Defend_R","Bash","Pommel Strike","Thunderclap","Inflame+1","Clash","Ghostly Armor","Shrug It Off","Seeing Red","Dropkick","Limit Break","Cleave+1"],"relics":["Burning Blood","Ginger","FaceOfCleric","Pantograph","StrikeDummy","Blue Candle","Toolbox","Girya","Busted Crown","White Beast Statue","InkBottle","Mummified Hand"],"potions_floor_usage":[5,8,23,27],"damage_taken":[{"damage":1,"enemies":"Cultist","floor":1,"turns":3},{"damage":5,"enemies":"2 Louse","floor":2,"turns":4},{"damage":19,"enemies":"Jaw Worm","floor":3,"turns":4},{"damage":11,"enemies":"Blue Slaver","floor":5,"turns":5},{"damage":35,"enemies":"3 Sentries","floor":6,"turns":7},{"damage":7,"enemies":"Looter","floor":7,"turns":3},{"damage":17,"enemies":"Gremlin Nob","floor":8,"turns":4},{"damage":0,"enemies":"3 Louse","floor":11,"turns":3},{"damage":12,"enemies":"Lagavulin","floor":14,"turns":6},{"damage":40,"enemies":"Slime Boss","floor":16,"turns":10},{"damage":10,"enemies":"Shell Parasite","floor":18,"turns":2},{"damage":16,"enemies":"Spheric Guardian","floor":19,"turns":4},{"damage":34,"enemies":"Book of Stabbing","floor":23,"turns":6},{"damage":27,"enemies":"Snecko","floor":25,"turns":4},{"damage":38,"enemies":"Gremlin Leader","floor":27,"turns":5},{"damage":13,"enemies":"Shelled Parasite and Fungi","floor":28,"turns":1}],"seed_played":"6088588034448985060","potions_obtained":[{"floor":1,"key":"Swift Potion"},{"floor":7,"key":"DistilledChaos"},{"floor":11,"key":"BloodPotion"},{"floor":16,"key":"AttackPotion"},{"floor":23,"key":"SteroidPotion"},{"floor":27,"key":"Ancient Potion"}],"is_trial":false,"path_per_floor":["M","M","M","?","M","E","M","E","T","R","M","R","$","E","R","B",null,"M","M","?","$","?","E","R","M","T","E","M"],"character_chosen":"IRONCLAD","items_purchased":["Toolbox"],"campfire_rested":2,"item_purchase_floors":[13],"current_hp_per_floor":[68,68,55,55,51,23,23,13,13,34,41,41,41,36,36,28,63,60,51,51,51,51,24,47,27,27,11,0],"gold":158,"neow_bonus":"ONE_RARE_RELIC","is_prod":false,"is_daily":false,"chose_seed":false,"campfire_upgraded":1,"win_rate":0,"timestamp":1648387269,"path_taken":["M","M","?","?","M","E","?","E","T","R","M","R","$","E","R","BOSS","M","M","?","$","?","E","R","M","T","E","M"],"build_version":"2022-03-07","purchased_purges":2,"victory":false,"max_hp_per_floor":[68,68,68,68,69,70,71,72,72,72,73,73,73,74,74,75,75,76,77,77,77,77,78,78,79,79,80,80],"card_choices":[{"not_picked":["Dual Wield","Anger"],"picked":"Pommel Strike","floor":1},{"not_picked":["Sword Boomerang","Heavy Blade"],"picked":"Thunderclap","floor":2},{"not_picked":["Pommel Strike","Perfected Strike"],"picked":"Inflame","floor":3},{"not_picked":["Entrench","Heavy Blade"],"picked":"Clash","floor":5},{"not_picked":["Reckless Charge","Heavy Blade"],"picked":"Ghostly Armor","floor":6},{"not_picked":["Thunderclap","Havoc"],"picked":"Shrug It Off","floor":7},{"not_picked":["Brutality","Barricade"],"picked":"Seeing Red","floor":8},{"not_picked":["Thunderclap","Iron Wave"],"picked":"Dropkick","floor":11},{"not_picked":["Sentinel","Evolve","Twin Strike"],"picked":"SKIP","floor":14},{"not_picked":["Demon Form","Brutality"],"picked":"Limit Break","floor":16},{"not_picked":["Havoc"],"picked":"SKIP","floor":18},{"not_picked":["Cleave"],"picked":"SKIP","floor":19},{"not_picked":[],"picked":"Cleave+1","floor":23},{"not_picked":["Clash+1"],"picked":"SKIP","floor":25},{"not_picked":["Havoc"],"picked":"SKIP","floor":27}],"player_experience":1846266,"relics_obtained":[{"floor":6,"key":"Pantograph"},{"floor":8,"key":"StrikeDummy"},{"floor":9,"key":"Blue Candle"},{"floor":14,"key":"Girya"},{"floor":23,"key":"White Beast Statue"},{"floor":26,"key":"InkBottle"},{"floor":27,"key":"Mummified Hand"}],"event_choices":[{"damage_healed":0,"gold_gain":0,"player_choice":"Trade","damage_taken":0,"relics_obtained":["FaceOfCleric"],"max_hp_gain":0,"max_hp_loss":0,"event_name":"FaceTrader","floor":4,"gold_loss":0},{"damage_healed":0,"gold_gain":0,"player_choice":"Ignored","damage_taken":0,"max_hp_gain":0,"max_hp_loss":0,"event_name":"Ghosts","floor":20,"gold_loss":0},{"damage_healed":0,"gold_gain":0,"player_choice":"Paid Fearfully","damage_taken":0,"max_hp_gain":0,"max_hp_loss":0,"event_name":"Masked Bandits","floor":22,"gold_loss":42}],"is_beta":false,"boss_relics":[{"not_picked":["Fusion Hammer","Snecko Eye"],"picked":"Busted Crown"}],"items_purged_floors":[13,21],"is_endless":false,"potions_floor_spawned":[1,7,11,16,18,23,25,27],"killed_by":"Shelled Parasite and Fungi","ascension_level":20}