{"gold_per_floor":[111,261,161,171,188,188,222,233,233,268,287,44,44],"floor_reached":13,"playtime":354,"items_purged":["Doubt"],"score":190,"play_id":"7c675f8a-8114-401b-97f3-1db4e8dfa862","local_time":"20220325010240","is_ascension_mode":true,"campfire_choices":[{"floor":6,"key":"REST"}],"neow_cost":"PERCENT_DAMAGE","seed_source_timestamp":789688744621800,"circlet_count":0,"master_deck":["AscendersBane","Strike_R","Strike_R","Strike_R","Strike_R","Strike_R","Defend_R","Defend_R","Defend_R","Defend_R","Bash","Sadistic Nature","Disarm","Thunderclap","Ghostly Armor","Disarm"],"relics":["Burning Blood","PreservedInsect","Self Forming Clay","Blood Vial","Darkstone Periapt","HandDrill"],"potions_floor_usage":[10,13],"damage_taken":[{"damage":3,"enemies":"Small Slimes","floor":1,"turns":5},{"damage":25,"enemies":"Jaw Worm","floor":4,"turns":8},{"damage":4,"enemies":"Cultist","floor":5,"turns":4},{"damage":9,"enemies":"Gremlin Nob","floor":7,"turns":3},{"damage":35,"enemies":"Exordium Thugs","floor":8,"turns":5},{"damage":21,"enemies":"Lagavulin","floor":10,"turns":7},{"damage":0,"enemies":"2 Fungi Beasts","floor":11,"turns":3},{"damage":37,"enemies":"Gremlin Nob","floor":13,"turns":4}],"seed_played":"-8944946751966773361","potions_obtained":[{"floor":1,"key":"Ancient Potion"},{"floor":11,"key":"PowerPotion"}],"is_trial":false,"path_per_floor":["M","?","?","M","M","R","E","M","T","E","M","$","E"],"character_chosen":"IRONCLAD","items_purchased":["HandDrill"],"campfire_rested":1,"item_purchase_floors":[12],"current_hp_per_floor":[53,53,53,34,36,58,55,26,26,13,21,21,0],"gold":44,"neow_bonus":"RANDOM_COLORLESS_2","is_prod":false,"is_daily":false,"chose_seed":false,"campfire_upgraded":0,"win_rate":0,"timestamp":1648166560,"path_taken":["M","?","?","?","M","R","E","M","T","E","M","?","E"],"build_version":"2022-03-07","purchased_purges":1,"victory":false,"max_hp_per_floor":[75,75,75,75,75,75,75,75,75,75,75,75,75],"card_choices":[{"not_picked":["Magnetism","The Bomb"],"picked":"Sadistic Nature","floor":0},{"not_picked":["Armaments","Cleave"],"picked":"Disarm","floor":1},{"not_picked":["Clash","Flex"],"picked":"Thunderclap","floor":4},{"not_picked":["Feel No Pain","Clothesline","Fiend Fire"],"picked":"SKIP","floor":5},{"not_picked":["Bloodletting","Sword Boomerang","Clash"],"picked":"SKIP","floor":7},{"not_picked":["Rupture","Dual Wield"],"picked":"Ghostly Armor","floor":8},{"not_picked":["Hemokinesis","Body Slam","Blood for Blood"],"picked":"SKIP","floor":10},{"not_picked":["Sword Boomerang","True Grit"],"picked":"Disarm","floor":11}],"player_experience":1845064,"relics_obtained":[{"floor":7,"key":"Self Forming Clay"},{"floor":9,"key":"Blood Vial"},{"floor":10,"key":"Darkstone Periapt"}],"event_choices":[{"damage_healed":0,"gold_gain":150,"player_choice":"AGREE","damage_taken":0,"max_hp_gain":0,"max_hp_loss":0,"event_name":"Liars Game","floor":2,"gold_loss":0,"cards_obtained":["Doubt"]},{"damage_healed":0,"gold_gain":0,"player_choice":"Paid Gold","damage_taken":0,"relics_obtained":["PreservedInsect"],"max_hp_gain":0,"max_hp_loss":0,"event_name":"WeMeetAgain","floor":3,"gold_loss":100}],"is_beta":false,"boss_relics":[],"items_purged_floors":[12],"is_endless":false,"potions_floor_spawned":[1,11],"killed_by":"Gremlin Nob","ascension_level":20}