{"gold_per_floor":[114,131,56,56,15,40,75,118,130,171,194,206,178,34,34,34],"floor_reached":16,"playtime":339,"items_purged":[],"score":282,"play_id":"6846ae3a-ff91-4077-8125-f5b02d979430","local_time":"20220327150707","is_ascension_mode":true,"campfire_choices":[{"data":"Intimidate","floor":12,"key":"SMITH"},{"data":"Panacea","floor":15,"key":"SMITH"}],"neow_cost":"NONE","seed_source_timestamp":1009561678349600,"circlet_count":0,"master_deck":["AscendersBane","Strike_R","Strike_R","Strike_R","Strike_R","Defend_R","Defend_R","Defend_R","Bash","Feel No Pain","Intimidate+1","Fire Breathing","Iron Wave","Sentinel","Pommel Strike","Havoc","Panacea+1"],"special_seed":0,"relics":["Burning Blood","NeowsBlessing","MawBank","Oddly Smooth Stone","Magic Flower","Shuriken","Bottled Lightning"],"potions_floor_usage":[],"damage_taken":[{"damage":0.0,"enemies":"Jaw Worm","floor":1.0,"turns":1.0},{"damage":0.0,"enemies":"Small Slimes","floor":2.0,"turns":1.0},{"damage":0.0,"enemies":"Gremlin Nob","floor":6.0,"turns":1.0},{"damage":9.0,"enemies":"3 Sentries","floor":8.0,"turns":5.0},{"damage":42.0,"enemies":"Lagavulin","floor":10.0,"turns":7.0},{"damage":0,"enemies":"Cultist","floor":11,"turns":3},{"damage":0,"enemies":"Looter","floor":13,"turns":4},{"damage":56,"enemies":"Hexaghost","floor":16,"turns":9}],"seed_played":"-8211822231438321230","potions_obtained":[{"floor":1.0,"key":"BlessingOfTheForge"},{"floor":6.0,"key":"Weak Potion"}],"is_trial":false,"path_per_floor":["M","M","?","?","$","E","T","E","T","E","M","R","M","$","R","B"],"character_chosen":"IRONCLAD","items_purchased":["Fire Breathing","Havoc","Panacea"],"campfire_rested":0,"item_purchase_floors":[5,14,14],"current_hp_per_floor":[74,75,75,68,68,74,74,71,71,38,47,47,56,56,56,0],"gold":34,"neow_bonus":"THREE_ENEMY_KILL","is_prod":false,"is_daily":false,"chose_seed":false,"campfire_upgraded":2,"win_rate":0,"timestamp":1648386427,"path_taken":["M","M","?","?","$","E","?","E","T","E","M","R","?","$","R","BOSS"],"build_version":"2022-03-07","purchased_purges":0,"victory":false,"max_hp_per_floor":[75,75,75,75,75,75,75,75,75,75,75,75,75,75,75,75],"card_choices":[{"not_picked":["Thunderclap","Dark Embrace"],"picked":"Feel No Pain","floor":1.0},{"not_picked":["Flame Barrier","Entrench"],"picked":"Intimidate","floor":2.0},{"not_picked":["Clothesline","Perfected Strike","Metallicize"],"picked":"SKIP","floor":6.0},{"not_picked":["Perfected Strike","Iron Wave","Headbutt"],"picked":"SKIP","floor":8.0},{"not_picked":["Perfected Strike","Uppercut"],"picked":"Iron Wave","floor":10},{"not_picked":["Wild Strike","Metallicize"],"picked":"Sentinel","floor":11},{"not_picked":["Clothesline","Battle Trance"],"picked":"Pommel Strike","floor":13}],"player_experience":1845927,"relics_obtained":[{"floor":6.0,"key":"MawBank"},{"floor":7.0,"key":"Oddly Smooth Stone"},{"floor":8.0,"key":"Magic Flower"},{"floor":9.0,"key":"Shuriken"},{"floor":10,"key":"Bottled Lightning"}],"event_choices":[{"cards_removed":["Strike_R"],"damage_healed":0.0,"max_hp_gain":0.0,"max_hp_loss":0.0,"gold_gain":0.0,"event_name":"The Cleric","player_choice":"Card Removal","floor":3.0,"gold_loss":75.0,"damage_taken":0.0},{"cards_removed":["Defend_R"],"damage_healed":0.0,"max_hp_gain":0.0,"max_hp_loss":0.0,"gold_gain":0.0,"event_name":"Golden Wing","player_choice":"Card Removal","floor":4.0,"gold_loss":0.0,"damage_taken":7.0}],"is_beta":false,"boss_relics":[],"items_purged_floors":[],"is_endless":false,"potions_floor_spawned":[1,6],"killed_by":"Hexaghost","ascension_level":20}