{"gold_per_floor":[116,41,41,53,80,114,114,132,183,183,202,227,31,65,65,65],"floor_reached":16,"playtime":348,"items_purged":["Strike_R","Strike_R"],"score":286,"play_id":"68dfcab6-d647-4660-b327-5a8702f86ab4","local_time":"20220325001516","is_ascension_mode":true,"campfire_choices":[{"data":"Whirlwind","floor":7,"key":"SMITH"},{"data":"Apotheosis","floor":15,"key":"SMITH"}],"neow_cost":"NONE","seed_source_timestamp":786850958293300,"circlet_count":0,"master_deck":["AscendersBane","Strike_R","Strike_R+1","Defend_R","Defend_R+1","Defend_R","Defend_R","Bash","Whirlwind+1","Inflame","Ghostly Armor","Feed","Apotheosis+1"],"relics":["Burning Blood","NeowsBlessing","Smiling Mask","Blue Candle","Dream Catcher","The Courier","Gremlin Horn"],"potions_floor_usage":[12,14],"damage_taken":[{"damage":0,"enemies":"Jaw Worm","floor":1,"turns":1},{"damage":0,"enemies":"Small Slimes","floor":4,"turns":1},{"damage":0,"enemies":"Gremlin Nob","floor":6,"turns":1},{"damage":1,"enemies":"Cultist","floor":8,"turns":3},{"damage":6,"enemies":"Exordium Wildlife","floor":11,"turns":4},{"damage":28,"enemies":"Lagavulin","floor":12,"turns":6},{"damage":35,"enemies":"Gremlin Nob","floor":14,"turns":5},{"damage":14,"enemies":"Hexaghost","floor":16,"turns":9}],"seed_played":"-1516776635843145096","potions_obtained":[{"floor":1,"key":"Ancient Potion"},{"floor":6,"key":"Block Potion"}],"is_trial":false,"path_per_floor":["M","$","?","M","T","E","R","M","T","?","M","E","$","E","R","B"],"character_chosen":"IRONCLAD","items_purchased":["Apotheosis"],"campfire_rested":0,"item_purchase_floors":[13],"current_hp_per_floor":[74,74,51,57,57,63,63,68,68,61,61,39,39,13,13,0],"gold":65,"neow_bonus":"THREE_ENEMY_KILL","is_prod":false,"is_daily":false,"chose_seed":false,"campfire_upgraded":2,"win_rate":0,"timestamp":1648163716,"path_taken":["M","$","?","M","?","E","R","M","T","?","M","E","?","E","R","BOSS"],"build_version":"2022-03-07","purchased_purges":2,"victory":false,"max_hp_per_floor":[75,75,75,75,75,75,75,75,75,75,75,75,75,78,78,78],"card_choices":[{"not_picked":["Carnage","Combust"],"picked":"Whirlwind","floor":1},{"not_picked":["Perfected Strike","Blood for Blood","Clash"],"picked":"SKIP","floor":4},{"not_picked":["Intimidate","Cleave"],"picked":"Inflame","floor":6},{"not_picked":["Perfected Strike","Twin Strike"],"picked":"Ghostly Armor","floor":8},{"not_picked":["Twin Strike","Dark Embrace","Bloodletting"],"picked":"SKIP","floor":11},{"not_picked":["Heavy Blade","Cleave"],"picked":"Feed","floor":12},{"not_picked":["Cleave","Carnage","True Grit"],"picked":"SKIP","floor":14}],"player_experience":1842290,"relics_obtained":[{"floor":5,"key":"Smiling Mask"},{"floor":6,"key":"Blue Candle"},{"floor":9,"key":"Dream Catcher"},{"floor":12,"key":"The Courier"},{"floor":14,"key":"Gremlin Horn"}],"event_choices":[{"damage_healed":0,"gold_gain":0,"player_choice":"Entered Light","damage_taken":23,"max_hp_gain":0,"max_hp_loss":0,"event_name":"Shining Light","floor":3,"gold_loss":0,"cards_upgraded":["Defend_R","Strike_R"]},{"cards_removed":["Strike_R"],"damage_healed":0,"gold_gain":0,"player_choice":"Card Removal","damage_taken":7,"max_hp_gain":0,"max_hp_loss":0,"event_name":"Golden Wing","floor":10,"gold_loss":0}],"is_beta":false,"boss_relics":[],"items_purged_floors":[2,13],"is_endless":false,"potions_floor_spawned":[1,6],"killed_by":"Hexaghost","ascension_level":20}