{"gold_per_floor":[111,23,23,23,23,23,56,56,133,143,143],"floor_reached":11,"playtime":271,"items_purged":[],"score":138,"play_id":"6f034569-86c8-4f26-8838-88b7939eb4c6","local_time":"20220406223749","is_ascension_mode":true,"campfire_choices":[{"data":"Disarm","floor":6,"key":"SMITH"},{"floor":8,"key":"REST"}],"neow_cost":"NONE","seed_source_timestamp":8247416008400,"circlet_count":0,"master_deck":["AscendersBane","Strike_R","Strike_R","Strike_R","Defend_R","Defend_R","Defend_R","Bash","Shrug It Off","Disarm+1","Offering","Cleave","Intimidate","Iron Wave","Shrug It Off"],"relics":["Empty Cage","Regal Pillow","Pantograph"],"potions_floor_usage":[],"damage_taken":[{"damage":1,"enemies":"Cultist","floor":1,"turns":3},{"damage":63,"enemies":"Gremlin Nob","floor":7,"turns":5},{"damage":0,"enemies":"2 Louse","floor":10,"turns":3},{"damage":45,"enemies":"Lagavulin","floor":11,"turns":7}],"seed_played":"3621622922215326279","potions_obtained":[{"floor":7,"key":"Ancient Potion"}],"is_trial":false,"path_per_floor":["M","$","?","?","$","R","E","R","T","M","E"],"character_chosen":"IRONCLAD","items_purchased":["Disarm"],"campfire_rested":1,"item_purchase_floors":[2],"current_hp_per_floor":[67,67,67,67,67,67,4,41,41,41,0],"gold":143,"neow_bonus":"BOSS_RELIC","is_prod":false,"is_daily":false,"chose_seed":false,"campfire_upgraded":1,"win_rate":0,"timestamp":1649277469,"path_taken":["M","$","?","?","$","R","E","R","T","M","E"],"build_version":"2022-03-07","purchased_purges":0,"victory":false,"max_hp_per_floor":[75,75,75,75,75,75,75,75,75,75,75],"card_choices":[{"not_picked":["Pommel Strike","Anger"],"picked":"Shrug It Off","floor":1},{"not_picked":["Sentinel","Twin Strike"],"picked":"Iron Wave","floor":7},{"not_picked":["Wild Strike","Twin Strike"],"picked":"Shrug It Off","floor":10}],"player_experience":1856301,"relics_obtained":[{"floor":7,"key":"Regal Pillow"},{"floor":9,"key":"Pantograph"}],"event_choices":[{"damage_healed":0,"gold_gain":0,"cards_transformed":["Strike_R"],"player_choice":"Change","damage_taken":0,"max_hp_gain":0,"max_hp_loss":0,"event_name":"Living Wall","floor":3,"gold_loss":0,"cards_obtained":["Offering"]},{"damage_healed":0,"gold_gain":0,"player_choice":"2 cards matched","damage_taken":0,"max_hp_gain":0,"max_hp_loss":0,"event_name":"Match and Keep!","floor":4,"gold_loss":0,"cards_obtained":["Cleave","Intimidate"]}],"is_beta":false,"boss_relics":[],"items_purged_floors":[],"is_endless":false,"potions_floor_spawned":[7],"killed_by":"Lagavulin","ascension_level":20}