{"gold_per_floor":[115,190,207,258,270,282,326,338,375,421,444,456],"floor_reached":12,"playtime":272,"items_purged":[],"score":172,"play_id":"05a9d1a8-bb54-4980-9d99-035a1897d762","local_time":"20220412002911","is_ascension_mode":true,"campfire_choices":[{"data":"Bash","floor":6,"key":"SMITH"},{"floor":8,"key":"REST"}],"neow_cost":"NONE","seed_source_timestamp":17441657015000,"circlet_count":0,"master_deck":["AscendersBane","Strike_R","Strike_R","Strike_R","Strike_R+1","Strike_R","Defend_R","Defend_R","Defend_R","Defend_R","Bash+1","Headbutt+1","Disarm"],"relics":["Runic Dome","MawBank","Sundial","Whetstone","Art of War","Smiling Mask"],"potions_floor_usage":[12],"damage_taken":[{"damage":4,"enemies":"2 Louse","floor":1,"turns":3},{"damage":0,"enemies":"Jaw Worm","floor":3,"turns":3},{"damage":45,"enemies":"3 Sentries","floor":7,"turns":9},{"damage":8,"enemies":"Gremlin Nob","floor":10,"turns":3},{"damage":8,"enemies":"Small Slimes","floor":11,"turns":3},{"damage":17,"enemies":"3 Sentries","floor":12,"turns":4}],"seed_played":"-7903925822534859281","potions_obtained":[{"floor":10,"key":"ElixirPotion"},{"floor":11,"key":"BlessingOfTheForge"}],"is_trial":false,"path_per_floor":["M","?","M","T","?","R","E","R","T","E","M","E"],"character_chosen":"IRONCLAD","items_purchased":[],"campfire_rested":1,"item_purchase_floors":[],"current_hp_per_floor":[64,53,53,53,53,53,8,30,30,22,14,0],"gold":456,"neow_bonus":"BOSS_RELIC","is_prod":false,"is_daily":false,"chose_seed":false,"campfire_upgraded":1,"win_rate":0,"timestamp":1649716151,"path_taken":["M","?","M","?","?","R","E","R","T","E","?","E"],"build_version":"2022-03-07","purchased_purges":0,"victory":false,"max_hp_per_floor":[75,75,75,75,75,75,75,75,75,75,75,75],"card_choices":[{"not_picked":["Flex","Wild Strike"],"picked":"Headbutt","floor":1},{"not_picked":["Anger","Infernal Blade"],"picked":"Clothesline","floor":3},{"not_picked":["Heavy Blade","Cleave","Sword Boomerang"],"picked":"SKIP","floor":7},{"not_picked":["Body Slam","Brutality"],"picked":"Disarm","floor":10},{"not_picked":["Dual Wield","Clash","Searing Blow"],"picked":"SKIP","floor":11}],"player_experience":1869435,"relics_obtained":[{"floor":4,"key":"MawBank"},{"floor":7,"key":"Whetstone"},{"floor":9,"key":"Art of War"},{"floor":10,"key":"Smiling Mask"}],"event_choices":[{"damage_healed":0,"gold_gain":75,"player_choice":"Gather Gold","damage_taken":11,"max_hp_gain":0,"max_hp_loss":0,"event_name":"World of Goop","floor":2,"gold_loss":0},{"cards_removed":["Clothesline"],"damage_healed":0,"gold_gain":0,"player_choice":"Gave Card","damage_taken":0,"relics_obtained":["Sundial"],"max_hp_gain":0,"max_hp_loss":0,"event_name":"WeMeetAgain","floor":5,"gold_loss":0}],"is_beta":false,"boss_relics":[],"items_purged_floors":[],"is_endless":false,"potions_floor_spawned":[10,11],"killed_by":"3 Sentries","ascension_level":20}