{"gold_per_floor":[110,385,398,398,411,436,436],"floor_reached":7,"playtime":343,"items_purged":[],"score":102,"play_id":"81af5362-caa1-4bed-b8b2-b1aeffe2e528","local_time":"20220410072914","is_ascension_mode":true,"campfire_choices":[],"neow_cost":"CURSE","seed_source_timestamp":64412874706100,"circlet_count":0,"master_deck":["AscendersBane","Strike_R","Strike_R","Strike_R","Strike_R","Strike_R","Defend_R","Defend_R","Defend_R","Defend_R","Bash","Decay","Fiend Fire","Shrug It Off","Regret","Feel No Pain","Evolve"],"relics":["Burning Blood","GremlinMask","Self Forming Clay"],"potions_floor_usage":[7],"damage_taken":[{"damage":7,"enemies":"Small Slimes","floor":1,"turns":4},{"damage":2,"enemies":"Cultist","floor":3,"turns":3},{"damage":0,"enemies":"2 Louse","floor":5,"turns":3},{"damage":51,"enemies":"3 Sentries","floor":6,"turns":24},{"damage":50,"enemies":"Gremlin Gang","floor":7,"turns":3}],"seed_played":"100579938509373277","potions_obtained":[{"floor":1,"key":"Block Potion"}],"is_trial":false,"path_per_floor":["M","?","M","?","M","E","M"],"character_chosen":"IRONCLAD","items_purchased":[],"campfire_rested":0,"item_purchase_floors":[],"current_hp_per_floor":[67,67,71,71,75,30,0],"gold":436,"neow_bonus":"THREE_RARE_CARDS","is_prod":false,"is_daily":false,"chose_seed":false,"campfire_upgraded":0,"win_rate":0,"timestamp":1649568554,"path_taken":["M","?","?","?","?","E","M"],"build_version":"2022-03-07","purchased_purges":0,"victory":false,"max_hp_per_floor":[75,75,75,75,75,75,75],"card_choices":[{"not_picked":["Brutality","Limit Break"],"picked":"Fiend Fire","floor":0},{"not_picked":["Warcry","Clash"],"picked":"Shrug It Off","floor":1},{"not_picked":["Sword Boomerang","Headbutt","Anger"],"picked":"SKIP","floor":3},{"not_picked":["Shrug It Off","Heavy Blade"],"picked":"Feel No Pain","floor":5},{"not_picked":["Clash","Bloodletting"],"picked":"Evolve","floor":6}],"player_experience":1862896,"relics_obtained":[{"floor":6,"key":"Self Forming Clay"}],"event_choices":[{"damage_healed":0,"gold_gain":275,"player_choice":"Desecrate","damage_taken":0,"max_hp_gain":0,"max_hp_loss":0,"event_name":"Golden Shrine","floor":2,"gold_loss":0,"cards_obtained":["Regret"]},{"damage_healed":0,"gold_gain":0,"player_choice":"Trade","damage_taken":0,"relics_obtained":["GremlinMask"],"max_hp_gain":0,"max_hp_loss":0,"event_name":"FaceTrader","floor":4,"gold_loss":0}],"is_beta":false,"boss_relics":[],"items_purged_floors":[],"is_endless":false,"potions_floor_spawned":[1],"killed_by":"Gremlin Gang","ascension_level":20}