{"gold_per_floor":[116,126,126,141,141,141,168,168,222,254,279,291,13,13,13,13],"floor_reached":16,"playtime":337,"items_purged":["Pain"],"score":216,"play_id":"66e48336-0884-4e93-8735-c8a0b542d81f","local_time":"20220412002423","is_ascension_mode":true,"campfire_choices":[{"floor":6,"key":"REST"},{"data":"Rampage","floor":8,"key":"SMITH"},{"data":"Chrysalis","floor":15,"key":"SMITH"}],"neow_cost":"NONE","seed_source_timestamp":17088822329700,"circlet_count":0,"master_deck":["AscendersBane","Strike_R+1","Strike_R","Strike_R","Strike_R","Strike_R","Defend_R","Defend_R","Defend_R","Defend_R","Bash+1","Intimidate","Cleave","Rampage+1","Chrysalis+1"],"relics":["Busted Crown","WarpedTongs","Akabeko","Lantern","MawBank","Omamori"],"potions_floor_usage":[7,14,16,16],"damage_taken":[{"damage":3,"enemies":"2 Louse","floor":1,"turns":3},{"damage":0,"enemies":"Cultist","floor":2,"turns":3},{"damage":5,"enemies":"Small Slimes","floor":4,"turns":3},{"damage":23,"enemies":"3 Sentries","floor":7,"turns":7},{"damage":10,"enemies":"Gremlin Nob","floor":10,"turns":3},{"damage":6,"enemies":"Exordium Wildlife","floor":11,"turns":3},{"damage":26,"enemies":"Hexaghost","floor":16,"turns":9}],"seed_played":"8375892191298252957","potions_obtained":[{"floor":1,"key":"BlessingOfTheForge"},{"floor":4,"key":"LiquidBronze"},{"floor":10,"key":"Weak Potion"},{"floor":14,"key":"Fruit Juice"},{"floor":14,"key":"Weak Potion"}],"is_trial":false,"path_per_floor":["M","M","?","M","?","R","E","R","T","E","M","T","$","?","R","B"],"character_chosen":"IRONCLAD","items_purchased":["Chrysalis"],"campfire_rested":1,"item_purchase_floors":[13],"current_hp_per_floor":[65,65,65,60,37,59,36,36,36,26,20,20,20,25,25,0],"gold":13,"neow_bonus":"BOSS_RELIC","is_prod":false,"is_daily":false,"chose_seed":false,"campfire_upgraded":2,"win_rate":0,"timestamp":1649715863,"path_taken":["M","M","?","?","?","R","E","R","T","E","M","?","$","?","R","BOSS"],"build_version":"2022-03-07","purchased_purges":1,"victory":false,"max_hp_per_floor":[75,75,75,75,75,75,75,75,75,75,75,75,75,80,80,80],"card_choices":[{"not_picked":[],"picked":"Intimidate","floor":1},{"not_picked":[],"picked":"Cleave","floor":2},{"not_picked":["Wild Strike"],"picked":"SKIP","floor":4},{"not_picked":[],"picked":"Rampage","floor":7},{"not_picked":["Armaments"],"picked":"SKIP","floor":10},{"not_picked":["Burning Pact"],"picked":"SKIP","floor":11}],"player_experience":1869098,"relics_obtained":[{"floor":7,"key":"Akabeko"},{"floor":9,"key":"Lantern"},{"floor":10,"key":"MawBank"},{"floor":12,"key":"Omamori"}],"event_choices":[{"damage_healed":0,"gold_gain":0,"player_choice":"Rummage","damage_taken":0,"relics_obtained":["WarpedTongs"],"max_hp_gain":0,"max_hp_loss":0,"event_name":"Accursed Blacksmith","floor":3,"gold_loss":0,"cards_obtained":["Pain"]},{"damage_healed":0,"gold_gain":0,"player_choice":"Entered Light","damage_taken":23,"max_hp_gain":0,"max_hp_loss":0,"event_name":"Shining Light","floor":5,"gold_loss":0,"cards_upgraded":["Bash","Strike_R"]},{"damage_healed":0,"gold_gain":0,"player_choice":"Got Potions","damage_taken":0,"max_hp_gain":0,"max_hp_loss":0,"event_name":"Lab","floor":14,"gold_loss":0}],"is_beta":false,"boss_relics":[],"items_purged_floors":[13],"is_endless":false,"potions_floor_spawned":[1,4,10],"killed_by":"Hexaghost","ascension_level":20}