{"gold_per_floor":[116,39,54,54,1,28,47,47,47,59,88,103,132,143,143,214,214,232,241,221,221,221],"floor_reached":22,"playtime":628,"items_purged":[],"score":462,"play_id":"4c2e80d6-2bf5-4e9c-a89d-ea53d723d022","local_time":"20220407224808","is_ascension_mode":true,"campfire_choices":[{"floor":8,"key":"REST"},{"floor":15,"key":"REST"}],"neow_cost":"NONE","seed_source_timestamp":94910229378600,"circlet_count":0,"master_deck":["AscendersBane","Strike_R","Strike_R","Defend_R","Defend_R","Defend_R","Defend_R","Bash","Thunderclap","Rampage+1","Shrug It Off","Demon Form","Dropkick","Dropkick","Disarm","Metallicize+1","Bludgeon+1","Exhume+1","Writhe"],"relics":["SlaversCollar","Bottled Lightning","The Courier","White Beast Statue","Dream Catcher","Astrolabe","CeramicFish"],"potions_floor_usage":[6,11,13,14,16,18,21,22],"damage_taken":[{"damage":6,"enemies":"Jaw Worm","floor":1,"turns":5},{"damage":8,"enemies":"Cultist","floor":3,"turns":5},{"damage":32,"enemies":"Gremlin Nob","floor":6,"turns":4},{"damage":2,"enemies":"2 Louse","floor":7,"turns":3},{"damage":18,"enemies":"Large Slime","floor":10,"turns":6},{"damage":14,"enemies":"3 Sentries","floor":11,"turns":6},{"damage":0,"enemies":"2 Fungi Beasts","floor":12,"turns":3},{"damage":0,"enemies":"Lagavulin","floor":13,"turns":5},{"damage":0,"enemies":"3 Louse","floor":14,"turns":4},{"damage":14,"enemies":"Hexaghost","floor":16,"turns":7},{"damage":14,"enemies":"2 Thieves","floor":18,"turns":3},{"damage":0,"enemies":"3 Byrds","floor":21,"turns":1},{"damage":69,"enemies":"Sentry and Sphere","floor":22,"turns":7}],"seed_played":"2096227693434300571","potions_obtained":[{"floor":1,"key":"SkillPotion"},{"floor":6,"key":"HeartOfIron"},{"floor":11,"key":"PowerPotion"},{"floor":12,"key":"Ancient Potion"},{"floor":13,"key":"Fire Potion"},{"floor":14,"key":"Swift Potion"},{"floor":16,"key":"ColorlessPotion"},{"floor":18,"key":"SmokeBomb"},{"floor":20,"key":"BloodPotion"}],"is_trial":false,"path_per_floor":["M","$","M","?","$","E","M","R","T","M","E","M","E","M","R","B",null,"M","?","?","M","M"],"character_chosen":"IRONCLAD","items_purchased":["Rampage","Shrug It Off"],"campfire_rested":2,"item_purchase_floors":[2,5],"current_hp_per_floor":[62,62,54,54,54,22,20,42,42,24,10,10,10,10,32,18,61,47,47,47,47,0],"gold":221,"neow_bonus":"BOSS_RELIC","is_prod":false,"is_daily":false,"chose_seed":false,"campfire_upgraded":0,"win_rate":0,"timestamp":1649364488,"path_taken":["M","$","M","?","?","E","M","R","T","?","E","M","E","M","R","BOSS","M","?","?","?","M"],"build_version":"2022-03-07","purchased_purges":0,"victory":false,"max_hp_per_floor":[75,75,75,75,75,75,75,75,75,75,75,75,75,75,75,75,75,75,75,75,75,75],"card_choices":[{"not_picked":["Headbutt","Havoc"],"picked":"Thunderclap","floor":1},{"not_picked":["Whirlwind","Burning Pact","Carnage"],"picked":"SKIP","floor":3},{"not_picked":["Perfected Strike","Clothesline","Searing Blow"],"picked":"SKIP","floor":6},{"not_picked":["Sword Boomerang","Clash"],"picked":"Demon Form","floor":7},{"not_picked":["Blood for Blood","Sword Boomerang","Anger"],"picked":"SKIP","floor":10},{"not_picked":["Warcry","Dark Embrace"],"picked":"Dropkick","floor":11},{"not_picked":["Combust","Second Wind"],"picked":"Dropkick","floor":12},{"not_picked":["Perfected Strike","Pummel"],"picked":"Disarm","floor":13},{"not_picked":["Heavy Blade","Metallicize","Cleave"],"picked":"SKIP","floor":14},{"not_picked":["Thunderclap","Sentinel","Sword Boomerang"],"picked":"SKIP","floor":18}],"player_experience":1858913,"relics_obtained":[{"floor":6,"key":"Bottled Lightning"},{"floor":9,"key":"The Courier"},{"floor":11,"key":"White Beast Statue"},{"floor":13,"key":"Dream Catcher"}],"event_choices":[{"damage_healed":0,"gold_gain":0,"player_choice":"Upgraded","damage_taken":0,"max_hp_gain":0,"max_hp_loss":0,"event_name":"Upgrade Shrine","floor":4,"gold_loss":0,"cards_upgraded":["Rampage"]},{"damage_healed":0,"gold_gain":0,"player_choice":"Opened","damage_taken":0,"relics_obtained":["CeramicFish"],"max_hp_gain":0,"max_hp_loss":0,"event_name":"The Mausoleum","floor":19,"gold_loss":0,"cards_obtained":["Writhe"]},{"damage_healed":0,"gold_gain":0,"player_choice":"Bought 1 Potion","damage_taken":0,"max_hp_gain":0,"max_hp_loss":0,"event_name":"The Woman in Blue","floor":20,"gold_loss":0}],"is_beta":false,"boss_relics":[{"not_picked":["Snecko Eye","Pandora\u0027s Box"],"picked":"Astrolabe"}],"items_purged_floors":[],"is_endless":false,"potions_floor_spawned":[1,6,11,12,13,14,16,18,21],"killed_by":"Sentry and Sphere","ascension_level":20}