{"gold_per_floor":[112,37,37,37,57,57,107,107,131,131,131,146,146,169,169,169],"floor_reached":16,"playtime":305,"items_purged":["Decay"],"score":196,"play_id":"0b9d8b8d-8fb6-4ec2-89fd-c573bc9c2aad","local_time":"20220406223302","is_ascension_mode":true,"campfire_choices":[{"data":"Flame Barrier","floor":6,"key":"SMITH"},{"data":"Whirlwind","floor":8,"key":"SMITH"},{"data":"Bash","floor":10,"key":"SMITH"},{"floor":13,"key":"REST"},{"floor":15,"key":"REST"}],"neow_cost":"CURSE","seed_source_timestamp":7926375471500,"circlet_count":0,"master_deck":["AscendersBane","Strike_R","Strike_R","Strike_R","Strike_R","Strike_R","Defend_R","Defend_R+1","Defend_R","Defend_R","Bash+1","Sword Boomerang+1","Flame Barrier+1","Whirlwind+1"],"relics":["Burning Blood","Mummified Hand","Golden Idol","CeramicFish","Strawberry"],"potions_floor_usage":[7,7],"damage_taken":[{"damage":4,"enemies":"Cultist","floor":1,"turns":4},{"damage":5,"enemies":"Small Slimes","floor":5,"turns":3},{"damage":56,"enemies":"Lagavulin","floor":7,"turns":9},{"damage":0,"enemies":"2 Louse","floor":12,"turns":1},{"damage":21,"enemies":"Red Slaver","floor":14,"turns":4},{"damage":62,"enemies":"Slime Boss","floor":16,"turns":9}],"seed_played":"2306208934338363675","potions_obtained":[{"floor":1,"key":"SkillPotion"},{"floor":5,"key":"Fire Potion"}],"is_trial":false,"path_per_floor":["M","$","T","?","M","R","E","R","T","R","?","M","R","M","R","B"],"character_chosen":"IRONCLAD","items_purchased":[],"campfire_rested":2,"item_purchase_floors":[],"current_hp_per_floor":[84,84,84,81,81,81,31,31,38,38,12,18,44,29,55,0],"gold":169,"neow_bonus":"TWENTY_PERCENT_HP_BONUS","is_prod":false,"is_daily":false,"chose_seed":false,"campfire_upgraded":3,"win_rate":0,"timestamp":1649277182,"path_taken":["M","$","?","?","M","R","E","R","T","R","?","M","R","M","R","BOSS"],"build_version":"2022-03-07","purchased_purges":1,"victory":false,"max_hp_per_floor":[89,89,89,81,81,81,81,81,88,88,88,88,88,88,88,88],"card_choices":[{"not_picked":["Pummel","Dark Embrace"],"picked":"Sword Boomerang","floor":1},{"not_picked":["Thunderclap","Perfected Strike"],"picked":"Flame Barrier","floor":5},{"not_picked":["Fire Breathing","Anger"],"picked":"Whirlwind","floor":7},{"not_picked":["Seeing Red","Warcry","Sword Boomerang"],"picked":"SKIP","floor":12},{"not_picked":["Sword Boomerang","Heavy Blade","Armaments"],"picked":"SKIP","floor":14}],"player_experience":1855996,"relics_obtained":[{"floor":3,"key":"Mummified Hand"},{"floor":7,"key":"CeramicFish"},{"floor":9,"key":"Strawberry"}],"event_choices":[{"damage_healed":0,"gold_gain":0,"player_choice":"Lose Max HP","damage_taken":0,"relics_obtained":["Golden Idol"],"max_hp_gain":0,"max_hp_loss":8,"event_name":"Golden Idol","floor":4,"gold_loss":0},{"damage_healed":0,"gold_gain":0,"player_choice":"Entered Light","damage_taken":26,"max_hp_gain":0,"max_hp_loss":0,"event_name":"Shining Light","floor":11,"gold_loss":0,"cards_upgraded":["Defend_R","Sword Boomerang"]}],"is_beta":false,"boss_relics":[],"items_purged_floors":[2],"is_endless":false,"potions_floor_spawned":[1,5],"killed_by":"Slime Boss","ascension_level":20}