{"gold_per_floor":[110,110,110,0,75,75,75,75,75,105,119,138,150,178,178,250,250,264,22,297,314,41,41,51,51],"floor_reached":25,"playtime":697,"items_purged":["Strike_R","Regret"],"score":468,"play_id":"246aeeb1-a926-4c48-8723-ab7ae3046998","local_time":"20220406225208","is_ascension_mode":true,"campfire_choices":[{"floor":6,"key":"REST"},{"data":"Bash","floor":8,"key":"SMITH"},{"data":"Spot Weakness","floor":15,"key":"SMITH"},{"data":"1","floor":23,"key":"LIFT"}],"neow_cost":"NONE","seed_source_timestamp":8679799997200,"circlet_count":0,"master_deck":["AscendersBane","Strike_R","Strike_R+1","Defend_R","Defend_R","Defend_R","Defend_R+1","Bash+1","Pommel Strike","Dual Wield","Fire Breathing","Wild Strike","Spot Weakness+1","Demon Form","CurseOfTheBell"],"relics":["Burning Blood","NeowsBlessing","Question Card","Turnip","Magic Flower","Calling Bell","Nunchaku","HornCleat","Girya","Anchor","Lantern"],"potions_floor_usage":[4,14,18],"damage_taken":[{"damage":0,"enemies":"Jaw Worm","floor":1,"turns":1},{"damage":0,"enemies":"3 Sentries","floor":10,"turns":2},{"damage":0,"enemies":"Small Slimes","floor":11,"turns":1},{"damage":3,"enemies":"2 Louse","floor":12,"turns":3},{"damage":9,"enemies":"Red Slaver","floor":13,"turns":2},{"damage":11,"enemies":"Gremlin Nob","floor":14,"turns":3},{"damage":30,"enemies":"Slime Boss","floor":16,"turns":7},{"damage":30,"enemies":"2 Thieves","floor":18,"turns":5},{"damage":10,"enemies":"Chosen","floor":21,"turns":5},{"damage":17,"enemies":"Snake Plant","floor":24,"turns":5},{"damage":55,"enemies":"Gremlin Leader","floor":25,"turns":4}],"seed_played":"4300704616385540601","potions_obtained":[{"floor":11,"key":"SneckoOil"},{"floor":13,"key":"Ancient Potion"},{"floor":14,"key":"Explosive Potion"}],"is_trial":false,"path_per_floor":["M","?","?","$","?","R","?","R","T","E","M","M","M","E","R","B",null,"M","$","?","M","$","R","M","E"],"character_chosen":"IRONCLAD","items_purchased":["Fruit Juice","Anchor","Lantern"],"campfire_rested":1,"item_purchase_floors":[4,19,22],"current_hp_per_floor":[74,67,44,49,38,62,62,62,62,68,74,77,74,69,69,48,72,51,51,51,50,50,50,42,0],"gold":51,"neow_bonus":"THREE_ENEMY_KILL","is_prod":false,"is_daily":false,"chose_seed":false,"campfire_upgraded":2,"win_rate":0,"timestamp":1649278328,"path_taken":["M","?","?","$","?","R","?","R","T","E","?","M","?","E","R","BOSS","M","$","?","?","$","R","M","E"],"build_version":"2022-03-07","purchased_purges":2,"victory":false,"max_hp_per_floor":[75,75,75,80,80,80,80,80,80,80,80,80,80,80,80,80,80,80,80,80,80,80,80,80,80],"card_choices":[{"not_picked":["Flex","Perfected Strike"],"picked":"Pommel Strike","floor":1},{"not_picked":["Iron Wave","Pommel Strike","True Grit"],"picked":"Fire Breathing","floor":10},{"not_picked":["Carnage","Flex","Wild Strike","Second Wind"],"picked":"SKIP","floor":11},{"not_picked":["Carnage","Flex","Second Wind"],"picked":"Wild Strike","floor":11},{"not_picked":["Anger","Twin Strike","Cleave","Havoc"],"picked":"SKIP","floor":12},{"not_picked":["Clash","Heavy Blade","Headbutt"],"picked":"Spot Weakness","floor":13},{"not_picked":["Pummel","Bloodletting","Sever Soul","Headbutt"],"picked":"SKIP","floor":14},{"not_picked":["Berserk","Double Tap","Limit Break"],"picked":"Demon Form","floor":16},{"not_picked":["Clash","Clothesline","Exhume","Pummel"],"picked":"SKIP","floor":18},{"not_picked":["Metallicize","Perfected Strike","Pummel","Intimidate+1"],"picked":"SKIP","floor":21},{"not_picked":["Flex+1","Spot Weakness","Bloodletting","Armaments"],"picked":"SKIP","floor":24}],"player_experience":1856712,"relics_obtained":[{"floor":9,"key":"Question Card"},{"floor":10,"key":"Turnip"},{"floor":14,"key":"Magic Flower"},{"floor":17,"key":"Nunchaku"},{"floor":17,"key":"HornCleat"},{"floor":17,"key":"Girya"}],"event_choices":[{"cards_removed":["Strike_R"],"damage_healed":0,"gold_gain":0,"player_choice":"Card Removal","damage_taken":7,"max_hp_gain":0,"max_hp_loss":0,"event_name":"Golden Wing","floor":2,"gold_loss":0},{"damage_healed":0,"gold_gain":0,"player_choice":"Entered Light","damage_taken":23,"max_hp_gain":0,"max_hp_loss":0,"event_name":"Shining Light","floor":3,"gold_loss":0,"cards_upgraded":["Defend_R","Strike_R"]},{"damage_healed":0,"gold_gain":75,"player_choice":"Gather Gold","damage_taken":11,"max_hp_gain":0,"max_hp_loss":0,"event_name":"World of Goop","floor":5,"gold_loss":0},{"damage_healed":0,"gold_gain":0,"cards_transformed":["Strike_R"],"player_choice":"Transformed","damage_taken":0,"max_hp_gain":0,"max_hp_loss":0,"event_name":"Transmorgrifier","floor":7,"gold_loss":0,"cards_obtained":["Dual Wield"]},{"damage_healed":0,"gold_gain":275,"player_choice":"Desecrate","damage_taken":0,"max_hp_gain":0,"max_hp_loss":0,"event_name":"Golden Shrine","floor":20,"gold_loss":0,"cards_obtained":["Regret"]}],"is_beta":false,"boss_relics":[{"not_picked":["Empty Cage","Black Star"],"picked":"Calling Bell"}],"items_purged_floors":[19,22],"is_endless":false,"potions_floor_spawned":[11,13,14],"killed_by":"Gremlin Leader","ascension_level":20}