{"gold_per_floor":[114,125,137,18,18,46,46,21,72,83,97,122,122,151,151,227,227,244,244,263,273,273,303,303,335,335,72,72,85,100,111,111,183,183,201,1200,1200,157,157,157,175,185,240,252,280,280,280,311,311,311],"floor_reached":50,"playtime":2511,"items_purged":["Strike_R","Normality"],"score":1270,"play_id":"74930e43-7348-4d99-b1e0-a4a728753238","local_time":"20220404010809","is_ascension_mode":true,"campfire_choices":[{"floor":7.0,"key":"REST"},{"data":"Uppercut","floor":13.0,"key":"SMITH"},{"floor":15.0,"key":"REST"},{"floor":28.0,"key":"REST"},{"floor":32.0,"key":"REST"},{"data":"Bludgeon","floor":40,"key":"SMITH"},{"floor":49,"key":"REST"}],"neow_cost":"NONE","seed_source_timestamp":0,"circlet_count":0,"master_deck":["AscendersBane","Strike_R","Defend_R","Defend_R+1","Defend_R","Defend_R+1","Bash","Rampage","Flame Barrier","Clothesline","Clothesline","Uppercut+1","Shockwave","Bludgeon+1","Inflame","Disarm","Sword Boomerang","Auto Shields+1","Chrysalis+1","Normality","Armaments+1","Decay","Backflip+1"],"special_seed":0,"relics":["Snecko Eye","Orichalcum","War Paint","Anchor","StrikeDummy","SacredBark","Ancient Tea Set","The Courier","Toxic Egg 2","Bag of Marbles","PrismaticShard","Busted Crown","Bronze Scales","Meat on the Bone","Magic Flower","Happy Flower","Sundial","Strawberry","Bird Faced Urn","Regal Pillow"],"potions_floor_usage":[48,50],"damage_taken":[{"damage":0.0,"enemies":"Cultist","floor":1.0,"turns":2.0},{"damage":2.0,"enemies":"Jaw Worm","floor":2.0,"turns":2.0},{"damage":7.0,"enemies":"Small Slimes","floor":3.0,"turns":3.0},{"damage":25.0,"enemies":"3 Sentries","floor":6.0,"turns":8.0},{"damage":12.0,"enemies":"Gremlin Gang","floor":10.0,"turns":6.0},{"damage":0.0,"enemies":"Blue Slaver","floor":11.0,"turns":4.0},{"damage":4.0,"enemies":"Lagavulin","floor":12.0,"turns":5.0},{"damage":12.0,"enemies":"Gremlin Nob","floor":14.0,"turns":4.0},{"damage":30.0,"enemies":"Slime Boss","floor":16.0,"turns":9.0},{"damage":13.0,"enemies":"Spheric Guardian","floor":18.0,"turns":4.0},{"damage":3.0,"enemies":"Chosen","floor":20.0,"turns":3.0},{"damage":21.0,"enemies":"Sentry and Sphere","floor":21.0,"turns":4.0},{"damage":0.0,"enemies":"Gremlin Leader","floor":23.0,"turns":4.0},{"damage":10.0,"enemies":"Book of Stabbing","floor":25.0,"turns":4.0},{"damage":0.0,"enemies":"3 Cultists","floor":29.0,"turns":3.0},{"damage":6.0,"enemies":"Snecko","floor":30.0,"turns":4.0},{"damage":22.0,"enemies":"Cultist and Chosen","floor":31.0,"turns":4.0},{"damage":97.0,"enemies":"Collector","floor":33.0,"turns":12.0},{"damage":14,"enemies":"3 Shapes","floor":35,"turns":9},{"damage":0,"enemies":"Orb Walker","floor":41,"turns":1},{"damage":8,"enemies":"4 Shapes","floor":42,"turns":7},{"damage":27,"enemies":"Maw","floor":44,"turns":8},{"damage":33,"enemies":"Nemesis","floor":45,"turns":7},{"damage":21,"enemies":"Giant Head","floor":48,"turns":7},{"damage":99,"enemies":"Awakened One","floor":50,"turns":13}],"seed_played":"-1558852569580942681","potions_obtained":[{"floor":2.0,"key":"PowerPotion"},{"floor":6.0,"key":"FairyPotion"},{"floor":10.0,"key":"Fire Potion"},{"floor":18.0,"key":"Swift Potion"},{"floor":23.0,"key":"Weak Potion"},{"floor":33.0,"key":"Fire Potion"},{"floor":35,"key":"HeartOfIron"}],"is_trial":false,"path_per_floor":["M","M","M","$","?","E","R","$","T","M","M","E","R","E","R","B",null,"M","?","M","M","?","E","?","E","T","$","R","M","M","M","R","B",null,"M","?","?","$","?","R","M","M","T","M","E","?","?","E","R","B"],"character_chosen":"IRONCLAD","items_purchased":["Flame Barrier","Clothesline","Bag of Marbles","PrismaticShard","Bronze Scales","Armaments+1","Meat on the Bone","Magic Flower","Happy Flower","Sundial"],"campfire_rested":5,"item_purchase_floors":[4,8,27,27,38,38,38,38,38,38],"current_hp_per_floor":[68,66,59,59,59,34,56,56,56,44,44,40,40,28,50,20,61,48,75,72,51,51,51,51,41,41,41,63,63,57,35,57,7,58,44,44,44,44,44,44,44,54,61,52,37,37,37,37,75,0],"gold":311,"neow_bonus":"BOSS_RELIC","is_prod":false,"is_daily":false,"chose_seed":false,"campfire_upgraded":2,"win_rate":0,"timestamp":1649027289,"path_taken":["M","?","M","$","?","E","R","?","T","M","M","E","R","E","R","BOSS","M","?","?","M","?","E","?","E","T","?","R","M","M","?","R","BOSS","M","?","?","$","?","R","?","M","T","M","E","?","?","E","R","BOSS"],"build_version":"2022-03-07","purchased_purges":2,"victory":false,"max_hp_per_floor":[75,75,75,75,75,75,75,75,75,75,75,75,75,75,75,75,75,75,75,75,75,75,75,75,75,75,75,75,75,75,75,75,75,75,75,75,75,75,75,75,75,75,82,82,82,82,78,78,78,78],"card_choices":[{"not_picked":["Clash","Pommel Strike"],"picked":"Rampage","floor":1.0},{"not_picked":["Clash","Armaments","Dual Wield"],"picked":"SKIP","floor":2.0},{"not_picked":["Armaments","Hemokinesis","Searing Blow"],"picked":"SKIP","floor":3.0},{"not_picked":["Hemokinesis","True Grit","Corruption"],"picked":"SKIP","floor":6.0},{"not_picked":["Wild Strike","Evolve","Anger"],"picked":"SKIP","floor":10.0},{"not_picked":["Bloodletting","Pommel Strike"],"picked":"Clothesline","floor":11.0},{"not_picked":["Thunderclap","Spot Weakness"],"picked":"Uppercut","floor":12.0},{"not_picked":["Blood for Blood","Pummel"],"picked":"Shockwave","floor":14.0},{"not_picked":["Reaper","Limit Break"],"picked":"Bludgeon","floor":16.0},{"not_picked":["Twin Strike","Dropkick"],"picked":"Inflame","floor":18.0},{"not_picked":["Searing Blow","Clash","Clothesline"],"picked":"SKIP","floor":20.0},{"not_picked":["Shrug It Off","Wild Strike+1","Perfected Strike"],"picked":"SKIP","floor":21.0},{"not_picked":["Reckless Charge","Searing Blow","Sever Soul"],"picked":"SKIP","floor":23.0},{"not_picked":["Thunderclap+1","Pommel Strike","Power Through"],"picked":"SKIP","floor":25.0},{"not_picked":["CarveReality","FlyingSleeves","Sucker Punch"],"picked":"SKIP","floor":29.0},{"not_picked":["Berserk","Body Slam","Turbo+1"],"picked":"SKIP","floor":30.0},{"not_picked":["Pommel Strike+1","Steam+1"],"picked":"Auto Shields+1","floor":31.0},{"not_picked":["Devotion","Fiend Fire"],"picked":"Chrysalis+1","floor":33.0},{"not_picked":["Clothesline"],"picked":"SKIP","floor":35},{"not_picked":["Poisoned Stab+1"],"picked":"SKIP","floor":41},{"not_picked":["Turbo+1"],"picked":"SKIP","floor":42},{"not_picked":["Underhanded Strike+1"],"picked":"SKIP","floor":44},{"not_picked":[],"picked":"Backflip+1","floor":45},{"not_picked":["Deflect+1"],"picked":"SKIP","floor":48}],"player_experience":1853485,"relics_obtained":[{"floor":6.0,"key":"Orichalcum"},{"floor":9.0,"key":"War Paint"},{"floor":12.0,"key":"Anchor"},{"floor":14.0,"key":"StrikeDummy"},{"floor":23.0,"key":"Ancient Tea Set"},{"floor":25.0,"key":"The Courier"},{"floor":26.0,"key":"Toxic Egg 2"},{"floor":43,"key":"Strawberry"},{"floor":45,"key":"Bird Faced Urn"},{"floor":48,"key":"Regal Pillow"}],"event_choices":[{"cards_removed":["Strike_R"],"damage_healed":0.0,"max_hp_gain":0.0,"max_hp_loss":0.0,"gold_gain":0.0,"event_name":"Purifier","player_choice":"Purged","floor":5.0,"gold_loss":0.0,"damage_taken":0.0},{"damage_healed":27.0,"max_hp_gain":0.0,"max_hp_loss":0.0,"gold_gain":0.0,"event_name":"Wheel of Change","player_choice":"Full Heal","floor":19.0,"gold_loss":0.0,"damage_taken":0.0},{"damage_healed":0.0,"max_hp_gain":0.0,"max_hp_loss":0.0,"gold_gain":0.0,"event_name":"Ghosts","player_choice":"Ignored","floor":22.0,"gold_loss":0.0,"damage_taken":0.0},{"damage_healed":0.0,"max_hp_gain":0.0,"max_hp_loss":0.0,"gold_gain":0.0,"cards_transformed":["Strike_R","Strike_R"],"event_name":"Drug Dealer","player_choice":"Became Test Subject","floor":24.0,"gold_loss":0.0,"damage_taken":0.0,"cards_obtained":["Disarm","Sword Boomerang"]},{"damage_healed":0,"gold_gain":999,"player_choice":"Gold","damage_taken":0,"max_hp_gain":0,"max_hp_loss":0,"event_name":"MindBloom","floor":36,"gold_loss":0,"cards_obtained":["Normality","Normality"]},{"damage_healed":0,"gold_gain":0,"player_choice":"Ignored","damage_taken":0,"max_hp_gain":0,"max_hp_loss":0,"event_name":"Tomb of Lord Red Mask","floor":37,"gold_loss":0},{"damage_healed":0,"gold_gain":0,"player_choice":"Cursed","damage_taken":0,"max_hp_gain":0,"max_hp_loss":0,"event_name":"Wheel of Change","floor":39,"gold_loss":0,"cards_obtained":["Decay"]},{"damage_healed":0,"gold_gain":0,"player_choice":"Ignored","damage_taken":0,"max_hp_gain":0,"max_hp_loss":0,"event_name":"The Moai Head","floor":46,"gold_loss":0},{"damage_healed":0,"gold_gain":0,"player_choice":"Max HP","damage_taken":0,"max_hp_gain":0,"max_hp_loss":4,"event_name":"Winding Halls","floor":47,"gold_loss":0}],"is_beta":false,"boss_relics":[{"not_picked":["Sozu","Pandora\u0027s Box"],"picked":"SacredBark"},{"not_picked":["Tiny House","Cursed Key"],"picked":"Busted Crown"}],"items_purged_floors":[4,38],"is_endless":false,"potions_floor_spawned":[2,6,10,11,18,23,29,33,35,42],"killed_by":"Awakened One","ascension_level":20}