{"gold_per_floor":[113,188,204,204,219,245,40,50,50,78,91,121,146,160,160,234,234,251,251,251,5,23,23,50,0,0,31,41,41,74,101,101,174,174,186,186,210,44,59,59,93,93,169,188,188,208,208,1,1,1,1,1,1,1,32,32],"floor_reached":57,"playtime":2854,"items_purged":["Bash","Strike_R"],"score":3137,"play_id":"3f5c6387-c0a7-48c5-82fb-c6fe32b75333","local_time":"20220425024858","is_ascension_mode":true,"campfire_choices":[{"data":"Corruption","floor":15,"key":"SMITH"},{"data":"Limit Break","floor":23,"key":"SMITH"},{"data":"Calculated Gamble","floor":32,"key":"SMITH"},{"floor":40,"key":"RECALL"},{"data":"1","floor":45,"key":"LIFT"},{"data":"2","floor":47,"key":"LIFT"},{"data":"3","floor":49,"key":"LIFT"},{"data":"Havoc","floor":53,"key":"SMITH"}],"neow_cost":"PERCENT_DAMAGE","seed_source_timestamp":1146444673581600,"circlet_count":0,"master_deck":["AscendersBane","Defend_R","Defend_R","Defend_R","Defend_R","Metallicize","Warcry","Corruption+1","Disarm","Conserve Battery","Havoc+1","Calculated Gamble+1","Aggregate","After Image","WreathOfFlame+1","Limit Break+1","Bandage Up","Shrug It Off","Jack Of All Trades+1","Mayhem"],"relics":["Burning Blood","Dead Branch","Meat on the Bone","PrismaticShard","HornCleat","Ornamental Fan","Odd Mushroom","FossilizedHelix","Empty Cage","Nilry\u0027s Codex","Toy Ornithopter","Singing Bowl","Letter Opener","Tiny Chest","Red Skull","Nunchaku","Runic Dome","Bronze Scales","Girya","Toxic Egg 2","Unceasing Top"],"potions_floor_usage":[5,11,13,22,27,56,56],"damage_taken":[{"damage":2,"enemies":"Jaw Worm","floor":1,"turns":5},{"damage":9,"enemies":"Cultist","floor":3,"turns":5},{"damage":6,"enemies":"Small Slimes","floor":5,"turns":4},{"damage":7,"enemies":"3 Sentries","floor":6,"turns":5},{"damage":17,"enemies":"Exordium Wildlife","floor":8,"turns":5},{"damage":25,"enemies":"Gremlin Nob","floor":10,"turns":4},{"damage":9,"enemies":"3 Louse","floor":11,"turns":4},{"damage":15,"enemies":"The Mushroom Lair","floor":12,"turns":5},{"damage":6,"enemies":"Lagavulin","floor":13,"turns":6},{"damage":0,"enemies":"Large Slime","floor":14,"turns":3},{"damage":21,"enemies":"Hexaghost","floor":16,"turns":10},{"damage":0,"enemies":"Spheric Guardian","floor":18,"turns":2},{"damage":2,"enemies":"3 Byrds","floor":22,"turns":3},{"damage":4,"enemies":"Book of Stabbing","floor":24,"turns":6},{"damage":0,"enemies":"Slavers","floor":27,"turns":3},{"damage":0,"enemies":"3 Cultists","floor":28,"turns":4},{"damage":3,"enemies":"Book of Stabbing","floor":30,"turns":4},{"damage":0,"enemies":"Champ","floor":33,"turns":9},{"damage":3,"enemies":"3 Darklings","floor":35,"turns":2},{"damage":0,"enemies":"3 Shapes","floor":39,"turns":2},{"damage":1,"enemies":"Giant Head","floor":41,"turns":4},{"damage":6,"enemies":"3 Darklings","floor":44,"turns":4},{"damage":0,"enemies":"Spire Growth","floor":46,"turns":3},{"damage":15,"enemies":"Time Eater","floor":50,"turns":6},{"damage":15,"enemies":"Donu and Deca","floor":51,"turns":3},{"damage":0,"enemies":"Shield and Spear","floor":55,"turns":1},{"damage":46,"enemies":"The Heart","floor":56,"turns":9}],"seed_played":"624674374122970970","potions_obtained":[{"floor":3,"key":"AttackPotion"},{"floor":10,"key":"LiquidMemories"},{"floor":11,"key":"DuplicationPotion"},{"floor":12,"key":"Swift Potion"},{"floor":14,"key":"LiquidBronze"},{"floor":24,"key":"Block Potion"},{"floor":27,"key":"DistilledChaos"},{"floor":41,"key":"ColorlessPotion"}],"is_trial":false,"path_per_floor":["M","?","M","?","M","E","$","M","T","E","M","?","E","M","R","B",null,"M","?","?","$","M","R","E","?","T","E","M","?","E","T","R","B",null,"M","?","T","$","M","R","E","?","T","M","R","M","R","$","R","B","B",null,"R","$","E","B",null],"character_chosen":"IRONCLAD","items_purchased":["PrismaticShard","Disarm","Toy Ornithopter","Bronze Scales","Jack Of All Trades+1"],"campfire_rested":0,"item_purchase_floors":[7,7,21,38,48],"current_hp_per_floor":[54,43,40,40,40,39,39,40,40,33,42,45,45,51,51,48,68,74,74,53,53,62,62,64,64,64,77,79,79,81,81,81,83,83,85,85,85,85,87,87,89,89,89,91,91,93,93,93,93,88,83,91,91,91,93,64],"gold":32,"neow_bonus":"ONE_RARE_RELIC","is_prod":false,"is_daily":false,"chose_seed":false,"campfire_upgraded":4,"win_rate":0,"timestamp":1650847738,"path_taken":["M","?","M","?","M","E","$","?","T","E","M","?","E","M","R","BOSS","M","?","?","$","M","R","E","?","T","E","M","?","E","?","R","BOSS","M","?","?","?","?","R","E","?","T","M","R","M","R","$","R","BOSS","BOSS","R","$","E","BOSS"],"build_version":"2022-03-07","purchased_purges":2,"victory":true,"max_hp_per_floor":[75,75,75,75,75,75,75,75,75,75,75,75,75,75,75,75,75,75,75,75,75,75,75,75,75,75,77,79,79,81,81,81,83,83,85,85,85,85,87,87,89,89,89,91,91,93,93,93,93,93,93,93,93,93,93,93],"card_choices":[{"not_picked":["Anger","Heavy Blade"],"picked":"Metallicize","floor":1},{"not_picked":["Reckless Charge","Body Slam"],"picked":"Warcry","floor":3},{"not_picked":["Battle Trance","Thunderclap","Clothesline"],"picked":"SKIP","floor":5},{"not_picked":["Cleave","Combust","Flex"],"picked":"SKIP","floor":6},{"not_picked":["Flying Knee","Vengeance"],"picked":"Conserve Battery","floor":8},{"not_picked":["Melter","Deflect"],"picked":"Havoc","floor":10},{"not_picked":["Fasting2","SashWhip","Headbutt"],"picked":"SKIP","floor":11},{"not_picked":["Flash of Steel","Blade Dance"],"picked":"Calculated Gamble","floor":13},{"not_picked":["FollowUp","SashWhip"],"picked":"Aggregate","floor":14},{"not_picked":["The Bomb","Brutality"],"picked":"After Image","floor":16},{"not_picked":["Sword Boomerang","Prepared"],"picked":"WreathOfFlame+1","floor":18},{"not_picked":["Leap","Flex+1","Body Slam"],"picked":"SKIP","floor":22},{"not_picked":["Heavy Blade","Streamline"],"picked":"Bandage Up","floor":24},{"not_picked":["Judgement","Predator","Phantasmal Killer"],"picked":"Singing Bowl","floor":27},{"not_picked":["Anger","Leg Sweep","Mind Blast+1"],"picked":"Singing Bowl","floor":28},{"not_picked":["Prostrate","Trip","CrushJoints+1"],"picked":"Singing Bowl","floor":30},{"not_picked":["Judgement","SpiritShield","Feed"],"picked":"Singing Bowl","floor":33},{"not_picked":["Wild Strike+1","Slice","ThirdEye+1"],"picked":"Singing Bowl","floor":35},{"not_picked":["EmptyMind","Acrobatics","Headbutt"],"picked":"Singing Bowl","floor":39},{"not_picked":["Glass Knife","Thunderclap","Slice"],"picked":"Singing Bowl","floor":41},{"not_picked":["FTL","BattleHymn","Pommel Strike"],"picked":"Singing Bowl","floor":44},{"not_picked":["CutThroughFate","EmptyFist","PiercingWail+1"],"picked":"Singing Bowl","floor":46},{"not_picked":["Flex+1","Blade Dance+1"],"picked":"Mayhem","floor":55}],"player_experience":1872716,"relics_obtained":[{"floor":6,"key":"Meat on the Bone"},{"floor":9,"key":"HornCleat"},{"floor":10,"key":"Ornamental Fan"},{"floor":12,"key":"Odd Mushroom"},{"floor":13,"key":"FossilizedHelix"},{"floor":20,"key":"Nilry\u0027s Codex"},{"floor":24,"key":"Singing Bowl"},{"floor":26,"key":"Letter Opener"},{"floor":27,"key":"Tiny Chest"},{"floor":30,"key":"Red Skull"},{"floor":31,"key":"Nunchaku"},{"floor":41,"key":"Girya"},{"floor":43,"key":"Toxic Egg 2"},{"floor":55,"key":"Unceasing Top"}],"event_choices":[{"damage_healed":0,"gold_gain":75,"player_choice":"Gather Gold","damage_taken":11,"max_hp_gain":0,"max_hp_loss":0,"event_name":"World of Goop","floor":2,"gold_loss":0},{"damage_healed":0,"gold_gain":0,"player_choice":"1 cards matched","damage_taken":0,"max_hp_gain":0,"max_hp_loss":0,"event_name":"Match and Keep!","floor":4,"gold_loss":0,"cards_obtained":["Corruption"]},{"damage_healed":0,"gold_gain":0,"player_choice":"Fought Mushrooms","damage_taken":0,"max_hp_gain":0,"max_hp_loss":0,"event_name":"Mushrooms","floor":12,"gold_loss":0},{"damage_healed":0,"gold_gain":0,"cards_transformed":["Strike_R","Strike_R"],"player_choice":"Became Test Subject","damage_taken":0,"max_hp_gain":0,"max_hp_loss":0,"event_name":"Drug Dealer","floor":19,"gold_loss":0,"cards_obtained":["Limit Break","Blood for Blood"]},{"damage_healed":0,"gold_gain":0,"player_choice":"Obtained Book","damage_taken":21,"max_hp_gain":0,"max_hp_loss":0,"event_name":"Cursed Tome","floor":20,"gold_loss":0},{"damage_healed":0,"gold_gain":0,"player_choice":"Paid Fearfully","damage_taken":0,"max_hp_gain":0,"max_hp_loss":0,"event_name":"Masked Bandits","floor":25,"gold_loss":50},{"damage_healed":0,"gold_gain":0,"player_choice":"Read","damage_taken":0,"max_hp_gain":0,"max_hp_loss":0,"event_name":"The Library","floor":29,"gold_loss":0,"cards_obtained":["Shrug It Off"]},{"cards_removed":["Blood for Blood"],"damage_healed":0,"gold_gain":0,"player_choice":"Removed Attack","damage_taken":0,"max_hp_gain":0,"max_hp_loss":0,"event_name":"Falling","floor":36,"gold_loss":0},{"damage_healed":0,"gold_gain":0,"player_choice":"Full Heal","damage_taken":0,"max_hp_gain":0,"max_hp_loss":0,"event_name":"Wheel of Change","floor":42,"gold_loss":0}],"is_beta":false,"boss_relics":[{"not_picked":["SlaversCollar","SacredBark"],"picked":"Empty Cage"},{"not_picked":["Coffee Dripper","Runic Pyramid"],"picked":"Runic Dome"}],"items_purged_floors":[21,48],"is_endless":false,"potions_floor_spawned":[3,10,11,12,14,24,27,30,33,35,41,55],"ascension_level":20}