{"gold_per_floor":[110,110,125,125,125,125,125,153,153,188,206,281,291,321,321,393,393,406,432,5,5,5,5],"floor_reached":23,"playtime":455,"items_purged":[],"score":460,"play_id":"ffac4c6d-01aa-4aee-a6c9-dfd93b3235eb","local_time":"20220417145956","is_ascension_mode":true,"campfire_choices":[{"data":"Perfected Strike","floor":6,"key":"SMITH"},{"floor":15,"key":"REST"}],"neow_cost":"NONE","seed_source_timestamp":501509482725800,"circlet_count":0,"master_deck":["AscendersBane","Strike_R","Strike_R","Strike_R","Strike_R","Strike_R","Defend_R","Defend_R","Defend_R","Defend_R","Bash+1","Perfected Strike+1","Pommel Strike","Impervious","Reckless Charge","Wild Strike","Bandage Up","Dropkick"],"relics":["Burning Blood","NeowsBlessing","Dream Catcher","Singing Bowl","Shuriken","Bronze Scales","Nunchaku","Bag of Marbles","SlaversCollar","Regal Pillow","Torii","Peace Pipe"],"potions_floor_usage":[11,14,16],"damage_taken":[{"damage":0,"enemies":"Small Slimes","floor":1,"turns":1},{"damage":0,"enemies":"Jaw Worm","floor":3,"turns":1},{"damage":0,"enemies":"Lagavulin","floor":8,"turns":1},{"damage":32,"enemies":"Gremlin Nob","floor":10,"turns":4},{"damage":0,"enemies":"Cultist","floor":11,"turns":2},{"damage":16,"enemies":"Exordium Wildlife","floor":13,"turns":3},{"damage":57,"enemies":"Lagavulin","floor":14,"turns":7},{"damage":19,"enemies":"Hexaghost","floor":16,"turns":8},{"damage":11,"enemies":"Spheric Guardian","floor":18,"turns":3},{"damage":74,"enemies":"Slavers","floor":23,"turns":6}],"seed_played":"1867243649914453523","potions_obtained":[{"floor":8,"key":"BloodPotion"},{"floor":11,"key":"Fruit Juice"},{"floor":13,"key":"Dexterity Potion"}],"is_trial":false,"path_per_floor":["M","?","M","T","$","R","?","E","T","E","M","?","M","E","R","B",null,"M","T","$","?","T","E"],"character_chosen":"IRONCLAD","items_purchased":["Torii","Bandage Up"],"campfire_rested":1,"item_purchase_floors":[20,20],"current_hp_per_floor":[74,69,75,75,75,75,75,75,75,49,62,51,43,10,35,24,72,69,69,69,69,69,0],"gold":5,"neow_bonus":"THREE_ENEMY_KILL","is_prod":false,"is_daily":false,"chose_seed":false,"campfire_upgraded":1,"win_rate":0,"timestamp":1650200396,"path_taken":["M","?","M","?","$","R","?","E","T","E","M","?","?","E","R","BOSS","M","?","$","?","?","E"],"build_version":"2022-03-07","purchased_purges":0,"victory":false,"max_hp_per_floor":[75,75,75,75,75,75,75,75,75,75,82,82,84,86,86,88,88,90,90,90,90,90,90],"card_choices":[{"not_picked":["Armaments","Clash"],"picked":"Perfected Strike","floor":1},{"not_picked":["Headbutt","Carnage"],"picked":"Pommel Strike","floor":3},{"not_picked":["Sever Soul","Fire Breathing"],"picked":"Impervious","floor":8},{"not_picked":["Iron Wave","Thunderclap"],"picked":"Reckless Charge","floor":10},{"not_picked":["Clash","Thunderclap","Perfected Strike"],"picked":"Singing Bowl","floor":11},{"not_picked":["Entrench","Anger","Evolve"],"picked":"Singing Bowl","floor":13},{"not_picked":["Hemokinesis","Feel No Pain","Iron Wave"],"picked":"Singing Bowl","floor":14},{"not_picked":["True Grit","Sever Soul"],"picked":"Wild Strike","floor":15},{"not_picked":["Bludgeon","Immolate","Brutality"],"picked":"Singing Bowl","floor":16},{"not_picked":["Warcry","Clash","Flex"],"picked":"Singing Bowl","floor":18}],"player_experience":1871494,"relics_obtained":[{"floor":4,"key":"Singing Bowl"},{"floor":8,"key":"Shuriken"},{"floor":9,"key":"Bronze Scales"},{"floor":10,"key":"Nunchaku"},{"floor":14,"key":"Bag of Marbles"},{"floor":19,"key":"Regal Pillow"},{"floor":22,"key":"Peace Pipe"}],"event_choices":[{"damage_healed":0,"gold_gain":0,"player_choice":"Success","damage_taken":5,"relics_obtained":["Dream Catcher"],"max_hp_gain":0,"max_hp_loss":0,"event_name":"Scrap Ooze","floor":2,"gold_loss":0},{"damage_healed":0,"gold_gain":0,"player_choice":"Grow","damage_taken":0,"max_hp_gain":0,"max_hp_loss":0,"event_name":"Living Wall","floor":7,"gold_loss":0,"cards_upgraded":["Bash"]},{"damage_healed":0,"gold_gain":75,"player_choice":"Gather Gold","damage_taken":11,"max_hp_gain":0,"max_hp_loss":0,"event_name":"World of Goop","floor":12,"gold_loss":0},{"damage_healed":0,"gold_gain":0,"player_choice":"Read","damage_taken":0,"max_hp_gain":0,"max_hp_loss":0,"event_name":"The Library","floor":21,"gold_loss":0,"cards_obtained":["Dropkick"]}],"is_beta":false,"boss_relics":[{"not_picked":["Runic Pyramid","Coffee Dripper"],"picked":"SlaversCollar"}],"items_purged_floors":[],"is_endless":false,"potions_floor_spawned":[8,11,13],"killed_by":"Slavers","ascension_level":20}