{"gold_per_floor":[117,117,117,117,117,117,157,180,233,233,253,47,47,90,90,184,184,199,214,235,41,66,107,107,107],"floor_reached":25,"playtime":767,"items_purged":[],"score":458,"play_id":"97a867cb-ffd8-4868-aa3a-04c732b6ed0f","local_time":"20220421185352","is_ascension_mode":true,"campfire_choices":[{"data":"Combust","floor":6,"key":"SMITH"},{"floor":10,"key":"REST"},{"data":"Flame Barrier","floor":13,"key":"SMITH"},{"data":"Rupture","floor":15,"key":"SMITH"},{"floor":24,"key":"REST"}],"neow_cost":"NONE","seed_source_timestamp":860835239677900,"circlet_count":0,"master_deck":["AscendersBane","Strike_R","Strike_R","Defend_R","Defend_R","Defend_R","Defend_R","Bash","Combust+1","Flame Barrier+1","Intimidate","Blood for Blood","Rupture+1","Reaper","Shrug It Off","Body Slam","Feed"],"relics":["Burning Blood","Bronze Scales","Golden Idol","InkBottle","Art of War","PreservedInsect","Gambling Chip","Empty Cage","Oddly Smooth Stone","Red Skull"],"potions_floor_usage":[16,16,23,25],"damage_taken":[{"damage":1,"enemies":"Small Slimes","floor":1,"turns":5},{"damage":56,"enemies":"Gremlin Nob","floor":7,"turns":5},{"damage":3,"enemies":"2 Louse","floor":8,"turns":2},{"damage":6,"enemies":"Cultist","floor":11,"turns":2},{"damage":7,"enemies":"Lagavulin","floor":14,"turns":4},{"damage":20,"enemies":"Slime Boss","floor":16,"turns":8},{"damage":17,"enemies":"2 Thieves","floor":18,"turns":4},{"damage":8,"enemies":"3 Byrds","floor":19,"turns":3},{"damage":24,"enemies":"Snake Plant","floor":20,"turns":3},{"damage":35,"enemies":"Centurion and Healer","floor":22,"turns":6},{"damage":15,"enemies":"Gremlin Leader","floor":23,"turns":4},{"damage":59,"enemies":"Book of Stabbing","floor":25,"turns":5}],"seed_played":"7077401815018305408","potions_obtained":[{"floor":1,"key":"FearPotion"},{"floor":5,"key":"Swift Potion"},{"floor":11,"key":"Fire Potion"},{"floor":18,"key":"LiquidBronze"},{"floor":19,"key":"FearPotion"},{"floor":22,"key":"ColorlessPotion"}],"is_trial":false,"path_per_floor":["M","?","?","?","?","R","E","M","T","R","M","$","R","E","R","B",null,"M","M","M","$","M","E","R","E"],"character_chosen":"IRONCLAD","items_purchased":["PreservedInsect","Blood for Blood","Oddly Smooth Stone","Body Slam"],"campfire_rested":2,"item_purchase_floors":[12,12,21,21],"current_hp_per_floor":[73,66,66,66,66,66,16,19,19,41,41,41,41,40,40,26,63,52,51,33,33,16,25,47,0],"gold":107,"neow_bonus":"RANDOM_COMMON_RELIC","is_prod":false,"is_daily":false,"chose_seed":false,"campfire_upgraded":3,"win_rate":0,"timestamp":1650560032,"path_taken":["M","?","?","?","?","R","E","M","T","R","M","$","R","E","R","BOSS","M","M","?","$","M","E","R","E"],"build_version":"2022-03-07","purchased_purges":0,"victory":false,"max_hp_per_floor":[75,75,75,75,75,75,75,75,75,75,75,75,75,75,75,75,75,75,75,75,75,75,75,75,75],"card_choices":[{"not_picked":["Carnage","Burning Pact"],"picked":"Combust","floor":1},{"not_picked":["Twin Strike","Headbutt"],"picked":"Intimidate","floor":7},{"not_picked":["Sentinel","Flex","Anger"],"picked":"SKIP","floor":8},{"not_picked":["Wild Strike","Sever Soul","Armaments"],"picked":"SKIP","floor":11},{"not_picked":["Uppercut","Intimidate"],"picked":"Rupture","floor":14},{"not_picked":["Feed","Immolate"],"picked":"Reaper","floor":16},{"not_picked":["Twin Strike","Iron Wave","Spot Weakness"],"picked":"SKIP","floor":18},{"not_picked":["Second Wind","Havoc","Flex"],"picked":"SKIP","floor":19},{"not_picked":["Headbutt","Immolate"],"picked":"Shrug It Off","floor":20},{"not_picked":["Anger","Carnage","Combust"],"picked":"SKIP","floor":22},{"not_picked":["Anger","Carnage","Combust"],"picked":"SKIP","floor":22},{"not_picked":["Iron Wave","True Grit"],"picked":"Feed","floor":23}],"player_experience":1871949,"relics_obtained":[{"floor":7,"key":"InkBottle"},{"floor":9,"key":"Art of War"},{"floor":14,"key":"Gambling Chip"},{"floor":23,"key":"Red Skull"}],"event_choices":[{"cards_removed":["Strike_R"],"damage_healed":0,"gold_gain":0,"player_choice":"Card Removal","damage_taken":7,"max_hp_gain":0,"max_hp_loss":0,"event_name":"Golden Wing","floor":2,"gold_loss":0},{"damage_healed":0,"gold_gain":0,"cards_transformed":["Strike_R"],"player_choice":"Change","damage_taken":0,"max_hp_gain":0,"max_hp_loss":0,"event_name":"Living Wall","floor":3,"gold_loss":0,"cards_obtained":["Flame Barrier"]},{"damage_healed":0,"gold_gain":0,"player_choice":"Take Wound","damage_taken":0,"relics_obtained":["Golden Idol"],"max_hp_gain":0,"max_hp_loss":0,"event_name":"Golden Idol","floor":4,"gold_loss":0,"cards_obtained":["Injury"]},{"damage_healed":0,"gold_gain":0,"player_choice":"Got Potions","damage_taken":0,"max_hp_gain":0,"max_hp_loss":0,"event_name":"Lab","floor":5,"gold_loss":0}],"is_beta":false,"boss_relics":[{"not_picked":["Pandora\u0027s Box","Sozu"],"picked":"Empty Cage"}],"items_purged_floors":[],"is_endless":false,"potions_floor_spawned":[1,7,11,18,19,22],"killed_by":"Book of Stabbing","ascension_level":20}