{"gold_per_floor":[114,128,278,278,6,17,46,46,46,46],"floor_reached":10,"playtime":288,"items_purged":["Regret"],"score":132,"play_id":"39976e8b-ca9c-480f-ad9b-8847de0af2e9","local_time":"20220507103335","is_ascension_mode":true,"campfire_choices":[{"data":"Searing Blow","floor":8,"key":"SMITH"}],"neow_cost":"CURSE","seed_source_timestamp":1224777302800,"circlet_count":0,"master_deck":["AscendersBane","Strike_R","Strike_R","Strike_R","Strike_R","Strike_R","Defend_R","Defend_R","Defend_R","Defend_R","Bash","Panache","Cleave","Clash","Doubt","Regret","Searing Blow+1","Fire Breathing"],"relics":["Burning Blood","Pantograph","Thread and Needle","InkBottle"],"potions_floor_usage":[5,7,10],"damage_taken":[{"damage":9,"enemies":"Small Slimes","floor":1,"turns":4},{"damage":2,"enemies":"2 Louse","floor":2,"turns":2},{"damage":4,"enemies":"Cultist","floor":6,"turns":3},{"damage":66,"enemies":"Lagavulin","floor":7,"turns":7},{"damage":18,"enemies":"Exordium Wildlife","floor":10,"turns":3}],"seed_played":"-8819317823447499871","potions_obtained":[{"floor":1,"key":"EssenceOfSteel"},{"floor":6,"key":"DuplicationPotion"}],"is_trial":false,"path_per_floor":["M","M","?","?","$","M","E","R","T","M"],"character_chosen":"IRONCLAD","items_purchased":["Fruit Juice","Searing Blow"],"campfire_rested":0,"item_purchase_floors":[5,5],"current_hp_per_floor":[65,69,69,69,74,76,16,16,16,0],"gold":46,"neow_bonus":"RANDOM_COLORLESS_2","is_prod":false,"is_daily":false,"chose_seed":false,"campfire_upgraded":1,"win_rate":0,"timestamp":1651912415,"path_taken":["M","M","?","?","$","M","E","R","T","M"],"build_version":"2022-03-07","purchased_purges":1,"victory":false,"max_hp_per_floor":[75,75,75,75,80,80,80,80,80,80],"card_choices":[{"not_picked":["Magnetism","Violence"],"picked":"Panache","floor":0},{"not_picked":["Armaments","Thunderclap"],"picked":"Cleave","floor":1},{"not_picked":["Thunderclap","Flex"],"picked":"Clash","floor":2},{"not_picked":["Clash","Heavy Blade","Pummel"],"picked":"SKIP","floor":6},{"not_picked":["Intimidate","Pummel"],"picked":"Fire Breathing","floor":7}],"player_experience":1875670,"relics_obtained":[{"floor":7,"key":"Thread and Needle"},{"floor":9,"key":"InkBottle"}],"event_choices":[{"damage_healed":0,"gold_gain":150,"player_choice":"AGREE","damage_taken":0,"max_hp_gain":0,"max_hp_loss":0,"event_name":"Liars Game","floor":3,"gold_loss":0,"cards_obtained":["Doubt"]},{"damage_healed":0,"gold_gain":0,"player_choice":"Box","damage_taken":0,"relics_obtained":["Pantograph"],"max_hp_gain":0,"max_hp_loss":0,"event_name":"Big Fish","floor":4,"gold_loss":0,"cards_obtained":["Regret"]}],"is_beta":false,"boss_relics":[],"items_purged_floors":[5],"is_endless":false,"potions_floor_spawned":[1,6],"killed_by":"Exordium Wildlife","ascension_level":20}