{"gold_per_floor":[112,132,132,151,162,162,162,178,178,178,196,209,236,246,246,246],"floor_reached":16,"playtime":285,"items_purged":[],"score":111,"play_id":"cb622526-daf9-4d00-9df1-70bda2909485","local_time":"20220528202503","is_ascension_mode":true,"campfire_choices":[{"floor":7,"key":"REST"},{"data":"Searing Blow","floor":10,"key":"SMITH"},{"data":"Searing Blow+1","floor":15,"key":"SMITH"}],"neow_cost":"NONE","seed_source_timestamp":19052035507500,"circlet_count":0,"master_deck":["Strike_R","Strike_R","Strike_R","Strike_R","Defend_R","Defend_R","Defend_R","Defend_R","Bash","Pommel Strike","Pommel Strike","Searing Blow+2","Immolate","Combust"],"relics":["Burning Blood","NeowsBlessing","Omamori","Centennial Puzzle"],"potions_floor_usage":[],"damage_taken":[{"damage":0,"enemies":"Small Slimes","floor":1,"turns":1},{"damage":0,"enemies":"Cultist","floor":2,"turns":1},{"damage":0,"enemies":"2 Louse","floor":4,"turns":1},{"damage":26,"enemies":"Lots of Slimes","floor":5,"turns":4},{"damage":10,"enemies":"Exordium Wildlife","floor":8,"turns":3},{"damage":0,"enemies":"Large Slime","floor":11,"turns":4},{"damage":1,"enemies":"3 Louse","floor":12,"turns":2},{"damage":28,"enemies":"Gremlin Nob","floor":13,"turns":4},{"damage":5,"enemies":"Looter","floor":14,"turns":2},{"damage":60,"enemies":"The Guardian","floor":16,"turns":8}],"seed_played":"959156833606316200","potions_obtained":[{"floor":1,"key":"Dexterity Potion"},{"floor":5,"key":"LiquidBronze"},{"floor":11,"key":"LiquidBronze"}],"is_trial":false,"path_per_floor":["M","M","?","M","M","?","R","M","T","R","M","M","E","M","R","B"],"character_chosen":"IRONCLAD","items_purchased":[],"campfire_rested":1,"item_purchase_floors":[],"current_hp_per_floor":[80,80,80,80,60,60,80,76,76,76,80,80,58,59,59,0],"gold":246,"neow_bonus":"THREE_ENEMY_KILL","is_prod":false,"is_daily":false,"chose_seed":false,"campfire_upgraded":2,"win_rate":0,"timestamp":1653762303,"path_taken":["M","M","?","?","M","?","R","M","T","R","?","M","E","M","R","BOSS"],"build_version":"2022-03-07","purchased_purges":0,"victory":false,"max_hp_per_floor":[80,80,80,80,80,80,80,80,80,80,80,80,80,80,80,80],"card_choices":[{"not_picked":["Disarm","Armaments"],"picked":"Pommel Strike","floor":1},{"not_picked":["Perfected Strike","Warcry"],"picked":"Pommel Strike","floor":2},{"not_picked":["True Grit","Intimidate"],"picked":"Searing Blow","floor":4},{"not_picked":["Iron Wave","Dual Wield"],"picked":"Immolate","floor":5},{"not_picked":["Heavy Blade","Flex","Warcry"],"picked":"SKIP","floor":8},{"not_picked":["Clash","Carnage","Perfected Strike"],"picked":"SKIP","floor":11},{"not_picked":["Seeing Red","True Grit","Clothesline"],"picked":"SKIP","floor":12},{"not_picked":["Rage","Iron Wave"],"picked":"Combust","floor":13},{"not_picked":["Wild Strike","Reckless Charge","Cleave"],"picked":"SKIP","floor":14}],"player_experience":1985559,"relics_obtained":[{"floor":9,"key":"Omamori"},{"floor":13,"key":"Centennial Puzzle"}],"event_choices":[{"cards_removed":["Strike_R"],"damage_healed":0,"gold_gain":0,"player_choice":"Purged","damage_taken":0,"max_hp_gain":0,"max_hp_loss":0,"event_name":"Purifier","floor":3,"gold_loss":0},{"damage_healed":0,"gold_gain":0,"player_choice":"0 cards matched","damage_taken":0,"max_hp_gain":0,"max_hp_loss":0,"event_name":"Match and Keep!","floor":6,"gold_loss":0,"cards_obtained":[]}],"is_beta":false,"boss_relics":[],"items_purged_floors":[],"is_endless":false,"potions_floor_spawned":[1,5,11,13,14],"killed_by":"The Guardian","ascension_level":1}