{"gold_per_floor":[113,113,131,56,75,75,107,107,107,127,157,157,107,207,207,311,311,323,422,422,422,439,465,66,66,66,66,15,41,41,57,57,156,206,220,237,237,252,265,265,278,0,0,13,28,28,52,79,79,79],"floor_reached":50,"playtime":1278,"items_purged":["Strike_R","Strike_R"],"score":623,"play_id":"d2702bfa-dc4a-459c-8e5f-6db5f769f091","local_time":"20220528204643","is_ascension_mode":true,"campfire_choices":[{"data":"Inflame","floor":6,"key":"SMITH"},{"data":"Fiend Fire","floor":8,"key":"SMITH"},{"floor":15,"key":"REST"},{"floor":25,"key":"REST"},{"data":"Cleave","floor":27,"key":"SMITH"},{"data":"Disarm","floor":32,"key":"SMITH"},{"data":"Berserk","floor":40,"key":"SMITH"},{"floor":46,"key":"REST"},{"floor":49,"key":"REST"}],"neow_cost":"TEN_PERCENT_HP_LOSS","seed_source_timestamp":19359275603000,"circlet_count":0,"master_deck":["Strike_R","Strike_R","Defend_R+1","Defend_R","Defend_R+1","Defend_R+1","Bash+1","Disarm+1","Hemokinesis","Inflame+1","Fiend Fire+1","Sentinel+1","Limit Break+1","Cleave+1","Fire Breathing+1","Dropkick","Blood for Blood+1","Berserk+1","Pain"],"relics":["Burning Blood","FossilizedHelix","Champion Belt","Bottled Flame","Boot","WristBlade","Snecko Eye","Prayer Wheel","Sling","War Paint","Meat on the Bone","Lantern","PreservedInsect","Tiny House","WarpedTongs","Red Mask","Pear","Strawberry","Ancient Tea Set"],"potions_floor_usage":[16,23,23,33,45],"damage_taken":[{"damage":3,"enemies":"Small Slimes","floor":1,"turns":4},{"damage":0,"enemies":"Cultist","floor":3,"turns":3},{"damage":2,"enemies":"2 Louse","floor":5,"turns":2},{"damage":20,"enemies":"Gremlin Nob","floor":7,"turns":4},{"damage":0,"enemies":"Blue Slaver","floor":10,"turns":2},{"damage":0,"enemies":"Lagavulin","floor":11,"turns":4},{"damage":35,"enemies":"Colosseum Slavers","floor":14,"turns":4},{"damage":0,"enemies":"Slime Boss","floor":16,"turns":4},{"damage":20,"enemies":"3 Byrds","floor":18,"turns":7},{"damage":24,"enemies":"2 Thieves","floor":22,"turns":4},{"damage":38,"enemies":"Gremlin Leader","floor":23,"turns":4},{"damage":18,"enemies":"Slavers","floor":29,"turns":5},{"damage":0,"enemies":"Centurion and Healer","floor":31,"turns":3},{"damage":15,"enemies":"Champ","floor":33,"turns":5},{"damage":24,"enemies":"3 Shapes","floor":35,"turns":5},{"damage":10,"enemies":"Orb Walker","floor":36,"turns":3},{"damage":21,"enemies":"3 Darklings","floor":38,"turns":6},{"damage":29,"enemies":"Spire Growth","floor":39,"turns":4},{"damage":33,"enemies":"4 Shapes","floor":41,"turns":4},{"damage":30,"enemies":"Jaw Worm Horde","floor":44,"turns":5},{"damage":11,"enemies":"Transient","floor":45,"turns":5},{"damage":14,"enemies":"Nemesis","floor":48,"turns":4},{"damage":135,"enemies":"Awakened One","floor":50,"turns":9}],"seed_played":"-6529859062990703627","potions_obtained":[{"floor":3,"key":"SteroidPotion"},{"floor":11,"key":"SneckoOil"},{"floor":14,"key":"BloodPotion"},{"floor":16,"key":"Dexterity Potion"},{"floor":23,"key":"gremlin:WizPotion"},{"floor":29,"key":"FairyPotion"},{"floor":34,"key":"LiquidMemories"}],"is_trial":false,"path_per_floor":["M","?","M","$","M","R","E","R","T","M","E","?","?","?","R","B",null,"M","?","?","?","M","E","$","R","T","R","?","E","$","M","R","B",null,"M","M","?","M","M","R","M","?","T","M","M","R","T","E","R","B"],"character_chosen":"IRONCLAD","items_purchased":["Sling","War Paint"],"campfire_rested":4,"item_purchase_floors":[24,24],"current_hp_per_floor":[72,72,72,72,72,72,58,58,58,64,70,56,56,27,48,54,72,58,58,58,58,40,22,22,43,43,43,43,43,43,49,49,52,77,59,55,55,52,41,41,26,26,36,24,31,57,64,56,84,0],"gold":79,"neow_bonus":"ONE_RARE_RELIC","is_prod":false,"is_daily":false,"chose_seed":false,"campfire_upgraded":5,"win_rate":0,"timestamp":1653763603,"path_taken":["M","?","M","$","?","R","E","R","T","M","E","?","?","?","R","BOSS","M","?","?","?","M","E","$","R","T","R","?","E","$","M","R","BOSS","M","?","?","?","M","R","M","?","T","M","M","R","?","E","R","BOSS"],"build_version":"2022-03-07","purchased_purges":2,"victory":false,"max_hp_per_floor":[72,72,72,72,72,72,72,72,72,72,72,72,72,72,72,72,72,72,72,72,72,72,72,72,72,72,72,72,72,72,72,72,72,77,77,77,77,77,77,77,77,77,87,87,87,87,94,94,94,94],"card_choices":[{"not_picked":["Pommel Strike","Armaments"],"picked":"Disarm","floor":1},{"not_picked":["Anger","Intimidate"],"picked":"Hemokinesis","floor":3},{"not_picked":["Headbutt","Wild Strike"],"picked":"Inflame","floor":5},{"not_picked":["Spot Weakness","True Grit"],"picked":"Fiend Fire","floor":7},{"not_picked":["Sever Soul","Blood for Blood"],"picked":"Sentinel","floor":10},{"not_picked":["Ghostly Armor","Shockwave"],"picked":"Limit Break","floor":11},{"not_picked":["Twin Strike","Headbutt"],"picked":"Cleave","floor":18},{"not_picked":["Burning Pact+1","Sever Soul+1"],"picked":"Fire Breathing+1","floor":22},{"not_picked":["Iron Wave","Infernal Blade"],"picked":"Dropkick","floor":23},{"not_picked":["Metallicize","Perfected Strike"],"picked":"Blood for Blood+1","floor":29},{"not_picked":["Dropkick+1","Infernal Blade","Hemokinesis"],"picked":"SKIP","floor":31},{"not_picked":["Sentinel","Sword Boomerang","Wild Strike"],"picked":"SKIP","floor":31},{"not_picked":["Exhume","Feed"],"picked":"Berserk","floor":33},{"not_picked":["Clash+1","Cleave+1","Havoc+1"],"picked":"SKIP","floor":35},{"not_picked":["Flex","Searing Blow","Sword Boomerang+1"],"picked":"SKIP","floor":35},{"not_picked":["Iron Wave","Power Through+1","Sword Boomerang+1"],"picked":"SKIP","floor":36},{"not_picked":["Infernal Blade","Armaments+1","Thunderclap"],"picked":"SKIP","floor":36},{"not_picked":["Rampage+1","Cleave+1","Limit Break"],"picked":"SKIP","floor":38},{"not_picked":["Iron Wave","Burning Pact+1","Body Slam"],"picked":"SKIP","floor":38},{"not_picked":["Iron Wave+1","Armaments","Heavy Blade"],"picked":"SKIP","floor":39},{"not_picked":["Pommel Strike","True Grit+1","Thunderclap"],"picked":"SKIP","floor":39},{"not_picked":["Metallicize","Thunderclap+1","Havoc"],"picked":"SKIP","floor":41},{"not_picked":["Warcry+1","Dropkick+1","Dark Embrace"],"picked":"SKIP","floor":41},{"not_picked":["Blood for Blood+1","Clash+1","Seeing Red+1"],"picked":"SKIP","floor":44},{"not_picked":["Whirlwind","Sword Boomerang","Dark Embrace+1"],"picked":"SKIP","floor":44},{"not_picked":["Perfected Strike+1","Sword Boomerang","Feed"],"picked":"SKIP","floor":45},{"not_picked":["Headbutt","Pommel Strike+1","Iron Wave+1"],"picked":"SKIP","floor":45},{"not_picked":["Whirlwind","Shrug It Off","Body Slam+1"],"picked":"SKIP","floor":48}],"player_experience":1985844,"relics_obtained":[{"floor":7,"key":"Champion Belt"},{"floor":9,"key":"Bottled Flame"},{"floor":11,"key":"Boot"},{"floor":14,"key":"WristBlade"},{"floor":23,"key":"Prayer Wheel"},{"floor":26,"key":"Meat on the Bone"},{"floor":29,"key":"PreservedInsect"},{"floor":43,"key":"Pear"},{"floor":47,"key":"Strawberry"},{"floor":48,"key":"Ancient Tea Set"}],"event_choices":[{"damage_healed":0,"gold_gain":0,"player_choice":"Upgraded","damage_taken":0,"max_hp_gain":0,"max_hp_loss":0,"event_name":"Upgrade Shrine","floor":2,"gold_loss":0,"cards_upgraded":["Bash"]},{"damage_healed":0,"gold_gain":0,"player_choice":"Entered Light","damage_taken":14,"max_hp_gain":0,"max_hp_loss":0,"event_name":"Shining Light","floor":12,"gold_loss":0,"cards_upgraded":["Limit Break","Sentinel"]},{"cards_removed":["Strike_R"],"damage_healed":0,"gold_gain":0,"player_choice":"Card Removal","damage_taken":0,"max_hp_gain":0,"max_hp_loss":0,"event_name":"The Cleric","floor":13,"gold_loss":50},{"damage_healed":0,"gold_gain":0,"player_choice":"Fight","damage_taken":0,"max_hp_gain":0,"max_hp_loss":0,"event_name":"champ:MinorLeagueArena","floor":14,"gold_loss":0},{"damage_healed":0,"gold_gain":99,"player_choice":"Stole From Cult","damage_taken":0,"max_hp_gain":0,"max_hp_loss":0,"event_name":"Nest","floor":19,"gold_loss":0},{"damage_healed":0,"gold_gain":0,"player_choice":"Ignored","damage_taken":0,"max_hp_gain":0,"max_hp_loss":0,"event_name":"Vampires","floor":20,"gold_loss":0},{"damage_healed":0,"gold_gain":0,"player_choice":"Ignored","damage_taken":0,"max_hp_gain":0,"max_hp_loss":0,"event_name":"Ghosts","floor":21,"gold_loss":0},{"damage_healed":0,"gold_gain":0,"player_choice":"Paid Gold","damage_taken":0,"relics_obtained":["Lantern"],"max_hp_gain":0,"max_hp_loss":0,"event_name":"WeMeetAgain","floor":28,"gold_loss":51},{"damage_healed":0,"gold_gain":0,"player_choice":"Rummage","damage_taken":0,"relics_obtained":["WarpedTongs"],"max_hp_gain":0,"max_hp_loss":0,"event_name":"Accursed Blacksmith","floor":37,"gold_loss":0,"cards_obtained":["Pain"]},{"damage_healed":0,"gold_gain":0,"player_choice":"Paid","damage_taken":0,"relics_obtained":["Red Mask"],"max_hp_gain":0,"max_hp_loss":0,"event_name":"Tomb of Lord Red Mask","floor":42,"gold_loss":278}],"is_beta":false,"boss_relics":[{"not_picked":["Velvet Choker","Black Star"],"picked":"Snecko Eye"},{"not_picked":["SacredBark","Cursed Key"],"picked":"Tiny House"}],"items_purged_floors":[4,24],"is_endless":false,"potions_floor_spawned":[3,11,14,16,22,23,29,36,41],"killed_by":"Awakened One","ascension_level":1}