{"gold_per_floor":[118,268,102,102,113,113,149,149,149,118,147,147,188,201,201,288,288,307,307,334,63,63,63],"floor_reached":23,"playtime":470,"items_purged":["Doubt"],"score":444,"play_id":"432296e1-58fc-49f9-8404-b12bda7c3c1a","local_time":"20220709201441","is_ascension_mode":true,"campfire_choices":[{"data":"Panacea","floor":6,"key":"SMITH"},{"data":"Bash","floor":8,"key":"SMITH"},{"data":"1","floor":12,"key":"LIFT"},{"data":"2","floor":15,"key":"LIFT"}],"neow_cost":"NONE","seed_source_timestamp":1134582141332700,"circlet_count":0,"master_deck":["AscendersBane","Strike_R","Strike_R","Strike_R","Strike_R","Strike_R","Defend_R","Defend_R","Defend_R","Defend_R","Bash+1","Rage","Panacea+1","Twin Strike","Ghostly Armor","Dropkick","Cleave","Limit Break","Flex","Shrug It Off"],"relics":["Burning Blood","NeowsBlessing","CeramicFish","StoneCalendar","Girya","Bronze Scales","SlaversCollar","MutagenicStrength","Pantograph"],"potions_floor_usage":[16,23],"damage_taken":[{"damage":0,"enemies":"Jaw Worm","floor":1,"turns":1},{"damage":0,"enemies":"2 Louse","floor":5,"turns":1},{"damage":0,"enemies":"Lagavulin","floor":7,"turns":2},{"damage":3,"enemies":"Small Slimes","floor":11,"turns":4},{"damage":26,"enemies":"3 Sentries","floor":13,"turns":7},{"damage":11,"enemies":"Exordium Thugs","floor":14,"turns":5},{"damage":17,"enemies":"Slime Boss","floor":16,"turns":7},{"damage":39,"enemies":"2 Thieves","floor":18,"turns":4},{"damage":15,"enemies":"3 Byrds","floor":20,"turns":2},{"damage":20,"enemies":"Gremlin Leader","floor":23,"turns":3}],"seed_played":"293249007495191480","potions_obtained":[{"floor":13,"key":"ElixirPotion"},{"floor":14,"key":"SteroidPotion"},{"floor":20,"key":"Swift Potion"}],"is_trial":false,"path_per_floor":["M","?","$","?","M","R","E","R","T","$","M","R","E","M","R","B",null,"M","?","M","$","?","E"],"character_chosen":"IRONCLAD","items_purchased":["Panacea","Ghostly Armor","Pantograph"],"campfire_rested":0,"item_purchase_floors":[3,10,21],"current_hp_per_floor":[74,74,74,56,62,62,68,68,68,68,71,71,51,46,46,35,65,32,32,23,23,17,0],"gold":63,"neow_bonus":"THREE_ENEMY_KILL","is_prod":false,"is_daily":false,"chose_seed":false,"campfire_upgraded":2,"win_rate":0,"timestamp":1657390481,"path_taken":["M","?","$","?","M","R","E","R","T","$","M","R","E","M","R","BOSS","M","?","M","?","?","E"],"build_version":"2022-03-07","purchased_purges":1,"victory":false,"max_hp_per_floor":[75,75,75,75,75,75,75,75,75,75,75,75,75,75,75,75,75,75,75,75,75,75,75],"card_choices":[{"not_picked":["Armaments","Flex"],"picked":"Rage","floor":1},{"not_picked":["Clothesline","Infernal Blade","Dual Wield"],"picked":"SKIP","floor":5},{"not_picked":["Headbutt","Perfected Strike"],"picked":"Twin Strike","floor":7},{"not_picked":["Havoc","Anger"],"picked":"Dropkick","floor":11},{"not_picked":["Corruption","Combust"],"picked":"Cleave","floor":13},{"not_picked":["Thunderclap","Blood for Blood","Cleave"],"picked":"SKIP","floor":14},{"not_picked":["Demon Form","Impervious"],"picked":"Limit Break","floor":16},{"not_picked":["Entrench","Perfected Strike"],"picked":"Flex","floor":18},{"not_picked":["Evolve","Sever Soul"],"picked":"Shrug It Off","floor":20}],"player_experience":1882088,"relics_obtained":[{"floor":7,"key":"StoneCalendar"},{"floor":9,"key":"Girya"},{"floor":13,"key":"Bronze Scales"}],"event_choices":[{"damage_healed":0,"gold_gain":150,"player_choice":"AGREE","damage_taken":0,"max_hp_gain":0,"max_hp_loss":0,"event_name":"Liars Game","floor":2,"gold_loss":0,"cards_obtained":["Doubt"]},{"damage_healed":0,"gold_gain":0,"player_choice":"Success","damage_taken":18,"relics_obtained":["CeramicFish"],"max_hp_gain":0,"max_hp_loss":0,"event_name":"Scrap Ooze","floor":4,"gold_loss":0},{"damage_healed":0,"gold_gain":0,"player_choice":"Inject Mutagens","damage_taken":0,"relics_obtained":["MutagenicStrength"],"max_hp_gain":0,"max_hp_loss":0,"event_name":"Drug Dealer","floor":19,"gold_loss":0},{"damage_healed":0,"gold_gain":0,"player_choice":"","damage_taken":6,"max_hp_gain":0,"max_hp_loss":0,"event_name":"Knowing Skull","floor":22,"potions_obtained":[],"gold_loss":0,"cards_obtained":[]}],"is_beta":false,"boss_relics":[{"not_picked":["Ectoplasm","Empty Cage"],"picked":"SlaversCollar"}],"items_purged_floors":[3],"is_endless":false,"potions_floor_spawned":[13,14,20],"killed_by":"Gremlin Leader","ascension_level":20}