{"gold_per_floor":[112,124,199,179,194,194,27,56,56,74,74,74,74,102,102,178,178,197,112,112,182,232,232,43,93,119,154,154,217,267,277,277,277],"floor_reached":33,"playtime":673,"items_purged":["Strike_R"],"score":592,"play_id":"af07b55a-8ee7-4d8d-87e6-9f3bcba864f6","local_time":"20220706123043","is_ascension_mode":true,"campfire_choices":[{"data":"Fire Breathing","floor":6,"key":"SMITH"},{"data":"Sword Boomerang","floor":11,"key":"SMITH"},{"data":"Sword Boomerang","floor":13,"key":"SMITH"},{"data":"Feed","floor":15,"key":"SMITH"},{"floor":23,"key":"REST"},{"data":"Double Tap","floor":28,"key":"SMITH"},{"floor":32,"key":"REST"}],"neow_cost":"NONE","seed_source_timestamp":847337228631400,"circlet_count":0,"master_deck":["AscendersBane","Strike_R","Strike_R","Strike_R","Strike_R","Defend_R+1","Defend_R","Defend_R+1","Defend_R","Bash+1","Sword Boomerang+1","Fire Breathing+1","Sword Boomerang+1","Bash+1","Feed+1","Double Tap+1","Shrug It Off"],"relics":["Burning Blood","NeowsBlessing","Sling","Matryoshka","PreservedInsect","War Paint","Whetstone","Black Star","Bag of Marbles","SsserpentHead","HandDrill","MutagenicStrength","Self Forming Clay","Pen Nib","Toy Ornithopter","Centennial Puzzle"],"potions_floor_usage":[16,16,27,29,33],"damage_taken":[{"damage":0,"enemies":"Jaw Worm","floor":1,"turns":1},{"damage":0,"enemies":"Small Slimes","floor":2,"turns":1},{"damage":0,"enemies":"Cultist","floor":5,"turns":1},{"damage":15,"enemies":"3 Sentries","floor":8,"turns":4},{"damage":7,"enemies":"2 Fungi Beasts","floor":10,"turns":4},{"damage":8,"enemies":"Gremlin Nob","floor":14,"turns":3},{"damage":53,"enemies":"The Guardian","floor":16,"turns":10},{"damage":20,"enemies":"Chosen","floor":18,"turns":5},{"damage":34,"enemies":"Shell Parasite","floor":21,"turns":5},{"damage":0,"enemies":"Gremlin Leader","floor":27,"turns":1},{"damage":19,"enemies":"Sentry and Sphere","floor":29,"turns":6},{"damage":5,"enemies":"Snecko","floor":31,"turns":4},{"damage":77,"enemies":"Collector","floor":33,"turns":6}],"seed_played":"6373704543822282490","potions_obtained":[{"floor":1,"key":"SteroidPotion"},{"floor":4,"key":"Strength Potion"},{"floor":16,"key":"Explosive Potion"},{"floor":21,"key":"HeartOfIron"},{"floor":29,"key":"LiquidBronze"}],"is_trial":false,"path_per_floor":["M","M","?","?","M","R","$","E","T","M","R","?","R","E","R","B",null,"M","?","?","M","?","R","$","?","T","E","R","M","?","M","R","B"],"character_chosen":"IRONCLAD","items_purchased":["Sling","HandDrill"],"campfire_rested":2,"item_purchase_floors":[7,24],"current_hp_per_floor":[74,75,64,64,70,70,70,61,61,60,60,60,60,58,58,11,59,45,45,45,17,17,39,39,39,39,45,45,41,41,42,65,0],"gold":277,"neow_bonus":"THREE_ENEMY_KILL","is_prod":false,"is_daily":false,"chose_seed":false,"campfire_upgraded":5,"win_rate":0,"timestamp":1657103443,"path_taken":["M","M","?","?","?","R","$","E","T","M","R","?","R","E","R","BOSS","M","?","?","?","?","R","?","?","T","E","R","?","?","M","R","BOSS"],"build_version":"2022-03-07","purchased_purges":1,"victory":false,"max_hp_per_floor":[75,75,75,75,75,75,75,75,75,75,75,75,75,75,75,75,75,75,75,75,75,75,75,75,75,75,75,75,79,79,79,79,79],"card_choices":[{"not_picked":["Evolve","Pummel"],"picked":"Sword Boomerang","floor":1},{"not_picked":["Clash","Infernal Blade","Bloodletting"],"picked":"SKIP","floor":2},{"not_picked":["Twin Strike","Headbutt"],"picked":"Fire Breathing","floor":5},{"not_picked":["Rampage","Twin Strike"],"picked":"Sword Boomerang","floor":8},{"not_picked":["Anger","Second Wind","Headbutt"],"picked":"SKIP","floor":10},{"not_picked":["Burning Pact","Seeing Red"],"picked":"Feed","floor":14},{"not_picked":["Exhume","Juggernaut"],"picked":"Double Tap","floor":16},{"not_picked":["Thunderclap","Cleave","Combust"],"picked":"SKIP","floor":18},{"not_picked":["Twin Strike","Warcry"],"picked":"Shrug It Off","floor":21},{"not_picked":["Thunderclap","Uppercut","Feed"],"picked":"SKIP","floor":27},{"not_picked":["Perfected Strike","Warcry","Clothesline"],"picked":"SKIP","floor":29},{"not_picked":["Iron Wave","Thunderclap","Headbutt"],"picked":"SKIP","floor":31}],"player_experience":1879023,"relics_obtained":[{"floor":8,"key":"Matryoshka"},{"floor":9,"key":"PreservedInsect"},{"floor":9,"key":"War Paint"},{"floor":14,"key":"Whetstone"},{"floor":26,"key":"Self Forming Clay"},{"floor":26,"key":"Pen Nib"},{"floor":27,"key":"Toy Ornithopter"},{"floor":27,"key":"Centennial Puzzle"}],"event_choices":[{"damage_healed":0,"gold_gain":75,"player_choice":"Gather Gold","damage_taken":11,"max_hp_gain":0,"max_hp_loss":0,"event_name":"World of Goop","floor":3,"gold_loss":0},{"damage_healed":0,"gold_gain":0,"player_choice":"Bought 1 Potion","damage_taken":0,"max_hp_gain":0,"max_hp_loss":0,"event_name":"The Woman in Blue","floor":4,"gold_loss":0},{"damage_healed":0,"gold_gain":0,"player_choice":"1 cards matched","damage_taken":0,"max_hp_gain":0,"max_hp_loss":0,"event_name":"Match and Keep!","floor":12,"gold_loss":0,"cards_obtained":["Bash"]},{"damage_healed":0,"gold_gain":0,"player_choice":"Obtained Relic","damage_taken":0,"relics_obtained":["Bag of Marbles"],"max_hp_gain":0,"max_hp_loss":0,"event_name":"Addict","floor":19,"gold_loss":85},{"damage_healed":0,"gold_gain":0,"player_choice":"Trade","damage_taken":0,"relics_obtained":["SsserpentHead"],"max_hp_gain":0,"max_hp_loss":0,"event_name":"FaceTrader","floor":20,"gold_loss":0},{"damage_healed":0,"gold_gain":0,"player_choice":"Ignored","damage_taken":0,"max_hp_gain":0,"max_hp_loss":0,"event_name":"Vampires","floor":22,"gold_loss":0},{"damage_healed":0,"gold_gain":0,"player_choice":"Inject Mutagens","damage_taken":0,"relics_obtained":["MutagenicStrength"],"max_hp_gain":0,"max_hp_loss":0,"event_name":"Drug Dealer","floor":25,"gold_loss":0},{"damage_healed":0,"gold_gain":0,"player_choice":"Ignored","damage_taken":0,"max_hp_gain":0,"max_hp_loss":0,"event_name":"Ghosts","floor":30,"gold_loss":0}],"is_beta":false,"boss_relics":[{"not_picked":["Coffee Dripper","Snecko Eye"],"picked":"Black Star"}],"items_purged_floors":[24],"is_endless":false,"potions_floor_spawned":[1,16,21,29],"killed_by":"Collector","ascension_level":20}