{"gold_per_floor":[109,184,202,271,271,297,297,324,347,347],"floor_reached":10,"playtime":175,"items_purged":[],"score":198,"play_id":"c0184a86-90e8-40d0-b7ae-71ac6dcc20b2","local_time":"20220709202119","is_ascension_mode":true,"campfire_choices":[{"data":"Rampage","floor":7,"key":"SMITH"}],"neow_cost":"NONE","seed_source_timestamp":1135275474743100,"circlet_count":0,"master_deck":["AscendersBane","Strike_R","Strike_R","Strike_R","Strike_R","Defend_R","Defend_R+1","Defend_R","Defend_R+1","Bash","Shrug It Off","Rampage+1","Thunderclap"],"relics":["Burning Blood","NeowsBlessing","Ornamental Fan","War Paint","Art of War","Toy Ornithopter"],"potions_floor_usage":[10],"damage_taken":[{"damage":0,"enemies":"2 Louse","floor":1,"turns":1},{"damage":0,"enemies":"Jaw Worm","floor":3,"turns":1},{"damage":0,"enemies":"Gremlin Nob","floor":6,"turns":1},{"damage":40,"enemies":"3 Sentries","floor":8,"turns":12},{"damage":45,"enemies":"Gremlin Nob","floor":10,"turns":4}],"seed_played":"-8324057011211051712","potions_obtained":[{"floor":8,"key":"EssenceOfSteel"}],"is_trial":false,"path_per_floor":["M","?","M","T","?","E","R","E","T","E"],"character_chosen":"IRONCLAD","items_purchased":[],"campfire_rested":0,"item_purchase_floors":[],"current_hp_per_floor":[74,63,69,69,62,68,68,34,34,0],"gold":347,"neow_bonus":"THREE_ENEMY_KILL","is_prod":false,"is_daily":false,"chose_seed":false,"campfire_upgraded":1,"win_rate":0,"timestamp":1657390879,"path_taken":["M","?","M","?","?","E","R","E","T","E"],"build_version":"2022-03-07","purchased_purges":0,"victory":false,"max_hp_per_floor":[75,75,75,75,75,75,75,75,75,75],"card_choices":[{"not_picked":["Armaments","Thunderclap"],"picked":"Shrug It Off","floor":1},{"not_picked":["Body Slam","Burning Pact"],"picked":"Rampage","floor":3},{"not_picked":["Anger","Sword Boomerang","Pummel"],"picked":"SKIP","floor":6},{"not_picked":["Brutality","Bloodletting"],"picked":"Thunderclap","floor":8}],"player_experience":1882764,"relics_obtained":[{"floor":4,"key":"Ornamental Fan"},{"floor":6,"key":"War Paint"},{"floor":8,"key":"Art of War"},{"floor":9,"key":"Toy Ornithopter"}],"event_choices":[{"damage_healed":0,"gold_gain":75,"player_choice":"Gather Gold","damage_taken":11,"max_hp_gain":0,"max_hp_loss":0,"event_name":"World of Goop","floor":2,"gold_loss":0},{"cards_removed":["Strike_R"],"damage_healed":0,"gold_gain":0,"player_choice":"Card Removal","damage_taken":7,"max_hp_gain":0,"max_hp_loss":0,"event_name":"Golden Wing","floor":5,"gold_loss":0}],"is_beta":false,"boss_relics":[],"items_purged_floors":[],"is_endless":false,"potions_floor_spawned":[8],"killed_by":"Gremlin Nob","ascension_level":20}