{"gold_per_floor":[117,135,35,35,54,54,66,66,66,82,82,113,127,162,162,241,241,256,256,256,206,225,225,250,250,250,250,278,19,19,19,19,96,96,108,108,108,155,155,188,37,60,60,60,76,88,88,88,88,88,88],"floor_reached":51,"playtime":1480,"items_purged":["Strike_R"],"score":1384,"play_id":"0c5242f8-d5f0-4c47-874f-357399004eff","local_time":"20220711120340","is_ascension_mode":true,"campfire_choices":[{"data":"Cleave","floor":6,"key":"SMITH"},{"data":"Bash","floor":8,"key":"SMITH"},{"floor":11,"key":"REST"},{"data":"Demon Form","floor":15,"key":"SMITH"},{"data":"Shrug It Off","floor":23,"key":"SMITH"},{"data":"Pommel Strike","floor":25,"key":"SMITH"},{"floor":27,"key":"REST"},{"data":"Clothesline","floor":32,"key":"SMITH"},{"floor":47,"key":"REST"},{"floor":49,"key":"RECALL"}],"neow_cost":"TEN_PERCENT_HP_LOSS","seed_source_timestamp":1276913445211700,"circlet_count":0,"master_deck":["AscendersBane","Defend_R","Defend_R","Defend_R","Bash+1","Thunderclap","Pommel Strike+1","Cleave+1","Shrug It Off+1","Demon Form+1","Berserk+1","Shrug It Off+1","Finesse","Bite","Bite","Bite","Bite","Bite","Offering","Limit Break","Shrug It Off","Mayhem"],"relics":["Burning Blood","Pantograph","White Beast Statue","Juzu Bracelet","InkBottle","SlaversCollar","Tiny Chest","Sundial","Mango","HandDrill","MutagenicStrength","Busted Crown","Prayer Wheel","Centennial Puzzle","Red Skull","Ancient Tea Set"],"potions_floor_usage":[7,10,12,14,16,33,51],"damage_taken":[{"damage":1,"enemies":"Cultist","floor":1,"turns":3},{"damage":12,"enemies":"Jaw Worm","floor":2,"turns":3},{"damage":2,"enemies":"2 Louse","floor":5,"turns":3},{"damage":22,"enemies":"Exordium Thugs","floor":7,"turns":4},{"damage":15,"enemies":"Lots of Slimes","floor":10,"turns":3},{"damage":32,"enemies":"Gremlin Nob","floor":12,"turns":4},{"damage":1,"enemies":"Red Slaver","floor":13,"turns":4},{"damage":5,"enemies":"3 Sentries","floor":14,"turns":5},{"damage":18,"enemies":"Slime Boss","floor":16,"turns":7},{"damage":15,"enemies":"Chosen","floor":18,"turns":5},{"damage":33,"enemies":"Spheric Guardian","floor":22,"turns":6},{"damage":7,"enemies":"Gremlin Leader","floor":24,"turns":5},{"damage":50,"enemies":"Slavers","floor":28,"turns":5},{"damage":14,"enemies":"Champ","floor":33,"turns":7},{"damage":40,"enemies":"3 Darklings","floor":35,"turns":6},{"damage":99,"enemies":"2 Orb Walkers","floor":38,"turns":5},{"damage":38,"enemies":"Giant Head","floor":40,"turns":6},{"damage":49,"enemies":"3 Shapes","floor":45,"turns":6},{"damage":6,"enemies":"Jaw Worm Horde","floor":46,"turns":2},{"damage":68,"enemies":"Donu and Deca","floor":50,"turns":7},{"damage":68,"enemies":"Awakened One","floor":51,"turns":3}],"seed_played":"-5330675231320788017","potions_obtained":[{"floor":1,"key":"LiquidMemories"},{"floor":5,"key":"SkillPotion"},{"floor":7,"key":"HeartOfIron"},{"floor":10,"key":"ColorlessPotion"},{"floor":12,"key":"PowerPotion"},{"floor":13,"key":"Strength Potion"},{"floor":14,"key":"Block Potion"},{"floor":16,"key":"FairyPotion"},{"floor":33,"key":"Ancient Potion"},{"floor":38,"key":"Energy Potion"}],"is_trial":false,"path_per_floor":["M","M","$","?","M","R","M","R","T","M","R","E","M","E","R","B",null,"M","?","T","?","M","R","E","R","T","R","E","$","?","?","R","B",null,"M","T","$","?","?","E","$","T","T","?","M","M","R","?","R","B","B"],"character_chosen":"IRONCLAD","items_purchased":["Clothesline","HandDrill","Finesse","Limit Break"],"campfire_rested":3,"item_purchase_floors":[3,29,29,41],"current_hp_per_floor":[68,62,62,51,55,55,39,39,39,30,50,24,29,30,30,43,62,53,67,67,67,40,40,39,39,39,59,31,31,31,31,31,64,78,64,64,64,15,67,55,55,55,55,55,22,26,46,46,46,29,0],"gold":88,"neow_bonus":"REMOVE_TWO","is_prod":false,"is_daily":false,"chose_seed":false,"campfire_upgraded":6,"win_rate":0,"timestamp":1657533820,"path_taken":["M","M","?","?","?","R","M","R","T","M","R","E","M","E","R","BOSS","M","?","?","?","M","R","E","R","T","R","E","$","?","?","R","BOSS","M","?","$","?","?","E","?","?","T","?","M","M","R","?","R","BOSS","BOSS"],"build_version":"2022-03-07","purchased_purges":1,"victory":false,"max_hp_per_floor":[68,68,68,68,68,68,68,68,68,68,68,68,68,68,68,68,68,68,68,68,68,68,68,68,68,68,68,82,82,82,82,82,82,82,82,82,82,82,67,67,67,67,67,67,67,67,67,67,67,67,67],"card_choices":[{"not_picked":["Seeing Red","Intimidate"],"picked":"Thunderclap","floor":1},{"not_picked":["Wild Strike","Flex"],"picked":"Pommel Strike","floor":2},{"not_picked":["Dual Wield","Iron Wave"],"picked":"Cleave","floor":5},{"not_picked":["Whirlwind","Rupture","Burning Pact"],"picked":"SKIP","floor":7},{"not_picked":["Cleave","Havoc","Carnage"],"picked":"SKIP","floor":10},{"not_picked":["Rampage","Warcry"],"picked":"Shrug It Off","floor":12},{"not_picked":["Dual Wield","Flex","Armaments"],"picked":"SKIP","floor":13},{"not_picked":["Perfected Strike","Iron Wave"],"picked":"Demon Form","floor":14},{"not_picked":["Corruption","Bludgeon"],"picked":"Berserk","floor":16},{"not_picked":["Anger","Havoc","Wild Strike"],"picked":"SKIP","floor":18},{"not_picked":["Rampage+1","Intimidate"],"picked":"Shrug It Off","floor":22},{"not_picked":["Ghostly Armor","Carnage","Sentinel"],"picked":"SKIP","floor":24},{"not_picked":["Second Wind","Anger","Cleave"],"picked":"SKIP","floor":28},{"not_picked":["Immolate","Impervious"],"picked":"Offering","floor":33},{"not_picked":["Anger"],"picked":"SKIP","floor":35},{"not_picked":["Warcry"],"picked":"SKIP","floor":40},{"not_picked":[],"picked":"Shrug It Off","floor":45},{"not_picked":["Hemokinesis+1"],"picked":"SKIP","floor":45},{"not_picked":["Anger"],"picked":"SKIP","floor":46},{"not_picked":["Whirlwind"],"picked":"SKIP","floor":46},{"not_picked":[],"picked":"Mayhem","floor":48}],"player_experience":1883295,"relics_obtained":[{"floor":9,"key":"White Beast Statue"},{"floor":12,"key":"Juzu Bracelet"},{"floor":14,"key":"InkBottle"},{"floor":20,"key":"Tiny Chest"},{"floor":24,"key":"Blood Vial"},{"floor":26,"key":"Sundial"},{"floor":28,"key":"Mango"},{"floor":38,"key":"Prayer Wheel"},{"floor":40,"key":"Centennial Puzzle"},{"floor":42,"key":"Red Skull"},{"floor":43,"key":"Ancient Tea Set"}],"event_choices":[{"damage_healed":0,"gold_gain":0,"player_choice":"Success","damage_taken":11,"relics_obtained":["Pantograph"],"max_hp_gain":0,"max_hp_loss":0,"event_name":"Scrap Ooze","floor":4,"gold_loss":0},{"damage_healed":14,"gold_gain":0,"player_choice":"Heal","damage_taken":0,"max_hp_gain":0,"max_hp_loss":0,"event_name":"The Library","floor":19,"gold_loss":0},{"damage_healed":0,"gold_gain":0,"player_choice":"Upgraded Two","damage_taken":0,"max_hp_gain":0,"max_hp_loss":0,"event_name":"Designer","floor":21,"gold_loss":50,"cards_upgraded":["Shrug It Off","Berserk"]},{"damage_healed":0,"gold_gain":0,"player_choice":"Inject Mutagens","damage_taken":0,"relics_obtained":["MutagenicStrength"],"max_hp_gain":0,"max_hp_loss":0,"event_name":"Drug Dealer","floor":30,"gold_loss":0},{"damage_healed":0,"gold_gain":0,"player_choice":"Became a vampire (Vial)","damage_taken":0,"max_hp_gain":0,"max_hp_loss":0,"event_name":"Vampires","floor":31,"relics_lost":["Blood Vial"],"gold_loss":0,"cards_obtained":["Bite","Bite","Bite","Bite","Bite"]},{"damage_healed":0,"gold_gain":0,"player_choice":"Fight","damage_taken":0,"max_hp_gain":0,"max_hp_loss":0,"event_name":"Mysterious Sphere","floor":38,"gold_loss":0},{"damage_healed":67,"gold_gain":0,"player_choice":"Heal","damage_taken":0,"max_hp_gain":0,"max_hp_loss":15,"event_name":"The Moai Head","floor":39,"gold_loss":0},{"cards_removed":["Clothesline"],"damage_healed":0,"gold_gain":0,"player_choice":"Removed Attack","damage_taken":0,"max_hp_gain":0,"max_hp_loss":0,"event_name":"Falling","floor":44,"gold_loss":0},{"damage_healed":0,"gold_gain":0,"player_choice":"Memory 1","damage_taken":0,"max_hp_gain":0,"max_hp_loss":0,"event_name":"SensoryStone","floor":48,"gold_loss":0}],"is_beta":false,"boss_relics":[{"not_picked":["Runic Pyramid","Mark of Pain"],"picked":"SlaversCollar"},{"not_picked":["Coffee Dripper","Fusion Hammer"],"picked":"Busted Crown"}],"items_purged_floors":[3],"is_endless":false,"potions_floor_spawned":[1,5,7,10,12,13,14,16,18,22,24,28,33,35,38,40,45,46],"killed_by":"Awakened One","ascension_level":20}