{"gold_per_floor":[109,109,109,123,123,123,137,165,189,219,36,75,86,101,101,101],"floor_reached":16,"playtime":356,"items_purged":[],"score":240,"play_id":"0b270d51-13e6-45bd-917c-27bbe6bf005d","local_time":"20220711113852","is_ascension_mode":true,"campfire_choices":[{"data":"Disarm","floor":6,"key":"SMITH"},{"data":"Bash","floor":15,"key":"SMITH"}],"neow_cost":"NONE","seed_source_timestamp":1276549135395100,"circlet_count":0,"master_deck":["AscendersBane","Strike_R","Strike_R","Strike_R","Strike_R","Strike_R","Defend_R","Defend_R","Defend_R","Defend_R","Bash+1","Perfected Strike+1","Disarm+1","Feed","Shrug It Off","Perfected Strike"],"relics":["Burning Blood","NeowsBlessing","Anchor","Boot","CeramicFish","Regal Pillow","Membership Card","Gremlin Horn"],"potions_floor_usage":[8,10,16,16],"damage_taken":[{"damage":0,"enemies":"Jaw Worm","floor":1,"turns":1},{"damage":0,"enemies":"Small Slimes","floor":4,"turns":1},{"damage":0,"enemies":"Cultist","floor":7,"turns":1},{"damage":24,"enemies":"Lagavulin","floor":8,"turns":7},{"damage":30,"enemies":"3 Sentries","floor":10,"turns":8},{"damage":32,"enemies":"Gremlin Nob","floor":12,"turns":4},{"damage":2,"enemies":"Blue Slaver","floor":13,"turns":4},{"damage":0,"enemies":"Large Slime","floor":14,"turns":4},{"damage":24,"enemies":"Hexaghost","floor":16,"turns":9}],"seed_played":"-4877792069583657824","potions_obtained":[{"floor":7,"key":"FearPotion"},{"floor":8,"key":"SteroidPotion"},{"floor":12,"key":"DistilledChaos"},{"floor":14,"key":"ColorlessPotion"}],"is_trial":false,"path_per_floor":["M","?","?","M","?","R","M","E","T","E","$","E","M","M","R","B"],"character_chosen":"IRONCLAD","items_purchased":["Membership Card","Shrug It Off"],"campfire_rested":0,"item_purchase_floors":[11,11],"current_hp_per_floor":[74,74,67,73,73,73,75,60,60,36,36,10,14,23,23,0],"gold":101,"neow_bonus":"THREE_ENEMY_KILL","is_prod":false,"is_daily":false,"chose_seed":false,"campfire_upgraded":2,"win_rate":0,"timestamp":1657532332,"path_taken":["M","?","?","M","?","R","?","E","T","E","$","E","M","M","R","BOSS"],"build_version":"2022-03-07","purchased_purges":0,"victory":false,"max_hp_per_floor":[75,75,75,75,75,75,75,78,78,78,78,78,78,81,81,81],"card_choices":[{"not_picked":["Anger","Clash"],"picked":"Perfected Strike","floor":1},{"not_picked":["Clothesline","Heavy Blade"],"picked":"Disarm","floor":4},{"not_picked":["Flex","Reckless Charge"],"picked":"Feed","floor":7},{"not_picked":["Headbutt","Sword Boomerang","Flex"],"picked":"SKIP","floor":8},{"not_picked":["Armaments","Sever Soul","Clothesline"],"picked":"SKIP","floor":10},{"not_picked":["Warcry","Spot Weakness"],"picked":"Perfected Strike","floor":12},{"not_picked":["Warcry","Heavy Blade","True Grit"],"picked":"SKIP","floor":13},{"not_picked":["Second Wind","Body Slam","Armaments"],"picked":"SKIP","floor":14}],"player_experience":1882939,"relics_obtained":[{"floor":8,"key":"Boot"},{"floor":9,"key":"CeramicFish"},{"floor":10,"key":"Regal Pillow"},{"floor":12,"key":"Gremlin Horn"}],"event_choices":[{"damage_healed":0,"gold_gain":0,"player_choice":"Box","damage_taken":0,"relics_obtained":["Anchor"],"max_hp_gain":0,"max_hp_loss":0,"event_name":"Big Fish","floor":2,"gold_loss":0,"cards_obtained":["Regret"]},{"cards_removed":["Regret"],"damage_healed":0,"gold_gain":0,"player_choice":"Card Removal","damage_taken":7,"max_hp_gain":0,"max_hp_loss":0,"event_name":"Golden Wing","floor":3,"gold_loss":0},{"damage_healed":0,"gold_gain":0,"player_choice":"Upgraded","damage_taken":0,"max_hp_gain":0,"max_hp_loss":0,"event_name":"Upgrade Shrine","floor":5,"gold_loss":0,"cards_upgraded":["Perfected Strike"]}],"is_beta":false,"boss_relics":[],"items_purged_floors":[],"is_endless":false,"potions_floor_spawned":[7,8,12,14],"killed_by":"Hexaghost","ascension_level":20}