{"gold_per_floor":[109,126,143,198,215,215,225,225,225,225,244,244,270,270,270,347,347,362,362,31,51,51,51,84,84,84,84,109,153,172,198,198,198],"floor_reached":33,"playtime":719,"items_purged":[],"score":660,"play_id":"5470cd82-77e5-49ce-8f7b-6b52800b5e2f","local_time":"20220718221052","is_ascension_mode":true,"campfire_choices":[{"data":"Searing Blow","floor":6,"key":"SMITH"},{"data":"Searing Blow+1","floor":8,"key":"SMITH"},{"data":"Searing Blow+2","floor":12,"key":"SMITH"},{"data":"Searing Blow+3","floor":15,"key":"SMITH"},{"data":"Searing Blow+4","floor":23,"key":"SMITH"},{"data":"Searing Blow+5","floor":25,"key":"SMITH"},{"data":"Searing Blow+6","floor":27,"key":"SMITH"},{"floor":32,"key":"REST"}],"neow_cost":"NONE","seed_source_timestamp":45710489935700,"circlet_count":0,"master_deck":["AscendersBane","Strike_R","Strike_R","Strike_R","Strike_R","Strike_R","Defend_R","Defend_R","Defend_R","Defend_R","Bash","Spot Weakness","Searing Blow+7","Twin Strike","Metallicize","Berserk","CurseOfTheBell","Shockwave","Skim","Steam+1"],"relics":["Sozu","Darkstone Periapt","StrikeDummy","Pantograph","Calling Bell","Lizard Tail","Omamori","Blue Candle","PrismaticShard","CeramicFish","Blood Vial","Meat on the Bone","Gremlin Horn","Bag of Preparation","Red Skull"],"potions_floor_usage":[],"damage_taken":[{"damage":0,"enemies":"Cultist","floor":1,"turns":3},{"damage":14,"enemies":"Small Slimes","floor":2,"turns":4},{"damage":5,"enemies":"2 Louse","floor":3,"turns":2},{"damage":3,"enemies":"Exordium Thugs","floor":5,"turns":4},{"damage":4,"enemies":"Red Slaver","floor":7,"turns":2},{"damage":11,"enemies":"Looter","floor":11,"turns":2},{"damage":8,"enemies":"Gremlin Nob","floor":13,"turns":3},{"damage":13,"enemies":"Slime Boss","floor":16,"turns":6},{"damage":10,"enemies":"Chosen","floor":18,"turns":5},{"damage":44,"enemies":"3 Byrds","floor":21,"turns":6},{"damage":52,"enemies":"Book of Stabbing","floor":24,"turns":5},{"damage":0,"enemies":"Snecko","floor":28,"turns":2},{"damage":23,"enemies":"Gremlin Leader","floor":29,"turns":4},{"damage":7,"enemies":"Snake Plant","floor":30,"turns":2},{"damage":28,"enemies":"Book of Stabbing","floor":31,"turns":4},{"damage":76,"enemies":"Champ","floor":33,"turns":9}],"seed_played":"1189787957656563611","potions_obtained":[],"is_trial":false,"path_per_floor":["M","M","M","?","M","R","M","R","T","?","M","R","E","?","R","B",null,"M","?","$","M","T","R","E","R","T","R","M","E","M","E","R","B"],"character_chosen":"IRONCLAD","items_purchased":["PrismaticShard","CeramicFish"],"campfire_rested":1,"item_purchase_floors":[20,20],"current_hp_per_floor":[68,54,49,49,46,46,42,42,42,31,20,20,12,12,12,24,68,58,58,58,14,14,14,23,23,23,23,37,28,35,21,45,0],"gold":198,"neow_bonus":"BOSS_RELIC","is_prod":false,"is_daily":false,"chose_seed":false,"campfire_upgraded":7,"win_rate":0,"timestamp":1658175052,"path_taken":["M","M","?","?","M","R","M","R","T","?","M","R","E","?","R","BOSS","M","?","$","M","?","R","E","R","T","R","M","E","?","E","R","BOSS"],"build_version":"2022-03-07","purchased_purges":0,"victory":false,"max_hp_per_floor":[75,75,75,75,75,75,75,75,75,75,75,75,75,75,75,75,81,81,81,81,81,81,81,81,81,81,81,81,81,81,81,81,81],"card_choices":[{"not_picked":["Sentinel","Iron Wave","Warcry"],"picked":"SKIP","floor":1},{"not_picked":["Power Through","Warcry"],"picked":"Spot Weakness","floor":2},{"not_picked":["Evolve","Infernal Blade"],"picked":"Searing Blow","floor":3},{"not_picked":["Sever Soul","Clothesline"],"picked":"Twin Strike","floor":5},{"not_picked":["Thunderclap","Iron Wave","Pummel"],"picked":"SKIP","floor":7},{"not_picked":["Inflame","Cleave"],"picked":"Metallicize","floor":11},{"not_picked":["Barricade","Reckless Charge","Heavy Blade"],"picked":"SKIP","floor":13},{"not_picked":["Bludgeon","Demon Form"],"picked":"Berserk","floor":16},{"not_picked":["Rage","Thunderclap"],"picked":"Shockwave","floor":18},{"not_picked":["Backstab","ClearTheMind","PathToVictory"],"picked":"SKIP","floor":21},{"not_picked":["Dodge and Roll","Poisoned Stab","CarveReality"],"picked":"SKIP","floor":24},{"not_picked":["Wraith Form v2","Sucker Punch"],"picked":"Skim","floor":28},{"not_picked":["Sunder","Multi-Cast"],"picked":"Steam+1","floor":29},{"not_picked":["Backstab+1","Clash","Cloak And Dagger"],"picked":"SKIP","floor":30},{"not_picked":["EmptyBody","Heavy Blade","Uppercut"],"picked":"SKIP","floor":31}],"player_experience":1885099,"relics_obtained":[{"floor":9,"key":"Darkstone Periapt"},{"floor":13,"key":"Pantograph"},{"floor":17,"key":"Lizard Tail"},{"floor":17,"key":"Omamori"},{"floor":17,"key":"Blue Candle"},{"floor":22,"key":"Blood Vial"},{"floor":24,"key":"Meat on the Bone"},{"floor":26,"key":"Gremlin Horn"},{"floor":29,"key":"Bag of Preparation"},{"floor":31,"key":"Red Skull"}],"event_choices":[{"damage_healed":0,"gold_gain":55,"player_choice":"Gained Gold","damage_taken":0,"max_hp_gain":0,"max_hp_loss":0,"event_name":"Golden Wing","floor":4,"gold_loss":0},{"damage_healed":0,"gold_gain":0,"player_choice":"Success","damage_taken":11,"relics_obtained":["StrikeDummy"],"max_hp_gain":0,"max_hp_loss":0,"event_name":"Scrap Ooze","floor":10,"gold_loss":0},{"damage_healed":0,"gold_gain":0,"player_choice":"Ignored","damage_taken":0,"max_hp_gain":0,"max_hp_loss":0,"event_name":"Liars Game","floor":14,"gold_loss":0},{"damage_healed":0,"gold_gain":0,"player_choice":"Smashed Altar","damage_taken":0,"max_hp_gain":0,"max_hp_loss":0,"event_name":"Forgotten Altar","floor":19,"gold_loss":0,"cards_obtained":["Decay"]}],"is_beta":false,"boss_relics":[{"not_picked":["Coffee Dripper","Busted Crown"],"picked":"Calling Bell"}],"items_purged_floors":[],"is_endless":false,"potions_floor_spawned":[1,3,11,13,21,24,28,29],"killed_by":"Champ","ascension_level":20}