{"gold_per_floor":[13,13,13,37,50,50,70,70,95,110,144,144,175,195,195,291,291,304,304],"floor_reached":19,"playtime":1627,"items_purged":[],"score":358,"play_id":"35217118-ded6-4fd1-ab6e-81c940d941aa","local_time":"20220723173006","is_ascension_mode":true,"campfire_choices":[{"data":"Inflame","floor":8,"key":"SMITH"},{"data":"Reaper","floor":12,"key":"SMITH"},{"floor":15,"key":"REST"}],"neow_cost":"NO_GOLD","seed_source_timestamp":970366344500,"circlet_count":0,"master_deck":["AscendersBane","Strike_R+1","Strike_R","Strike_R","Strike_R","Strike_R","Defend_R","Defend_R","Defend_R","Defend_R","Bash+1","Reaper+1","Flame Barrier","Dropkick","Inflame+1","Disarm","Dual Wield","Juggernaut"],"relics":["Burning Blood","Golden Idol","MealTicket","Oddly Smooth Stone","Strawberry","SlaversCollar"],"potions_floor_usage":[10,11,13,16,18,18,19],"damage_taken":[{"damage":5,"enemies":"Small Slimes","floor":1,"turns":5},{"damage":7,"enemies":"Cultist","floor":4,"turns":5},{"damage":0,"enemies":"2 Louse","floor":5,"turns":3},{"damage":1,"enemies":"2 Fungi Beasts","floor":7,"turns":4},{"damage":0,"enemies":"3 Louse","floor":10,"turns":1},{"damage":38,"enemies":"3 Sentries","floor":11,"turns":10},{"damage":32,"enemies":"Gremlin Nob","floor":13,"turns":4},{"damage":5,"enemies":"Looter","floor":14,"turns":4},{"damage":30,"enemies":"The Guardian","floor":16,"turns":13},{"damage":16,"enemies":"Shell Parasite","floor":18,"turns":9},{"damage":90,"enemies":"Masked Bandits","floor":19,"turns":4}],"seed_played":"5929137037326580740","potions_obtained":[{"floor":4,"key":"Explosive Potion"},{"floor":5,"key":"Fire Potion"},{"floor":11,"key":"GamblersBrew"},{"floor":13,"key":"DuplicationPotion"},{"floor":16,"key":"EntropicBrew"}],"is_trial":false,"path_per_floor":["M","?","?","M","M","?","M","R","T","M","E","R","E","M","R","B",null,"M","?"],"character_chosen":"IRONCLAD","items_purchased":[],"campfire_rested":1,"item_purchase_floors":[],"current_hp_per_floor":[73,73,73,72,75,52,65,65,65,71,53,53,34,35,59,59,76,66,0],"gold":304,"neow_bonus":"THREE_RARE_CARDS","is_prod":false,"is_daily":false,"chose_seed":false,"campfire_upgraded":2,"win_rate":0,"timestamp":1658590206,"path_taken":["M","?","?","M","?","?","M","R","T","M","E","R","E","M","R","BOSS","M","?"],"build_version":"2022-03-07","purchased_purges":0,"victory":false,"max_hp_per_floor":[75,75,75,75,75,75,75,75,75,75,75,75,82,82,82,82,82,82,82],"card_choices":[{"not_picked":["Offering","Limit Break"],"picked":"Reaper","floor":0},{"not_picked":["Anger","Second Wind"],"picked":"Flame Barrier","floor":1},{"not_picked":["Cleave","Anger"],"picked":"Dropkick","floor":4},{"not_picked":["Dual Wield","Feel No Pain","Second Wind"],"picked":"SKIP","floor":5},{"not_picked":["Pommel Strike","Infernal Blade"],"picked":"Inflame","floor":7},{"not_picked":["Evolve","Uppercut"],"picked":"Disarm","floor":10},{"not_picked":["Uppercut","Rampage","Barricade"],"picked":"SKIP","floor":11},{"not_picked":["Havoc","Thunderclap","Headbutt"],"picked":"SKIP","floor":13},{"not_picked":["Cleave","Heavy Blade"],"picked":"Dual Wield","floor":14},{"not_picked":["Barricade","Berserk"],"picked":"Juggernaut","floor":16},{"not_picked":["Armaments","Cleave","Flex"],"picked":"SKIP","floor":18}],"player_experience":1886919,"relics_obtained":[{"floor":9,"key":"MealTicket"},{"floor":11,"key":"Oddly Smooth Stone"},{"floor":13,"key":"Strawberry"}],"event_choices":[{"damage_healed":0,"gold_gain":0,"player_choice":"Take Wound","damage_taken":0,"relics_obtained":["Golden Idol"],"max_hp_gain":0,"max_hp_loss":0,"event_name":"Golden Idol","floor":2,"gold_loss":0,"cards_obtained":["Injury"]},{"cards_removed":["Injury"],"damage_healed":0,"gold_gain":0,"player_choice":"Removed Curses","damage_taken":0,"max_hp_gain":0,"max_hp_loss":0,"event_name":"Fountain of Cleansing","floor":3,"gold_loss":0},{"damage_healed":0,"gold_gain":0,"player_choice":"Entered Light","damage_taken":23,"max_hp_gain":0,"max_hp_loss":0,"event_name":"Shining Light","floor":6,"gold_loss":0,"cards_upgraded":["Bash","Strike_R"]},{"damage_healed":0,"gold_gain":0,"player_choice":"Fought Bandits","damage_taken":0,"max_hp_gain":0,"max_hp_loss":0,"event_name":"Masked Bandits","floor":19,"gold_loss":0}],"is_beta":false,"boss_relics":[{"not_picked":["Runic Pyramid","Mark of Pain"],"picked":"SlaversCollar"}],"items_purged_floors":[],"is_endless":false,"potions_floor_spawned":[4,5,11,13,16],"killed_by":"Masked Bandits","ascension_level":20}