{"gold_per_floor":[113,123,48,48,61,96,96,124,176,191,204,224,257,102,102,102],"floor_reached":16,"playtime":522,"items_purged":["Regret","Defend_R"],"score":294,"play_id":"ac798358-c96e-4083-b9bb-c1e2630accd9","local_time":"20220723170246","is_ascension_mode":true,"campfire_choices":[{"floor":15,"key":"REST"}],"neow_cost":"CURSE","seed_source_timestamp":436427327200,"circlet_count":0,"master_deck":["AscendersBane","Strike_R","Strike_R","Strike_R","Strike_R","Strike_R","Defend_R","Defend_R","Defend_R","Bash","Uppercut","Shrug It Off","Inflame","Cleave","Shrug It Off","Shrug It Off"],"relics":["Burning Blood","StrikeDummy","Red Skull","Blue Candle","PreservedInsect","Bag of Marbles"],"potions_floor_usage":[2,6,8,13],"damage_taken":[{"damage":4,"enemies":"2 Louse","floor":1,"turns":4},{"damage":16,"enemies":"Cultist","floor":2,"turns":5},{"damage":7,"enemies":"Jaw Worm","floor":5,"turns":3},{"damage":26,"enemies":"Gremlin Nob","floor":6,"turns":4},{"damage":22,"enemies":"3 Sentries","floor":8,"turns":8},{"damage":1,"enemies":"Red Slaver","floor":10,"turns":3},{"damage":10,"enemies":"Large Slime","floor":11,"turns":5},{"damage":5,"enemies":"Exordium Wildlife","floor":12,"turns":3},{"damage":0,"enemies":"Lagavulin","floor":13,"turns":3},{"damage":47,"enemies":"The Guardian","floor":16,"turns":11}],"seed_played":"3363133523072067582","potions_obtained":[{"floor":2,"key":"EntropicBrew"},{"floor":5,"key":"Explosive Potion"},{"floor":6,"key":"Ancient Potion"},{"floor":12,"key":"DistilledChaos"},{"floor":13,"key":"SmokeBomb"}],"is_trial":false,"path_per_floor":["M","M","$","?","M","E","?","E","T","M","M","M","E","$","R","B"],"character_chosen":"IRONCLAD","items_purchased":["Shrug It Off"],"campfire_rested":1,"item_purchase_floors":[14],"current_hp_per_floor":[84,74,74,63,62,42,29,13,13,18,14,15,21,21,47,0],"gold":102,"neow_bonus":"TWENTY_PERCENT_HP_BONUS","is_prod":false,"is_daily":false,"chose_seed":false,"campfire_upgraded":0,"win_rate":0,"timestamp":1658588566,"path_taken":["M","M","$","?","M","E","?","E","T","?","M","?","E","$","R","BOSS"],"build_version":"2022-03-07","purchased_purges":2,"victory":false,"max_hp_per_floor":[89,89,89,89,89,89,89,89,89,89,89,89,89,89,89,89],"card_choices":[{"not_picked":["Heavy Blade","Clash"],"picked":"Uppercut","floor":1},{"not_picked":["Pommel Strike","Clash"],"picked":"Shrug It Off","floor":2},{"not_picked":["Burning Pact","Perfected Strike","Clash"],"picked":"SKIP","floor":5},{"not_picked":["Hemokinesis","Cleave"],"picked":"Inflame","floor":6},{"not_picked":["Corruption","Seeing Red"],"picked":"Cleave","floor":8},{"not_picked":["Anger","Uppercut","Thunderclap"],"picked":"SKIP","floor":10},{"not_picked":["True Grit","Rampage"],"picked":"Shrug It Off","floor":11},{"not_picked":["Havoc","Bloodletting","Pommel Strike"],"picked":"SKIP","floor":12},{"not_picked":["Offering","Evolve","Thunderclap"],"picked":"SKIP","floor":13}],"player_experience":1886397,"relics_obtained":[{"floor":6,"key":"Red Skull"},{"floor":8,"key":"Blue Candle"},{"floor":9,"key":"PreservedInsect"},{"floor":13,"key":"Bag of Marbles"}],"event_choices":[{"damage_healed":0,"gold_gain":0,"player_choice":"Success","damage_taken":11,"relics_obtained":["StrikeDummy"],"max_hp_gain":0,"max_hp_loss":0,"event_name":"Scrap Ooze","floor":4,"gold_loss":0},{"damage_healed":0,"gold_gain":0,"player_choice":"Damaged","damage_taken":13,"max_hp_gain":0,"max_hp_loss":0,"event_name":"Wheel of Change","floor":7,"gold_loss":0}],"is_beta":false,"boss_relics":[],"items_purged_floors":[3,14],"is_endless":false,"potions_floor_spawned":[2,5,6,12,13],"killed_by":"The Guardian","ascension_level":20}