{"gold_per_floor":[117,267,282,282,296,296,331,331,331,331],"floor_reached":10,"playtime":520,"items_purged":[],"score":132,"play_id":"d1235597-a736-4955-ba5f-12f28eb590c2","local_time":"20220809232250","is_ascension_mode":true,"campfire_choices":[{"data":"Rampage","floor":6,"key":"SMITH"},{"floor":8,"key":"REST"}],"neow_cost":"PERCENT_DAMAGE","seed_source_timestamp":0,"circlet_count":0,"master_deck":["AscendersBane","Strike_R","Strike_R","Strike_R","Strike_R","Strike_R","Defend_R","Defend_R","Defend_R","Defend_R","Bash","Rampage+1","Doubt","Shrug It Off"],"special_seed":0,"relics":["Burning Blood","HornCleat","Lantern"],"potions_floor_usage":[10],"damage_taken":[{"damage":16.0,"enemies":"Jaw Worm","floor":1.0,"turns":6.0},{"damage":3.0,"enemies":"Small Slimes","floor":3.0,"turns":5.0},{"damage":9.0,"enemies":"Cultist","floor":5.0,"turns":5.0},{"damage":53,"enemies":"Lagavulin","floor":7,"turns":8},{"damage":36,"enemies":"3 Sentries","floor":10,"turns":10}],"seed_played":"7358300902102663758","potions_obtained":[{"floor":1.0,"key":"Dexterity Potion"}],"is_trial":false,"path_per_floor":["M","?","M","?","M","R","E","R","T","E"],"character_chosen":"IRONCLAD","items_purchased":[],"campfire_rested":1,"item_purchase_floors":[],"current_hp_per_floor":[54,54,57,57,54,54,7,33,33,0],"gold":331,"neow_bonus":"TWENTY_PERCENT_HP_BONUS","is_prod":false,"is_daily":false,"chose_seed":false,"campfire_upgraded":1,"win_rate":0,"timestamp":1660080170,"path_taken":["M","?","M","?","?","R","E","R","T","E"],"build_version":"2022-03-07","purchased_purges":0,"victory":false,"max_hp_per_floor":[89,89,89,89,89,89,89,89,89,89],"card_choices":[{"not_picked":["Spot Weakness","Carnage"],"picked":"Rampage","floor":1.0},{"not_picked":["Thunderclap","Entrench"],"picked":"Shrug It Off","floor":3.0},{"not_picked":["Anger","Body Slam","Wild Strike"],"picked":"SKIP","floor":5},{"not_picked":["Thunderclap","Iron Wave","Wild Strike"],"picked":"SKIP","floor":7}],"player_experience":1888546,"relics_obtained":[{"floor":7,"key":"HornCleat"},{"floor":9,"key":"Lantern"}],"event_choices":[{"damage_healed":0.0,"max_hp_gain":0.0,"max_hp_loss":0.0,"gold_gain":150.0,"event_name":"Liars Game","player_choice":"AGREE","floor":2.0,"gold_loss":0.0,"damage_taken":0.0,"cards_obtained":["Doubt"]},{"damage_healed":0.0,"max_hp_gain":0.0,"max_hp_loss":0.0,"gold_gain":0.0,"event_name":"Match and Keep!","player_choice":"0 cards matched","floor":4.0,"gold_loss":0.0,"damage_taken":0.0,"cards_obtained":[]}],"is_beta":false,"boss_relics":[],"items_purged_floors":[],"is_endless":false,"potions_floor_spawned":[1],"killed_by":"3 Sentries","ascension_level":20}