{"gold_per_floor":[114,114,134,188,188,188,223,223,223,246,246,265,299,312,312,384,384,397,397,370,370],"floor_reached":21,"playtime":541,"items_purged":[],"score":424,"play_id":"aecf2d00-ebf7-4ec6-9123-68e71d4abc91","local_time":"20220809233218","is_ascension_mode":true,"campfire_choices":[{"data":"Wild Strike","floor":6,"key":"SMITH"},{"data":"Flame Barrier","floor":8,"key":"SMITH"},{"data":"Inflame","floor":11,"key":"SMITH"},{"floor":15,"key":"REST"}],"neow_cost":"NONE","seed_source_timestamp":309034090900,"circlet_count":0,"master_deck":["AscendersBane","Strike_R","Strike_R","Strike_R","Defend_R","Defend_R","Defend_R","Defend_R","Bash","Sword Boomerang","Wild Strike+1","Flame Barrier+1","Inflame+1","Double Tap","Feed+1","Sentinel"],"relics":["Burning Blood","NeowsBlessing","Happy Flower","Calipers","Shuriken","Question Card","Odd Mushroom","Molten Egg 2","SlaversCollar"],"potions_floor_usage":[14,16,20,20],"damage_taken":[{"damage":0,"enemies":"Jaw Worm","floor":1,"turns":1},{"damage":0,"enemies":"2 Louse","floor":3,"turns":1},{"damage":0,"enemies":"Gremlin Nob","floor":7,"turns":1},{"damage":32,"enemies":"The Mushroom Lair","floor":10,"turns":5},{"damage":12,"enemies":"Small Slimes","floor":12,"turns":3},{"damage":25,"enemies":"3 Sentries","floor":13,"turns":6},{"damage":7,"enemies":"2 Fungi Beasts","floor":14,"turns":2},{"damage":19,"enemies":"The Guardian","floor":16,"turns":8},{"damage":37,"enemies":"3 Byrds","floor":18,"turns":6},{"damage":17,"enemies":"2 Thieves","floor":20,"turns":4},{"damage":25,"enemies":"Centurion and Healer","floor":21,"turns":3}],"seed_played":"7635402994330516626","potions_obtained":[{"floor":10,"key":"GamblersBrew"},{"floor":13,"key":"SteroidPotion"},{"floor":14,"key":"AttackPotion"},{"floor":18,"key":"Block Potion"}],"is_trial":false,"path_per_floor":["M","?","M","T","?","R","E","R","T","?","R","M","E","M","R","B",null,"M","?","M","M"],"character_chosen":"IRONCLAD","items_purchased":[],"campfire_rested":1,"item_purchase_floors":[],"current_hp_per_floor":[74,74,75,75,57,57,63,63,63,37,37,31,12,11,33,20,61,34,34,23,0],"gold":370,"neow_bonus":"THREE_ENEMY_KILL","is_prod":false,"is_daily":false,"chose_seed":false,"campfire_upgraded":3,"win_rate":0,"timestamp":1660080738,"path_taken":["M","?","M","?","?","R","E","R","T","?","R","M","E","M","R","BOSS","M","?","?","M"],"build_version":"2022-03-07","purchased_purges":0,"victory":false,"max_hp_per_floor":[75,75,75,75,75,75,75,75,75,75,75,75,75,75,75,75,75,79,79,79,79],"card_choices":[{"not_picked":["Twin Strike","Clothesline"],"picked":"Sword Boomerang","floor":1},{"not_picked":["Headbutt","Blood for Blood","Clash"],"picked":"SKIP","floor":3},{"not_picked":["Armaments","Ghostly Armor"],"picked":"Flame Barrier","floor":7},{"not_picked":["Hemokinesis","Feel No Pain","Cleave"],"picked":"Inflame","floor":10},{"not_picked":["Rupture","Battle Trance","Pommel Strike","Wild Strike"],"picked":"SKIP","floor":12},{"not_picked":["Intimidate","Rampage+1","Body Slam+1"],"picked":"Double Tap","floor":13},{"not_picked":["Havoc","Infernal Blade","Dual Wield","Feel No Pain"],"picked":"SKIP","floor":14},{"not_picked":["Demon Form","Barricade","Corruption"],"picked":"Feed+1","floor":16},{"not_picked":["Headbutt+1","Wild Strike+1","Perfected Strike+1","Armaments+1"],"picked":"SKIP","floor":18},{"not_picked":["Power Through","Second Wind","Inflame","Corruption"],"picked":"SKIP","floor":20}],"player_experience":1889066,"relics_obtained":[{"floor":4,"key":"Happy Flower"},{"floor":7,"key":"Shuriken"},{"floor":9,"key":"Question Card"},{"floor":10,"key":"Odd Mushroom"},{"floor":13,"key":"Molten Egg 2"}],"event_choices":[{"damage_healed":0,"gold_gain":0,"cards_transformed":["Strike_R"],"player_choice":"Change","damage_taken":0,"max_hp_gain":0,"max_hp_loss":0,"event_name":"Living Wall","floor":2,"gold_loss":0,"cards_obtained":["Wild Strike"]},{"damage_healed":0,"gold_gain":0,"player_choice":"Success","damage_taken":18,"relics_obtained":["Calipers"],"max_hp_gain":0,"max_hp_loss":0,"event_name":"Scrap Ooze","floor":5,"gold_loss":0},{"damage_healed":0,"gold_gain":0,"player_choice":"Fought Mushrooms","damage_taken":0,"max_hp_gain":0,"max_hp_loss":0,"event_name":"Mushrooms","floor":10,"gold_loss":0},{"damage_healed":0,"gold_gain":0,"cards_transformed":["Strike_R"],"player_choice":"Transformed","damage_taken":0,"max_hp_gain":0,"max_hp_loss":0,"event_name":"Transmorgrifier","floor":19,"gold_loss":0,"cards_obtained":["Sentinel"]}],"is_beta":false,"boss_relics":[{"not_picked":["Runic Dome","Tiny House"],"picked":"SlaversCollar"}],"items_purged_floors":[],"is_endless":false,"potions_floor_spawned":[10,13,14,18],"killed_by":"Centurion and Healer","ascension_level":20}