{"gold_per_floor":[13,13,13,13,13,46,46,46,46,82,100,100,124,148,148,241,241,264,189,189,18,32,32,32],"floor_reached":24,"playtime":664,"items_purged":[],"score":404,"play_id":"63f30487-689f-469c-a3a8-dbe83869827e","local_time":"20220810232300","is_ascension_mode":true,"campfire_choices":[{"data":"Juggernaut","floor":7,"key":"SMITH"},{"data":"Metallicize","floor":12,"key":"SMITH"},{"data":"Shrug It Off","floor":15,"key":"SMITH"}],"neow_cost":"NO_GOLD","seed_source_timestamp":86036270330000,"circlet_count":0,"master_deck":["AscendersBane","Juggernaut+1","True Grit+1","Ghostly Armor","Metallicize+1","Feel No Pain","Shrug It Off+1","Juggernaut","Immolate","Dropkick","Pummel","Second Wind","Juggernaut","Armaments","Entrench","True Grit","Fire Breathing","Disarm","Seeing Red"],"relics":["Burning Blood","Golden Idol","PreservedInsect","Bird Faced Urn","Kunai","Orichalcum","Pandora\u0027s Box","ClockworkSouvenir"],"potions_floor_usage":[6,10,16,24],"damage_taken":[{"damage":14,"enemies":"Small Slimes","floor":1,"turns":4},{"damage":24,"enemies":"Gremlin Nob","floor":6,"turns":4},{"damage":10,"enemies":"Lagavulin","floor":10,"turns":8},{"damage":9,"enemies":"Jaw Worm","floor":11,"turns":4},{"damage":0,"enemies":"2 Louse","floor":13,"turns":2},{"damage":0,"enemies":"Exordium Thugs","floor":14,"turns":3},{"damage":57,"enemies":"Slime Boss","floor":16,"turns":11},{"damage":0,"enemies":"3 Byrds","floor":18,"turns":3},{"damage":5,"enemies":"Chosen","floor":22,"turns":6},{"damage":80,"enemies":"Slavers","floor":24,"turns":3}],"seed_played":"6131090862512474323","potions_obtained":[{"floor":1,"key":"Ancient Potion"},{"floor":6,"key":"SpeedPotion"},{"floor":13,"key":"BloodPotion"},{"floor":18,"key":"Swift Potion"}],"is_trial":false,"path_per_floor":["M","?","$","?","?","E","R","?","T","E","M","R","M","M","R","B",null,"M","?","?","$","M","$","E"],"character_chosen":"IRONCLAD","items_purchased":["ClockworkSouvenir"],"campfire_rested":0,"item_purchase_floors":[21],"current_hp_per_floor":[60,60,60,49,49,31,31,31,31,29,28,28,38,50,50,20,61,75,75,75,75,75,75,0],"gold":32,"neow_bonus":"THREE_RARE_CARDS","is_prod":false,"is_daily":false,"chose_seed":false,"campfire_upgraded":3,"win_rate":0,"timestamp":1660166580,"path_taken":["M","?","$","?","?","E","R","?","T","E","M","R","?","M","R","BOSS","M","?","?","$","M","?","E"],"build_version":"2022-03-07","purchased_purges":0,"victory":false,"max_hp_per_floor":[75,75,75,75,75,75,75,75,75,75,75,75,75,75,75,75,75,75,75,75,75,75,75,75],"card_choices":[{"not_picked":["Offering","Exhume"],"picked":"Juggernaut","floor":0},{"not_picked":["Battle Trance","Cleave"],"picked":"True Grit","floor":1},{"not_picked":["Inflame","Searing Blow"],"picked":"Ghostly Armor","floor":6},{"not_picked":["Sentinel","Shockwave","Reckless Charge"],"picked":"SKIP","floor":10},{"not_picked":["Twin Strike","Wild Strike"],"picked":"Metallicize","floor":11},{"not_picked":["Wild Strike","Havoc"],"picked":"Feel No Pain","floor":13},{"not_picked":["Flex","Flame Barrier"],"picked":"Shrug It Off","floor":14},{"not_picked":["Brutality","Fiend Fire"],"picked":"Juggernaut","floor":16},{"not_picked":["Headbutt","Sword Boomerang","Perfected Strike"],"picked":"SKIP","floor":18},{"not_picked":["Carnage","Anger"],"picked":"Seeing Red","floor":22}],"player_experience":1890496,"relics_obtained":[{"floor":6,"key":"Bird Faced Urn"},{"floor":9,"key":"Kunai"},{"floor":10,"key":"Orichalcum"}],"event_choices":[{"damage_healed":0,"gold_gain":0,"player_choice":"Take Wound","damage_taken":0,"relics_obtained":["Golden Idol"],"max_hp_gain":0,"max_hp_loss":0,"event_name":"Golden Idol","floor":2,"gold_loss":0,"cards_obtained":["Injury"]},{"damage_healed":0,"gold_gain":0,"player_choice":"Success","damage_taken":11,"relics_obtained":["PreservedInsect"],"max_hp_gain":0,"max_hp_loss":0,"event_name":"Scrap Ooze","floor":4,"gold_loss":0},{"cards_removed":["Injury"],"damage_healed":0,"gold_gain":0,"player_choice":"Forget","damage_taken":0,"max_hp_gain":0,"max_hp_loss":0,"event_name":"Living Wall","floor":5,"gold_loss":0},{"damage_healed":0,"gold_gain":0,"player_choice":"Upgraded","damage_taken":0,"max_hp_gain":0,"max_hp_loss":0,"event_name":"Upgrade Shrine","floor":8,"gold_loss":0,"cards_upgraded":["True Grit"]},{"cards_removed":["Bash"],"damage_healed":0,"gold_gain":0,"player_choice":"Gave Gold","damage_taken":0,"max_hp_gain":0,"max_hp_loss":0,"event_name":"Beggar","floor":19,"gold_loss":75},{"damage_healed":0,"gold_gain":0,"player_choice":"Read","damage_taken":0,"max_hp_gain":0,"max_hp_loss":0,"event_name":"The Library","floor":20,"gold_loss":0,"cards_obtained":["Disarm"]}],"is_beta":false,"boss_relics":[{"not_picked":["Philosopher\u0027s Stone","Snecko Eye"],"picked":"Pandora\u0027s Box"}],"items_purged_floors":[],"is_endless":false,"potions_floor_spawned":[1,6,13,18],"killed_by":"Slavers","ascension_level":20}