{"gold_per_floor":[13,31,31,31,48,77,77,110,110,127,127,146,146,63,63,134,134,151,201,220,220],"floor_reached":21,"playtime":551,"items_purged":[],"score":378,"play_id":"8114036e-b670-4985-aef2-4797559dee41","local_time":"20220810231148","is_ascension_mode":true,"campfire_choices":[{"data":"Rupture","floor":7,"key":"SMITH"},{"floor":11,"key":"DIG"},{"floor":13,"key":"DIG"},{"floor":15,"key":"DIG"}],"neow_cost":"NO_GOLD","seed_source_timestamp":85477356789900,"circlet_count":0,"master_deck":["AscendersBane","Strike_R","Strike_R","Strike_R","Defend_R","Defend_R","Defend_R","Bash","Shrug It Off","Combust+1","Heavy Blade","Rupture+1","Ghostly Armor","Rupture","Reaper","Rupture","Feed"],"relics":["Burning Blood","Unceasing Top","Shovel","Ice Cream","Regal Pillow","InkBottle","Vajra","Black Star"],"potions_floor_usage":[8,16,16,16,21],"damage_taken":[{"damage":5,"enemies":"Small Slimes","floor":1,"turns":4},{"damage":2,"enemies":"Jaw Worm","floor":2,"turns":4},{"damage":2,"enemies":"Cultist","floor":5,"turns":3},{"damage":34,"enemies":"Gremlin Nob","floor":6,"turns":4},{"damage":6,"enemies":"3 Sentries","floor":8,"turns":5},{"damage":9,"enemies":"Gremlin Gang","floor":10,"turns":3},{"damage":4,"enemies":"Looter","floor":12,"turns":4},{"damage":52,"enemies":"The Guardian","floor":16,"turns":9},{"damage":39,"enemies":"2 Thieves","floor":18,"turns":5},{"damage":39,"enemies":"Chosen","floor":20,"turns":5},{"damage":40,"enemies":"Masked Bandits","floor":21,"turns":2}],"seed_played":"-8913041543389414727","potions_obtained":[{"floor":2,"key":"SneckoOil"},{"floor":6,"key":"DuplicationPotion"},{"floor":12,"key":"Block Potion"},{"floor":16,"key":"Fruit Juice"},{"floor":18,"key":"EssenceOfSteel"}],"is_trial":false,"path_per_floor":["M","M","?","?","M","E","R","E","T","M","R","M","R","$","R","B",null,"M","?","M","?"],"character_chosen":"IRONCLAD","items_purchased":["Rupture"],"campfire_rested":0,"item_purchase_floors":[14],"current_hp_per_floor":[69,73,73,73,75,47,47,47,47,44,44,46,46,46,46,28,67,53,53,36,0],"gold":220,"neow_bonus":"REMOVE_TWO","is_prod":false,"is_daily":false,"chose_seed":false,"campfire_upgraded":1,"win_rate":0,"timestamp":1660165908,"path_taken":["M","M","?","?","?","E","R","E","T","?","R","M","R","$","R","BOSS","M","?","M","?"],"build_version":"2022-03-07","purchased_purges":0,"victory":false,"max_hp_per_floor":[75,75,75,75,75,75,75,75,75,75,75,75,75,75,75,80,80,83,83,86,86],"card_choices":[{"not_picked":["Anger","Iron Wave"],"picked":"Shrug It Off","floor":1},{"not_picked":["Dual Wield","Havoc"],"picked":"Combust","floor":2},{"not_picked":["Dual Wield","Warcry"],"picked":"Rupture","floor":5},{"not_picked":["Warcry","Clash"],"picked":"Ghostly Armor","floor":6},{"not_picked":["Clothesline","Flex"],"picked":"Rupture","floor":8},{"not_picked":["Infernal Blade","Intimidate"],"picked":"Reaper","floor":10},{"not_picked":["Cleave","Seeing Red","Warcry"],"picked":"SKIP","floor":12},{"not_picked":["Limit Break","Offering"],"picked":"Feed","floor":16},{"not_picked":["Second Wind","Havoc","Rupture"],"picked":"SKIP","floor":18},{"not_picked":["Clothesline","Rampage","Burning Pact+1"],"picked":"SKIP","floor":20}],"player_experience":1889945,"relics_obtained":[{"floor":6,"key":"Unceasing Top"},{"floor":8,"key":"Shovel"},{"floor":9,"key":"Ice Cream"},{"floor":11,"key":"Regal Pillow"},{"floor":13,"key":"InkBottle"},{"floor":15,"key":"Vajra"}],"event_choices":[{"damage_healed":0,"gold_gain":0,"cards_transformed":["Strike_R"],"player_choice":"Change","damage_taken":0,"max_hp_gain":0,"max_hp_loss":0,"event_name":"Living Wall","floor":3,"gold_loss":0,"cards_obtained":["Heavy Blade"]},{"damage_healed":0,"gold_gain":0,"player_choice":"Upgraded","damage_taken":0,"max_hp_gain":0,"max_hp_loss":0,"event_name":"Upgrade Shrine","floor":4,"gold_loss":0,"cards_upgraded":["Combust"]},{"damage_healed":0,"gold_gain":50,"player_choice":"Stole From Cult","damage_taken":0,"max_hp_gain":0,"max_hp_loss":0,"event_name":"Nest","floor":19,"gold_loss":0},{"damage_healed":0,"gold_gain":0,"player_choice":"Fought Bandits","damage_taken":0,"max_hp_gain":0,"max_hp_loss":0,"event_name":"Masked Bandits","floor":21,"gold_loss":0}],"is_beta":false,"boss_relics":[{"not_picked":["SacredBark","Snecko Eye"],"picked":"Black Star"}],"items_purged_floors":[],"is_endless":false,"potions_floor_spawned":[2,6,12,16,18],"killed_by":"Masked Bandits","ascension_level":20}