{"gold_per_floor":[19,38,38,38,57,92,92,118,118,143,157,157,167,60,60,136,136,150,181,231,231,231,231,250,278,278,295,308,32,59,72,72,72],"floor_reached":33,"playtime":785,"items_purged":[],"score":675,"play_id":"c1de410c-b084-4b7e-b504-ba7195fa0f98","local_time":"20220830212419","is_ascension_mode":true,"campfire_choices":[{"data":"Apotheosis","floor":7,"key":"SMITH"},{"floor":12,"key":"REST"},{"floor":15,"key":"RECALL"},{"floor":32,"key":"REST"}],"neow_cost":"NO_GOLD","seed_source_timestamp":183748793966400,"circlet_count":0,"master_deck":["AscendersBane","Strike_R","Strike_R","Strike_R","Strike_R","Strike_R","Defend_R","Defend_R","Defend_R","Defend_R","Apotheosis+1","Perfected Strike","Perfected Strike","Perfected Strike","Pommel Strike","Perfected Strike","Flame Barrier","Madness","Double Tap","Pommel Strike","Havoc+1"],"relics":["Burning Blood","Blue Candle","Strawberry","Mummified Hand","Red Skull","Velvet Choker","Red Mask","Unceasing Top","Potion Belt","Sundial","ClockworkSouvenir","Boot"],"potions_floor_usage":[6,10,10,16,23,25,30,30],"damage_taken":[{"damage":4,"enemies":"Jaw Worm","floor":1,"turns":3},{"damage":1,"enemies":"Cultist","floor":2,"turns":3},{"damage":1,"enemies":"2 Louse","floor":5,"turns":2},{"damage":23,"enemies":"3 Sentries","floor":6,"turns":7},{"damage":11,"enemies":"Gremlin Nob","floor":8,"turns":3},{"damage":12,"enemies":"Lagavulin","floor":10,"turns":5},{"damage":5,"enemies":"Blue Slaver","floor":11,"turns":2},{"damage":0,"enemies":"Looter","floor":13,"turns":3},{"damage":12,"enemies":"Slime Boss","floor":16,"turns":6},{"damage":15,"enemies":"3 Byrds","floor":18,"turns":3},{"damage":41,"enemies":"Masked Bandits","floor":19,"turns":4},{"damage":33,"enemies":"Book of Stabbing","floor":23,"turns":4},{"damage":0,"enemies":"Spheric Guardian","floor":24,"turns":2},{"damage":11,"enemies":"Slavers","floor":25,"turns":4},{"damage":10,"enemies":"Cultist and Chosen","floor":27,"turns":4},{"damage":18,"enemies":"Snake Plant","floor":28,"turns":3},{"damage":11,"enemies":"Book of Stabbing","floor":30,"turns":3},{"damage":10,"enemies":"Centurion and Healer","floor":31,"turns":3},{"damage":54,"enemies":"Champ","floor":33,"turns":3}],"seed_played":"-6701088224035276829","potions_obtained":[{"floor":4,"key":"PowerPotion"},{"floor":4,"key":"DuplicationPotion"},{"floor":8,"key":"Energy Potion"},{"floor":10,"key":"AttackPotion"},{"floor":13,"key":"SmokeBomb"},{"floor":16,"key":"SteroidPotion"},{"floor":24,"key":"FairyPotion"},{"floor":30,"key":"Swift Potion"}],"is_trial":false,"path_per_floor":["M","M","$","?","M","E","R","E","T","E","M","R","M","$","R","B",null,"M","?","?","T","?","E","M","E","T","M","M","$","E","M","R","B"],"character_chosen":"IRONCLAD","items_purchased":["Madness","ClockworkSouvenir","SteroidPotion","FearPotion"],"campfire_rested":2,"item_purchase_floors":[14,29,29,29],"current_hp_per_floor":[70,75,75,75,75,58,58,60,60,54,55,79,82,82,82,76,81,72,37,37,37,37,10,16,11,11,7,22,22,17,13,37,0],"gold":72,"neow_bonus":"RANDOM_COLORLESS_2","is_prod":false,"is_daily":false,"chose_seed":false,"campfire_upgraded":1,"win_rate":0,"timestamp":1661887459,"path_taken":["M","M","$","?","M","E","R","E","T","E","M","R","M","?","R","BOSS","M","?","?","?","?","E","M","E","T","M","?","?","E","M","R","BOSS"],"build_version":"2022-03-07","purchased_purges":0,"victory":false,"max_hp_per_floor":[75,75,75,75,75,75,75,82,82,82,82,82,82,82,82,82,82,82,82,82,82,82,82,82,82,82,82,82,82,82,82,82,82],"card_choices":[{"not_picked":["Magnetism","Master of Strategy"],"picked":"Apotheosis","floor":0},{"not_picked":["Sword Boomerang","Havoc"],"picked":"Perfected Strike","floor":1},{"not_picked":["Heavy Blade","Intimidate"],"picked":"Perfected Strike","floor":2},{"not_picked":["Iron Wave","Flex"],"picked":"Perfected Strike","floor":5},{"not_picked":["Reaper","Bloodletting"],"picked":"Pommel Strike","floor":6},{"not_picked":["Cleave","Warcry","Rampage"],"picked":"SKIP","floor":8},{"not_picked":["Twin Strike","Clash"],"picked":"Perfected Strike","floor":10},{"not_picked":["Headbutt","Clash"],"picked":"Flame Barrier","floor":11},{"not_picked":["Spot Weakness","Dropkick","Clothesline"],"picked":"SKIP","floor":13},{"not_picked":["Feed","Limit Break"],"picked":"Double Tap","floor":16},{"not_picked":["Dropkick","Uppercut","Rupture"],"picked":"SKIP","floor":18},{"not_picked":["Armaments","Thunderclap","Sword Boomerang"],"picked":"SKIP","floor":24},{"not_picked":["Flame Barrier","Feel No Pain"],"picked":"Pommel Strike","floor":25},{"not_picked":["Cleave","Havoc","Dark Embrace"],"picked":"SKIP","floor":27},{"not_picked":["Metallicize","Dual Wield+1","Brutality"],"picked":"SKIP","floor":28},{"not_picked":["Spot Weakness","Sever Soul","Flame Barrier"],"picked":"SKIP","floor":30},{"not_picked":["Havoc+1","Entrench+1","Clash"],"picked":"SKIP","floor":31},{"not_picked":["Entrench+1","Clash"],"picked":"Havoc+1","floor":31}],"player_experience":1900132,"relics_obtained":[{"floor":6,"key":"Blue Candle"},{"floor":8,"key":"Strawberry"},{"floor":9,"key":"Mummified Hand"},{"floor":10,"key":"Red Skull"},{"floor":19,"key":"Red Mask"},{"floor":21,"key":"Unceasing Top"},{"floor":25,"key":"Potion Belt"},{"floor":26,"key":"Sundial"},{"floor":30,"key":"Boot"}],"event_choices":[{"damage_healed":0,"gold_gain":0,"player_choice":"Got Potions","damage_taken":0,"max_hp_gain":0,"max_hp_loss":0,"event_name":"Lab","floor":4,"gold_loss":0},{"damage_healed":0,"gold_gain":0,"player_choice":"Fought Bandits","damage_taken":0,"max_hp_gain":0,"max_hp_loss":0,"event_name":"Masked Bandits","floor":19,"gold_loss":0},{"damage_healed":0,"gold_gain":50,"player_choice":"Stole From Cult","damage_taken":0,"max_hp_gain":0,"max_hp_loss":0,"event_name":"Nest","floor":20,"gold_loss":0},{"cards_removed":["Bash"],"damage_healed":0,"gold_gain":0,"player_choice":"Purged","damage_taken":0,"max_hp_gain":0,"max_hp_loss":0,"event_name":"Purifier","floor":22,"gold_loss":0}],"is_beta":false,"boss_relics":[{"not_picked":["SacredBark","Busted Crown"],"picked":"Velvet Choker"}],"items_purged_floors":[],"is_endless":false,"potions_floor_spawned":[8,10,13,16,18,19,24,30],"killed_by":"Champ","ascension_level":20}