{"gold_per_floor":[109,384,395,415,415,415,14,14,14,14],"floor_reached":10,"playtime":123,"items_purged":["Pain"],"score":112,"play_id":"53d9aff6-4fa3-442f-bf6e-bd0d52ad09f2","local_time":"20220826214058","is_ascension_mode":true,"campfire_choices":[{"data":"Shrug It Off","floor":6,"key":"SMITH"},{"data":"Mayhem","floor":8,"key":"SMITH"}],"neow_cost":"NONE","seed_source_timestamp":394099628792300,"circlet_count":0,"master_deck":["AscendersBane","Strike_R","Strike_R","Strike_R","Strike_R","Strike_R","Defend_R","Defend_R","Defend_R","Defend_R","Bash","Battle Trance","Regret","Shrug It Off+1","Cleave","Bandage Up","Mayhem+1"],"relics":["Burning Blood","NeowsBlessing","WarpedTongs","Bottled Flame"],"potions_floor_usage":[],"damage_taken":[{"damage":0,"enemies":"Jaw Worm","floor":1,"turns":1},{"damage":0,"enemies":"Cultist","floor":3,"turns":1},{"damage":0,"enemies":"Small Slimes","floor":4,"turns":1},{"damage":81,"enemies":"Lagavulin Event","floor":10,"turns":6}],"seed_played":"-8695345654163698328","potions_obtained":[{"floor":1,"key":"EssenceOfSteel"}],"is_trial":false,"path_per_floor":["M","?","M","M","?","R","$","R","T","?"],"character_chosen":"IRONCLAD","items_purchased":["Cleave","Bandage Up","Mayhem"],"campfire_rested":0,"item_purchase_floors":[7,7,7],"current_hp_per_floor":[74,74,75,75,75,75,75,75,75,0],"gold":14,"neow_bonus":"THREE_ENEMY_KILL","is_prod":false,"is_daily":false,"chose_seed":false,"campfire_upgraded":2,"win_rate":0,"timestamp":1661542858,"path_taken":["M","?","?","M","?","R","?","R","T","?"],"build_version":"2022-03-07","purchased_purges":1,"victory":false,"max_hp_per_floor":[75,75,75,75,75,75,75,75,75,75],"card_choices":[{"not_picked":["Entrench","Flex"],"picked":"Battle Trance","floor":1},{"not_picked":["Infernal Blade","Clash"],"picked":"Shrug It Off","floor":3},{"not_picked":["Clothesline","Rage","Wild Strike"],"picked":"SKIP","floor":4}],"player_experience":1893762,"relics_obtained":[{"floor":9,"key":"Bottled Flame"}],"event_choices":[{"damage_healed":0,"gold_gain":275,"player_choice":"Desecrate","damage_taken":0,"max_hp_gain":0,"max_hp_loss":0,"event_name":"Golden Shrine","floor":2,"gold_loss":0,"cards_obtained":["Regret"]},{"damage_healed":0,"gold_gain":0,"player_choice":"Rummage","damage_taken":0,"relics_obtained":["WarpedTongs"],"max_hp_gain":0,"max_hp_loss":0,"event_name":"Accursed Blacksmith","floor":5,"gold_loss":0,"cards_obtained":["Pain"]},{"damage_healed":0,"gold_gain":0,"player_choice":"Searched \u00272\u0027 times","damage_taken":0,"max_hp_gain":0,"max_hp_loss":0,"event_name":"Dead Adventurer","floor":10,"gold_loss":0}],"is_beta":false,"boss_relics":[],"items_purged_floors":[7],"is_endless":false,"potions_floor_spawned":[1],"killed_by":"Lagavulin Event","ascension_level":20}