{"gold_per_floor":[117,129,129,129,17,17,45,59,108,119,119,149,174,185,185,185],"floor_reached":16,"playtime":337,"items_purged":[],"score":274,"play_id":"8a4613b3-3760-4547-95b9-c24373eed6d6","local_time":"20220826220205","is_ascension_mode":true,"campfire_choices":[{"data":"Bludgeon","floor":6,"key":"SMITH"},{"data":"Shrug It Off","floor":11,"key":"SMITH"},{"data":"Inflame","floor":15,"key":"SMITH"}],"neow_cost":"NONE","seed_source_timestamp":395152444700700,"circlet_count":0,"master_deck":["AscendersBane","Strike_R","Strike_R","Strike_R","Strike_R","Strike_R","Defend_R","Defend_R","Defend_R","Defend_R","Bash","Shrug It Off","Pommel Strike","Bludgeon+1","Shrug It Off+1","Inflame+1"],"relics":["Burning Blood","NeowsBlessing","Nunchaku","Calipers","CeramicFish","Gremlin Horn"],"potions_floor_usage":[5,10,16],"damage_taken":[{"damage":0,"enemies":"Jaw Worm","floor":1,"turns":1},{"damage":0,"enemies":"Cultist","floor":2,"turns":1},{"damage":0,"enemies":"3 Sentries","floor":7,"turns":2},{"damage":6,"enemies":"Small Slimes","floor":8,"turns":2},{"damage":9,"enemies":"Gremlin Gang","floor":10,"turns":4},{"damage":21,"enemies":"Lagavulin","floor":12,"turns":5},{"damage":9,"enemies":"Exordium Wildlife","floor":13,"turns":3},{"damage":11,"enemies":"Blue Slaver","floor":14,"turns":3},{"damage":57,"enemies":"Hexaghost","floor":16,"turns":9}],"seed_played":"-6105115033331810620","potions_obtained":[{"floor":7,"key":"Explosive Potion"},{"floor":8,"key":"BlessingOfTheForge"},{"floor":14,"key":"SmokeBomb"}],"is_trial":false,"path_per_floor":["M","M","?","?","$","R","E","M","T","M","R","E","M","M","R","B"],"character_chosen":"IRONCLAD","items_purchased":["Fruit Juice"],"campfire_rested":0,"item_purchase_floors":[5],"current_hp_per_floor":[74,75,70,70,75,75,80,80,80,77,77,62,59,54,54,0],"gold":185,"neow_bonus":"THREE_ENEMY_KILL","is_prod":false,"is_daily":false,"chose_seed":false,"campfire_upgraded":3,"win_rate":0,"timestamp":1661544125,"path_taken":["M","M","?","?","$","R","E","M","T","M","R","E","M","?","R","BOSS"],"build_version":"2022-03-07","purchased_purges":0,"victory":false,"max_hp_per_floor":[75,75,75,75,80,80,80,80,80,80,80,80,80,80,80,80],"card_choices":[{"not_picked":["Twin Strike","Iron Wave"],"picked":"Shrug It Off","floor":1},{"not_picked":["Twin Strike","Body Slam"],"picked":"Pommel Strike","floor":2},{"not_picked":["Flex","Carnage"],"picked":"Shrug It Off","floor":7},{"not_picked":["Clash","Armaments","Sentinel"],"picked":"SKIP","floor":8},{"not_picked":["Metallicize","Headbutt","Sword Boomerang"],"picked":"SKIP","floor":10},{"not_picked":["Shrug It Off","Fire Breathing","Flex"],"picked":"SKIP","floor":12},{"not_picked":["Armaments","Barricade"],"picked":"Inflame","floor":13},{"not_picked":["Searing Blow","Thunderclap","Flex"],"picked":"SKIP","floor":14}],"player_experience":1894772,"relics_obtained":[{"floor":7,"key":"Calipers"},{"floor":9,"key":"CeramicFish"},{"floor":12,"key":"Gremlin Horn"}],"event_choices":[{"damage_healed":0,"gold_gain":0,"player_choice":"Success","damage_taken":5,"relics_obtained":["Nunchaku"],"max_hp_gain":0,"max_hp_loss":0,"event_name":"Scrap Ooze","floor":3,"gold_loss":0},{"damage_healed":0,"gold_gain":0,"player_choice":"1 cards matched","damage_taken":0,"max_hp_gain":0,"max_hp_loss":0,"event_name":"Match and Keep!","floor":4,"gold_loss":0,"cards_obtained":["Bludgeon"]}],"is_beta":false,"boss_relics":[],"items_purged_floors":[],"is_endless":false,"potions_floor_spawned":[7,8,14],"killed_by":"Hexaghost","ascension_level":20}