{"gold_per_floor":[18,18,18,18,33,69,69,112,147,159,171,183,214,251,263,275],"floor_reached":16,"playtime":552,"items_purged":[],"score":212,"play_id":"7a185682-351b-427a-8a5e-0fe90b26ee56","local_time":"20220826212525","is_ascension_mode":true,"campfire_choices":[{"data":"Whirlwind","floor":7,"key":"SMITH"},{"data":"Inflame","floor":10,"key":"SMITH"},{"data":"Flame Barrier","floor":12,"key":"SMITH"},{"data":"Metallicize","floor":15,"key":"SMITH"}],"neow_cost":"NO_GOLD","seed_source_timestamp":392736910377200,"circlet_count":0,"master_deck":["AscendersBane","Strike_R","Strike_R","Strike_R","Defend_R","Defend_R","Defend_R","Defend_R","Bash","Inflame+1","Flame Barrier+1","Clothesline","Injury","Pommel Strike","Whirlwind+1","Metallicize+1"],"relics":["Burning Blood","Golden Idol","Smiling Mask","MawBank","Bronze Scales","Odd Mushroom"],"potions_floor_usage":[8,8,16],"damage_taken":[{"damage":12,"enemies":"Cultist","floor":1,"turns":5},{"damage":4,"enemies":"Jaw Worm","floor":5,"turns":5},{"damage":25,"enemies":"Lagavulin","floor":6,"turns":7},{"damage":24,"enemies":"Gremlin Nob","floor":8,"turns":4},{"damage":7,"enemies":"Small Slimes","floor":13,"turns":4},{"damage":16,"enemies":"The Mushroom Lair","floor":14,"turns":3},{"damage":18,"enemies":"Hexaghost","floor":16,"turns":9}],"seed_played":"7944973706094349743","potions_obtained":[{"floor":5,"key":"PowerPotion"},{"floor":6,"key":"ColorlessPotion"},{"floor":14,"key":"LiquidBronze"}],"is_trial":false,"path_per_floor":["M","?","?","?","M","E","R","E","T","R","$","R","M","?","R","B"],"character_chosen":"IRONCLAD","items_purchased":[],"campfire_rested":0,"item_purchase_floors":[],"current_hp_per_floor":[62,62,62,62,64,45,45,27,27,27,27,27,26,16,16,0],"gold":275,"neow_bonus":"TRANSFORM_TWO_CARDS","is_prod":false,"is_daily":false,"chose_seed":false,"campfire_upgraded":4,"win_rate":0,"timestamp":1661541925,"path_taken":["M","?","?","?","M","E","R","E","T","R","?","R","M","?","R","BOSS"],"build_version":"2022-03-07","purchased_purges":0,"victory":false,"max_hp_per_floor":[75,75,75,75,75,75,75,75,75,75,75,75,75,75,75,75],"card_choices":[{"not_picked":["Rupture","Dark Embrace"],"picked":"Clothesline","floor":1},{"not_picked":["Thunderclap","Dual Wield"],"picked":"Pommel Strike","floor":5},{"not_picked":["Cleave","Havoc"],"picked":"Whirlwind","floor":6},{"not_picked":["True Grit","Intimidate","Warcry"],"picked":"SKIP","floor":8},{"not_picked":["Heavy Blade","Perfected Strike"],"picked":"Metallicize","floor":13}],"player_experience":1892923,"relics_obtained":[{"floor":6,"key":"Smiling Mask"},{"floor":8,"key":"MawBank"},{"floor":9,"key":"Bronze Scales"},{"floor":14,"key":"Odd Mushroom"}],"event_choices":[{"damage_healed":0,"gold_gain":0,"player_choice":"Take Wound","damage_taken":0,"relics_obtained":["Golden Idol"],"max_hp_gain":0,"max_hp_loss":0,"event_name":"Golden Idol","floor":2,"gold_loss":0,"cards_obtained":["Injury"]},{"damage_healed":0,"gold_gain":0,"player_choice":"Ignored","damage_taken":0,"max_hp_gain":0,"max_hp_loss":0,"event_name":"Liars Game","floor":3,"gold_loss":0},{"damage_healed":0,"gold_gain":0,"player_choice":"Ignored","damage_taken":0,"max_hp_gain":0,"max_hp_loss":0,"event_name":"Shining Light","floor":4,"gold_loss":0},{"damage_healed":0,"gold_gain":0,"player_choice":"Fought Mushrooms","damage_taken":0,"max_hp_gain":0,"max_hp_loss":0,"event_name":"Mushrooms","floor":14,"gold_loss":0}],"is_beta":false,"boss_relics":[],"items_purged_floors":[],"is_endless":false,"potions_floor_spawned":[5,6,14],"killed_by":"Hexaghost","ascension_level":20}