{"gold_per_floor":[109,9,9,9,27,61,61,61,61,75,102,102,27,38,38,38],"floor_reached":16,"playtime":278,"items_purged":[],"score":266,"play_id":"8d82ea42-d74d-4a1b-95f1-2f39ab571b3c","local_time":"20220830211105","is_ascension_mode":true,"campfire_choices":[{"data":"Discovery","floor":7,"key":"SMITH"},{"data":"Bash","floor":12,"key":"SMITH"},{"data":"Shrug It Off","floor":15,"key":"SMITH"}],"neow_cost":"NONE","seed_source_timestamp":183462286794900,"circlet_count":0,"master_deck":["AscendersBane","Strike_R","Strike_R","Strike_R","Defend_R","Defend_R","Defend_R","Defend_R","Bash+1","Discovery+1","Twin Strike","Shrug It Off+1","Thunderclap"],"relics":["Burning Blood","NeowsBlessing","Gremlin Horn","Paper Frog","Frozen Egg 2","The Courier"],"potions_floor_usage":[16,16],"damage_taken":[{"damage":0,"enemies":"Small Slimes","floor":1,"turns":1},{"damage":0,"enemies":"2 Louse","floor":5,"turns":1},{"damage":0,"enemies":"3 Sentries","floor":6,"turns":2},{"damage":12,"enemies":"Jaw Worm","floor":10,"turns":2},{"damage":31,"enemies":"Gremlin Nob","floor":11,"turns":4},{"damage":5,"enemies":"Exordium Thugs","floor":14,"turns":3},{"damage":46,"enemies":"Hexaghost","floor":16,"turns":9}],"seed_played":"-2182932477706768628","potions_obtained":[{"floor":1,"key":"LiquidBronze"},{"floor":5,"key":"SpeedPotion"}],"is_trial":false,"path_per_floor":["M","$","?","?","M","E","R","T","T","M","E","R","?","M","R","B"],"character_chosen":"IRONCLAD","items_purchased":["Discovery"],"campfire_rested":0,"item_purchase_floors":[2],"current_hp_per_floor":[74,74,67,67,73,75,75,75,75,69,44,44,44,45,45,0],"gold":38,"neow_bonus":"THREE_ENEMY_KILL","is_prod":false,"is_daily":false,"chose_seed":false,"campfire_upgraded":3,"win_rate":0,"timestamp":1661886665,"path_taken":["M","$","?","?","?","E","R","?","T","M","E","R","?","M","R","BOSS"],"build_version":"2022-03-07","purchased_purges":0,"victory":false,"max_hp_per_floor":[75,75,75,75,75,75,75,75,75,75,75,75,75,75,75,75],"card_choices":[{"not_picked":["Carnage","Havoc"],"picked":"Perfected Strike","floor":1},{"not_picked":["Heavy Blade","Clothesline"],"picked":"Twin Strike","floor":5},{"not_picked":["Clash","Bloodletting","Heavy Blade"],"picked":"SKIP","floor":6},{"not_picked":["Warcry","Ghostly Armor"],"picked":"Shrug It Off","floor":10},{"not_picked":["Clothesline","Corruption+1"],"picked":"Thunderclap","floor":11},{"not_picked":["Clash","Whirlwind","Pummel"],"picked":"SKIP","floor":14}],"player_experience":1899854,"relics_obtained":[{"floor":6,"key":"Gremlin Horn"},{"floor":8,"key":"Paper Frog"},{"floor":9,"key":"Frozen Egg 2"},{"floor":11,"key":"The Courier"}],"event_choices":[{"cards_removed":["Strike_R"],"damage_healed":0,"gold_gain":0,"player_choice":"Card Removal","damage_taken":7,"max_hp_gain":0,"max_hp_loss":0,"event_name":"Golden Wing","floor":3,"gold_loss":0},{"cards_removed":["Strike_R"],"damage_healed":0,"gold_gain":0,"player_choice":"Forget","damage_taken":0,"max_hp_gain":0,"max_hp_loss":0,"event_name":"Living Wall","floor":4,"gold_loss":0},{"cards_removed":["Perfected Strike"],"damage_healed":0,"gold_gain":0,"player_choice":"Card Removal","damage_taken":0,"max_hp_gain":0,"max_hp_loss":0,"event_name":"The Cleric","floor":13,"gold_loss":75}],"is_beta":false,"boss_relics":[],"items_purged_floors":[],"is_endless":false,"potions_floor_spawned":[1,5,11],"killed_by":"Hexaghost","ascension_level":20}