{"gold_per_floor":[114,114,114,125,125,153,153,185,210,53,68,18,18,93,93,164,164,181,181,192,211,211],"floor_reached":22,"playtime":714,"items_purged":["Strike_R","Defend_R"],"score":433,"play_id":"beb42de7-942b-4364-93c5-83f9750c1b8a","local_time":"20220829220700","is_ascension_mode":true,"campfire_choices":[{"data":"Combust","floor":7,"key":"SMITH"},{"data":"Bandage Up","floor":13,"key":"SMITH"},{"data":"Metallicize","floor":15,"key":"SMITH"}],"neow_cost":"NONE","seed_source_timestamp":99977440530800,"circlet_count":0,"master_deck":["AscendersBane","Strike_R","Strike_R","Strike_R","Strike_R","Defend_R","Defend_R","Defend_R","Bash","Shrug It Off","Combust+1","Metallicize+1","Bandage Up+1","Offering","Bandage Up+1","Rampage","Shrug It Off"],"relics":["Burning Blood","NeowsBlessing","Bronze Scales","Spirit Poop","Oddly Smooth Stone","Bag of Marbles","Smiling Mask","Runic Cube"],"potions_floor_usage":[16],"damage_taken":[{"damage":0,"enemies":"Cultist","floor":1,"turns":1},{"damage":1,"enemies":"2 Louse","floor":4,"turns":1},{"damage":0,"enemies":"Gremlin Nob","floor":6,"turns":1},{"damage":39,"enemies":"Lagavulin","floor":8,"turns":7},{"damage":6,"enemies":"Small Slimes","floor":11,"turns":4},{"damage":53,"enemies":"The Guardian","floor":16,"turns":12},{"damage":4,"enemies":"3 Byrds","floor":18,"turns":2},{"damage":28,"enemies":"Spheric Guardian","floor":20,"turns":6},{"damage":41,"enemies":"3 Cultists","floor":21,"turns":6},{"damage":51,"enemies":"Centurion and Healer","floor":22,"turns":7}],"seed_played":"3253719537630026878","potions_obtained":[{"floor":4,"key":"Fire Potion"},{"floor":5,"key":"FairyPotion"},{"floor":11,"key":"CultistPotion"},{"floor":20,"key":"ElixirPotion"}],"is_trial":false,"path_per_floor":["M","?","?","M","?","E","R","E","T","$","M","$","R","?","R","B",null,"M","?","M","M","M"],"character_chosen":"IRONCLAD","items_purchased":["Bandage Up"],"campfire_rested":0,"item_purchase_floors":[10],"current_hp_per_floor":[74,74,74,75,75,75,75,42,42,42,46,46,46,35,35,16,60,68,68,58,35,0],"gold":211,"neow_bonus":"THREE_ENEMY_KILL","is_prod":false,"is_daily":false,"chose_seed":false,"campfire_upgraded":3,"win_rate":0,"timestamp":1661803620,"path_taken":["M","?","?","?","?","E","R","E","T","$","?","$","R","?","R","BOSS","M","?","?","M","M"],"build_version":"2022-03-07","purchased_purges":2,"victory":false,"max_hp_per_floor":[75,75,75,75,75,75,75,75,75,75,75,75,75,75,75,75,75,75,75,75,75,75],"card_choices":[{"not_picked":["Uppercut","Carnage"],"picked":"Shrug It Off","floor":1},{"not_picked":["Battle Trance","Rage"],"picked":"Combust","floor":4},{"not_picked":["Cleave","Sword Boomerang"],"picked":"Metallicize","floor":6},{"not_picked":["Wild Strike","Burning Pact","Double Tap"],"picked":"SKIP","floor":8},{"not_picked":["Thunderclap","Havoc","Anger"],"picked":"SKIP","floor":11},{"not_picked":["Brutality","Impervious"],"picked":"Offering","floor":16},{"not_picked":["Sword Boomerang","Flex","Burning Pact+1"],"picked":"SKIP","floor":18},{"not_picked":["Flex","Wild Strike"],"picked":"Rampage","floor":20},{"not_picked":["Rage","Clash+1"],"picked":"Shrug It Off","floor":21}],"player_experience":1897848,"relics_obtained":[{"floor":6,"key":"Oddly Smooth Stone"},{"floor":8,"key":"Bag of Marbles"},{"floor":9,"key":"Smiling Mask"}],"event_choices":[{"damage_healed":0,"gold_gain":0,"player_choice":"Box","damage_taken":0,"relics_obtained":["Bronze Scales"],"max_hp_gain":0,"max_hp_loss":0,"event_name":"Big Fish","floor":2,"gold_loss":0,"cards_obtained":["Regret"]},{"cards_removed":["Regret"],"damage_healed":0,"gold_gain":0,"player_choice":"Offered Curse","damage_taken":0,"relics_obtained":["Spirit Poop"],"max_hp_gain":0,"max_hp_loss":0,"event_name":"Bonfire Elementals","floor":3,"gold_loss":0},{"damage_healed":0,"gold_gain":0,"player_choice":"Got Potions","damage_taken":0,"max_hp_gain":0,"max_hp_loss":0,"event_name":"Lab","floor":5,"gold_loss":0},{"damage_healed":0,"gold_gain":75,"player_choice":"Gather Gold","damage_taken":11,"max_hp_gain":0,"max_hp_loss":0,"event_name":"World of Goop","floor":14,"gold_loss":0},{"damage_healed":0,"gold_gain":0,"player_choice":"Copied","damage_taken":0,"max_hp_gain":0,"max_hp_loss":0,"event_name":"Duplicator","floor":19,"gold_loss":0,"cards_obtained":["Bandage Up"]}],"is_beta":false,"boss_relics":[{"not_picked":["Runic Pyramid","Calling Bell"],"picked":"Runic Cube"}],"items_purged_floors":[10,12],"is_endless":false,"potions_floor_spawned":[4,6,8,11,20],"killed_by":"Centurion and Healer","ascension_level":20}