{"gold_per_floor":[118,118,133,147,147,172,172,198,198,35,0,30,48,65,65,142,142,153,153,203,219,232,232,257,257,257,257,257,147,174,185,185,262,262,278,278,296,316,335,367,367,367],"floor_reached":42,"playtime":1695,"items_purged":[],"score":977,"play_id":"0771656d-d0cb-41b7-9449-ede10f3de51c","local_time":"20220830215634","is_ascension_mode":true,"campfire_choices":[{"floor":7,"key":"REST"},{"data":"Feed","floor":15,"key":"SMITH"},{"data":"Demon Form","floor":23,"key":"SMITH"},{"floor":25,"key":"REST"},{"data":"Disarm","floor":28,"key":"SMITH"},{"floor":32,"key":"REST"},{"floor":41,"key":"REST"}],"neow_cost":"NONE","seed_source_timestamp":184772475160600,"circlet_count":0,"master_deck":["AscendersBane","Bash","Disarm","Shrug It Off","Shrug It Off","Ghostly Armor","Feed+1","Dark Embrace","Feel No Pain","Fire Breathing+1","Demon Form+1","Intimidate","Twin Strike","Warcry","Seeing Red","Berserk","Disarm+1","Blood for Blood","J.A.X.+1","Body Slam","Corruption","Wild Strike+1","Wild Strike"],"relics":["Burning Blood","NeowsBlessing","Anchor","Charon\u0027s Ashes","Bird Faced Urn","Odd Mushroom","Incense Burner","TungstenRod","Pandora\u0027s Box","Art of War","Sundial","Eternal Feather","Black Star","Orichalcum","Bottled Flame"],"potions_floor_usage":[16,21,24,33,35,38,42],"damage_taken":[{"damage":0,"enemies":"Jaw Worm","floor":1,"turns":1},{"damage":0,"enemies":"Cultist","floor":3,"turns":1},{"damage":0,"enemies":"Small Slimes","floor":4,"turns":1},{"damage":58,"enemies":"Gremlin Nob","floor":6,"turns":5},{"damage":28,"enemies":"The Mushroom Lair","floor":8,"turns":6},{"damage":19,"enemies":"3 Sentries","floor":12,"turns":6},{"damage":7,"enemies":"Blue Slaver","floor":13,"turns":7},{"damage":1,"enemies":"Large Slime","floor":14,"turns":7},{"damage":32,"enemies":"Slime Boss","floor":16,"turns":9},{"damage":2,"enemies":"Chosen","floor":18,"turns":6},{"damage":2,"enemies":"3 Byrds","floor":21,"turns":5},{"damage":25,"enemies":"Shelled Parasite and Fungi","floor":22,"turns":8},{"damage":60,"enemies":"Gremlin Leader","floor":24,"turns":7},{"damage":34,"enemies":"Slavers","floor":30,"turns":5},{"damage":23,"enemies":"Centurion and Healer","floor":31,"turns":6},{"damage":37,"enemies":"Collector","floor":33,"turns":7},{"damage":8,"enemies":"3 Shapes","floor":35,"turns":4},{"damage":28,"enemies":"3 Darklings","floor":37,"turns":5},{"damage":36,"enemies":"Spire Growth","floor":38,"turns":6},{"damage":2,"enemies":"Jaw Worm Horde","floor":39,"turns":4},{"damage":74,"enemies":"Nemesis","floor":40,"turns":7},{"damage":86,"enemies":"Transient","floor":42,"turns":6}],"seed_played":"2864594702390958963","potions_obtained":[{"floor":1,"key":"Dexterity Potion"},{"floor":6,"key":"DuplicationPotion"},{"floor":8,"key":"ElixirPotion"},{"floor":16,"key":"Fruit Juice"},{"floor":18,"key":"Swift Potion"},{"floor":30,"key":"Regen Potion"},{"floor":31,"key":"FearPotion"},{"floor":33,"key":"Fire Potion"},{"floor":39,"key":"Explosive Potion"},{"floor":40,"key":"SteroidPotion"}],"is_trial":false,"path_per_floor":["M","?","M","M","T","E","R","?","T","$","?","E","M","M","R","B",null,"M","?","?","M","M","R","E","R","T","?","R","?","E","M","R","B",null,"M","?","M","M","M","E","R","M"],"character_chosen":"IRONCLAD","items_purchased":["Feed","Dark Embrace"],"campfire_rested":4,"item_purchase_floors":[10,10],"current_hp_per_floor":[74,74,75,75,75,23,45,23,23,23,41,30,36,46,46,31,72,88,88,88,94,85,85,39,68,68,68,68,68,44,41,83,77,96,100,100,84,64,80,22,65,0],"gold":367,"neow_bonus":"THREE_ENEMY_KILL","is_prod":false,"is_daily":false,"chose_seed":false,"campfire_upgraded":3,"win_rate":0,"timestamp":1661889394,"path_taken":["M","?","?","?","?","E","R","?","T","?","?","E","M","M","R","BOSS","M","?","?","M","M","R","E","R","T","?","R","?","E","M","R","BOSS","M","?","?","?","M","E","R","M"],"build_version":"2022-03-07","purchased_purges":0,"victory":false,"max_hp_per_floor":[75,75,75,75,75,75,75,75,75,75,75,75,78,81,81,86,86,90,90,90,94,98,98,98,98,98,98,98,98,98,102,102,102,102,102,102,102,102,106,106,106,106],"card_choices":[{"not_picked":["Shrug It Off","Perfected Strike"],"picked":"Disarm","floor":1},{"not_picked":["Clothesline","Havoc"],"picked":"Shrug It Off","floor":3},{"not_picked":["Battle Trance","Armaments"],"picked":"Shrug It Off","floor":4},{"not_picked":["Battle Trance","Clothesline","Wild Strike"],"picked":"SKIP","floor":6},{"not_picked":["Dual Wield","Wild Strike"],"picked":"Ghostly Armor","floor":8},{"not_picked":["Ghostly Armor","Headbutt"],"picked":"Feel No Pain","floor":12},{"not_picked":["True Grit","Clothesline"],"picked":"Fire Breathing","floor":13},{"not_picked":["Flex","Body Slam","Thunderclap"],"picked":"SKIP","floor":14},{"not_picked":["Berserk","Impervious"],"picked":"Demon Form","floor":16},{"not_picked":["Heavy Blade","Ghostly Armor","Anger"],"picked":"SKIP","floor":18},{"not_picked":["Flex","True Grit","Armaments"],"picked":"SKIP","floor":21},{"not_picked":["Cleave","Dark Embrace","Body Slam"],"picked":"SKIP","floor":22},{"not_picked":["Pommel Strike","Fire Breathing","Clash+1"],"picked":"SKIP","floor":24},{"not_picked":["Dual Wield","True Grit"],"picked":"Body Slam","floor":30},{"not_picked":["Clothesline","Flex","Wild Strike"],"picked":"SKIP","floor":31},{"not_picked":["Offering","Feed"],"picked":"Corruption","floor":33},{"not_picked":["Bloodletting","True Grit+1"],"picked":"Wild Strike+1","floor":35},{"not_picked":["Armaments","Combust+1","Twin Strike"],"picked":"SKIP","floor":37},{"not_picked":["Pummel","Blood for Blood","Dropkick+1"],"picked":"SKIP","floor":38},{"not_picked":["Shockwave","Second Wind"],"picked":"Wild Strike","floor":39},{"not_picked":["Perfected Strike","Dropkick","Entrench"],"picked":"SKIP","floor":40}],"player_experience":1901132,"relics_obtained":[{"floor":5,"key":"Charon\u0027s Ashes"},{"floor":6,"key":"Bird Faced Urn"},{"floor":8,"key":"Odd Mushroom"},{"floor":9,"key":"Incense Burner"},{"floor":12,"key":"TungstenRod"},{"floor":24,"key":"Art of War"},{"floor":26,"key":"Sundial"},{"floor":30,"key":"Eternal Feather"},{"floor":40,"key":"Orichalcum"},{"floor":40,"key":"Bottled Flame"}],"event_choices":[{"damage_healed":0,"gold_gain":0,"player_choice":"Gave Potion","damage_taken":0,"relics_obtained":["Anchor"],"max_hp_gain":0,"max_hp_loss":0,"event_name":"WeMeetAgain","floor":2,"gold_loss":0},{"damage_healed":0,"gold_gain":0,"player_choice":"Fought Mushrooms","damage_taken":0,"max_hp_gain":0,"max_hp_loss":0,"event_name":"Mushrooms","floor":8,"gold_loss":0},{"damage_healed":18,"gold_gain":0,"player_choice":"Healed","damage_taken":0,"max_hp_gain":0,"max_hp_loss":0,"event_name":"The Cleric","floor":11,"gold_loss":35},{"damage_healed":0,"gold_gain":0,"player_choice":"Obtain J.A.X.","damage_taken":0,"max_hp_gain":0,"max_hp_loss":0,"event_name":"Drug Dealer","floor":19,"gold_loss":0,"cards_obtained":["J.A.X."]},{"damage_healed":0,"gold_gain":50,"player_choice":"Stole From Cult","damage_taken":0,"max_hp_gain":0,"max_hp_loss":0,"event_name":"Nest","floor":20,"gold_loss":0},{"cards_removed":["Armaments"],"damage_healed":0,"gold_gain":0,"player_choice":"Elegance","damage_taken":0,"max_hp_gain":0,"max_hp_loss":0,"event_name":"Back to Basics","floor":27,"gold_loss":0},{"cards_removed":["Blood for Blood"],"damage_healed":0,"gold_gain":0,"player_choice":"Upgrade and Remove","damage_taken":0,"max_hp_gain":0,"max_hp_loss":0,"event_name":"Designer","floor":29,"gold_loss":110,"cards_upgraded":["Fire Breathing"]},{"damage_healed":0,"gold_gain":0,"player_choice":"Upgraded","damage_taken":0,"max_hp_gain":0,"max_hp_loss":0,"event_name":"Upgrade Shrine","floor":36,"gold_loss":0,"cards_upgraded":["J.A.X."]}],"is_beta":false,"boss_relics":[{"not_picked":["Runic Cube","Runic Pyramid"],"picked":"Pandora\u0027s Box"},{"not_picked":["Tiny House","Astrolabe"],"picked":"Black Star"}],"items_purged_floors":[],"is_endless":false,"potions_floor_spawned":[1,6,8,13,16,18,30,31,33,39,40],"killed_by":"Transient","ascension_level":20}