{"gold_per_floor":[20,31,31,31,31,48,73,73,73,38,50,80,80,92,92,163,163,181,156,156,168,168,168],"floor_reached":23,"playtime":566,"items_purged":[],"score":402,"play_id":"bb4c8324-6512-4e35-b721-e91d76f26bbd","local_time":"20220911164221","is_ascension_mode":true,"campfire_choices":[{"data":"Bash","floor":8,"key":"SMITH"},{"floor":15,"key":"REST"}],"neow_cost":"NO_GOLD","seed_source_timestamp":544914852893400,"circlet_count":0,"master_deck":["AscendersBane","Strike_R","Strike_R+1","Strike_R","Strike_R","Strike_R","Defend_R+1","Defend_R+1","Defend_R","Defend_R","Bash+1","Immolate+1","Intimidate+1","Evolve","Feed+1","Feel No Pain","Flame Barrier","Double Tap"],"relics":["Burning Blood","Meat on the Bone","Kunai","War Paint","Pear","Runic Cube"],"potions_floor_usage":[16,18,21,23],"damage_taken":[{"damage":0,"enemies":"Cultist","floor":1,"turns":3},{"damage":0,"enemies":"Small Slimes","floor":2,"turns":2},{"damage":7,"enemies":"Jaw Worm","floor":6,"turns":3},{"damage":36,"enemies":"Lagavulin","floor":7,"turns":6},{"damage":10,"enemies":"3 Louse","floor":11,"turns":2},{"damage":29,"enemies":"Gremlin Nob","floor":12,"turns":4},{"damage":0,"enemies":"Exordium Wildlife","floor":14,"turns":2},{"damage":23,"enemies":"Slime Boss","floor":16,"turns":4},{"damage":33,"enemies":"Shell Parasite","floor":18,"turns":5},{"damage":16,"enemies":"2 Thieves","floor":19,"turns":4},{"damage":39,"enemies":"Shelled Parasite and Fungi","floor":21,"turns":4},{"damage":35,"enemies":"Slavers","floor":23,"turns":3}],"seed_played":"-7963282691253561977","potions_obtained":[{"floor":2,"key":"DuplicationPotion"},{"floor":7,"key":"EssenceOfSteel"},{"floor":16,"key":"SkillPotion"},{"floor":18,"key":"Energy Potion"}],"is_trial":false,"path_per_floor":["M","M","?","?","$","M","E","R","T","?","M","E","?","M","R","B",null,"M","M","?","M","?","E"],"character_chosen":"IRONCLAD","items_purchased":[],"campfire_rested":1,"item_purchase_floors":[],"current_hp_per_floor":[74,75,75,52,52,51,21,21,21,39,47,36,11,29,54,49,76,49,51,51,30,30,0],"gold":168,"neow_bonus":"THREE_RARE_CARDS","is_prod":false,"is_daily":false,"chose_seed":false,"campfire_upgraded":1,"win_rate":0,"timestamp":1662907341,"path_taken":["M","?","?","?","?","M","E","R","T","?","?","E","?","M","R","BOSS","M","M","?","?","?","E"],"build_version":"2022-03-07","purchased_purges":0,"victory":false,"max_hp_per_floor":[75,75,75,75,75,75,75,75,75,75,75,75,85,85,85,85,85,85,85,85,85,85,85],"card_choices":[{"not_picked":["Bludgeon","Double Tap"],"picked":"Immolate","floor":0},{"not_picked":["Wild Strike","Armaments","Blood for Blood"],"picked":"SKIP","floor":1},{"not_picked":["Iron Wave","Reckless Charge"],"picked":"Intimidate","floor":2},{"not_picked":["Searing Blow","Iron Wave","Body Slam"],"picked":"SKIP","floor":6},{"not_picked":["Sever Soul","Carnage","Flex"],"picked":"SKIP","floor":7},{"not_picked":["Burning Pact","Headbutt"],"picked":"Evolve","floor":11},{"not_picked":["True Grit","Immolate","Iron Wave"],"picked":"SKIP","floor":12},{"not_picked":["Dual Wield","Wild Strike","Flex"],"picked":"SKIP","floor":14},{"not_picked":["Limit Break","Bludgeon"],"picked":"Feed","floor":16},{"not_picked":["Sentinel","Cleave","Thunderclap"],"picked":"SKIP","floor":18},{"not_picked":["Ghostly Armor","True Grit"],"picked":"Feel No Pain","floor":19},{"not_picked":["Rampage","Combust"],"picked":"Flame Barrier","floor":21}],"player_experience":1911486,"relics_obtained":[{"floor":7,"key":"Meat on the Bone"},{"floor":9,"key":"Kunai"},{"floor":12,"key":"War Paint"}],"event_choices":[{"damage_healed":0,"gold_gain":0,"player_choice":"Grow","damage_taken":0,"max_hp_gain":0,"max_hp_loss":0,"event_name":"Living Wall","floor":3,"gold_loss":0,"cards_upgraded":["Immolate"]},{"damage_healed":0,"gold_gain":0,"player_choice":"Entered Light","damage_taken":23,"max_hp_gain":0,"max_hp_loss":0,"event_name":"Shining Light","floor":4,"gold_loss":0,"cards_upgraded":["Defend_R","Strike_R"]},{"damage_healed":18,"gold_gain":0,"player_choice":"Healed","damage_taken":0,"max_hp_gain":0,"max_hp_loss":0,"event_name":"The Cleric","floor":10,"gold_loss":35},{"damage_healed":0,"gold_gain":0,"player_choice":"Success","damage_taken":35,"relics_obtained":["Pear"],"max_hp_gain":0,"max_hp_loss":0,"event_name":"Scrap Ooze","floor":13,"gold_loss":0},{"damage_healed":0,"gold_gain":0,"player_choice":"Upgraded","damage_taken":0,"max_hp_gain":0,"max_hp_loss":0,"event_name":"Upgrade Shrine","floor":20,"gold_loss":0,"cards_upgraded":["Feed"]},{"damage_healed":0,"gold_gain":0,"player_choice":"1 cards matched","damage_taken":0,"max_hp_gain":0,"max_hp_loss":0,"event_name":"Match and Keep!","floor":22,"gold_loss":0,"cards_obtained":["Double Tap"]}],"is_beta":false,"boss_relics":[{"not_picked":["Cursed Key","Ectoplasm"],"picked":"Runic Cube"}],"items_purged_floors":[],"is_endless":false,"potions_floor_spawned":[2,7,11,12,16,18],"killed_by":"Slavers","ascension_level":20}