{"gold_per_floor":[110,129,429,354,11,11,11,39,39,73,92,112,138,213,213,288,288,304,304,322,336,261,261],"floor_reached":23,"playtime":526,"items_purged":[],"score":468,"play_id":"24df5380-c8f7-4640-ba54-4d71992921de","local_time":"20220908225342","is_ascension_mode":true,"campfire_choices":[{"data":"Inflame","floor":6,"key":"SMITH"},{"data":"Limit Break","floor":15,"key":"SMITH"}],"neow_cost":"NONE","seed_source_timestamp":308034653465200,"circlet_count":0,"master_deck":["AscendersBane","Strike_R","Defend_R","Defend_R","Defend_R","Defend_R","Bash","Heavy Blade+1","Inflame+1","Limit Break+1","Twin Strike","Sword Boomerang","Berserk+1","Pommel Strike+1","Whirlwind+1","Havoc+1","Shrug It Off","Evolve+1"],"relics":["Burning Blood","NeowsBlessing","Old Coin","Vajra","MealTicket","Akabeko","Frozen Egg 2","Ornamental Fan","Oddly Smooth Stone","Astrolabe"],"potions_floor_usage":[10,12,16,21],"damage_taken":[{"damage":0,"enemies":"2 Louse","floor":1,"turns":1},{"damage":0,"enemies":"Small Slimes","floor":2,"turns":1},{"damage":0,"enemies":"Gremlin Nob","floor":8,"turns":1},{"damage":20,"enemies":"Lagavulin","floor":10,"turns":5},{"damage":7,"enemies":"Jaw Worm","floor":11,"turns":2},{"damage":0,"enemies":"Blue Slaver","floor":12,"turns":3},{"damage":11,"enemies":"Gremlin Nob","floor":13,"turns":3},{"damage":34,"enemies":"Hexaghost","floor":16,"turns":7},{"damage":21,"enemies":"Shell Parasite","floor":18,"turns":2},{"damage":0,"enemies":"Chosen","floor":20,"turns":3},{"damage":20,"enemies":"Centurion and Healer","floor":21,"turns":5},{"damage":43,"enemies":"Book of Stabbing","floor":23,"turns":4}],"seed_played":"-3866734089506713921","potions_obtained":[{"floor":1,"key":"DistilledChaos"},{"floor":8,"key":"ElixirPotion"},{"floor":11,"key":"Block Potion"},{"floor":13,"key":"Swift Potion"},{"floor":18,"key":"GamblersBrew"}],"is_trial":false,"path_per_floor":["M","M","?","?","$","R","$","E","T","E","M","M","E","?","R","B",null,"M","?","M","M","?","E"],"character_chosen":"IRONCLAD","items_purchased":["Vajra","MealTicket"],"campfire_rested":0,"item_purchase_floors":[5,5],"current_hp_per_floor":[74,75,75,75,75,75,75,75,75,61,60,66,61,50,50,22,62,47,47,53,39,39,0],"gold":261,"neow_bonus":"THREE_ENEMY_KILL","is_prod":false,"is_daily":false,"chose_seed":false,"campfire_upgraded":2,"win_rate":0,"timestamp":1662670422,"path_taken":["M","M","?","?","$","R","$","E","T","E","?","M","E","?","R","BOSS","M","?","M","?","?","E"],"build_version":"2022-03-07","purchased_purges":0,"victory":false,"max_hp_per_floor":[75,75,75,75,75,75,75,75,75,75,75,75,75,75,75,75,75,75,75,75,75,75,75],"card_choices":[{"not_picked":["Pummel","Anger"],"picked":"Heavy Blade","floor":1},{"not_picked":["Dark Embrace","Clash"],"picked":"Inflame","floor":2},{"not_picked":["Inflame","Warcry"],"picked":"Limit Break","floor":8},{"not_picked":["Hemokinesis","Evolve+1"],"picked":"Twin Strike","floor":10},{"not_picked":["Heavy Blade","Thunderclap","Seeing Red"],"picked":"SKIP","floor":11},{"not_picked":["Iron Wave","Seeing Red"],"picked":"Sword Boomerang","floor":12},{"not_picked":["Pommel Strike","Warcry","Armaments"],"picked":"SKIP","floor":13},{"not_picked":["Fiend Fire","Barricade+1"],"picked":"Berserk+1","floor":16},{"not_picked":["Iron Wave","Armaments"],"picked":"Shrug It Off","floor":18},{"not_picked":["Uppercut+1","Wild Strike"],"picked":"Evolve+1","floor":20},{"not_picked":["Burning Pact+1","Twin Strike","Thunderclap"],"picked":"SKIP","floor":21}],"player_experience":1905284,"relics_obtained":[{"floor":8,"key":"Akabeko"},{"floor":9,"key":"Frozen Egg 2"},{"floor":10,"key":"Ornamental Fan"},{"floor":13,"key":"Oddly Smooth Stone"}],"event_choices":[{"damage_healed":0,"gold_gain":0,"player_choice":"Box","damage_taken":0,"relics_obtained":["Old Coin"],"max_hp_gain":0,"max_hp_loss":0,"event_name":"Big Fish","floor":3,"gold_loss":0,"cards_obtained":["Regret"]},{"cards_removed":["Regret"],"damage_healed":0,"gold_gain":0,"player_choice":"Card Removal","damage_taken":0,"max_hp_gain":0,"max_hp_loss":0,"event_name":"The Cleric","floor":4,"gold_loss":75},{"damage_healed":0,"gold_gain":75,"player_choice":"Gather Gold","damage_taken":11,"max_hp_gain":0,"max_hp_loss":0,"event_name":"World of Goop","floor":14,"gold_loss":0},{"damage_healed":0,"gold_gain":0,"player_choice":"Upgraded","damage_taken":0,"max_hp_gain":0,"max_hp_loss":0,"event_name":"Upgrade Shrine","floor":19,"gold_loss":0,"cards_upgraded":["Heavy Blade"]},{"cards_removed":["Strike_R"],"damage_healed":0,"gold_gain":0,"player_choice":"Gave Gold","damage_taken":0,"max_hp_gain":0,"max_hp_loss":0,"event_name":"Beggar","floor":22,"gold_loss":75}],"is_beta":false,"boss_relics":[{"not_picked":["Black Blood","Calling Bell"],"picked":"Astrolabe"}],"items_purged_floors":[],"is_endless":false,"potions_floor_spawned":[1,8,11,13,18],"killed_by":"Book of Stabbing","ascension_level":20}