{"gold_per_floor":[117,134,42,60,60,85,85,113,113,113,123,155,155,175,175,175],"floor_reached":16,"playtime":497,"items_purged":[],"score":240,"play_id":"464790b3-0022-4d62-aff2-1710e7b2257b","local_time":"20220911163243","is_ascension_mode":true,"campfire_choices":[{"data":"Rampage","floor":7,"key":"SMITH"},{"data":"Body Slam","floor":10,"key":"SMITH"},{"data":"Disarm","floor":13,"key":"SMITH"},{"data":"Second Wind","floor":15,"key":"SMITH"}],"neow_cost":"NONE","seed_source_timestamp":544406881688300,"circlet_count":0,"master_deck":["AscendersBane","Strike_R","Strike_R","Strike_R","Strike_R","Strike_R","Defend_R","Defend_R","Defend_R","Defend_R","Bash","Body Slam+1","Iron Wave","Shrug It Off","Rampage+1","Ghostly Armor","Reckless Charge","Havoc","Disarm+1","Second Wind+1"],"relics":["Burning Blood","NeowsBlessing","StoneCalendar","Mummified Hand","Dead Branch","Meat on the Bone","Red Skull"],"potions_floor_usage":[6,16,16],"damage_taken":[{"damage":0,"enemies":"Cultist","floor":1,"turns":1},{"damage":0,"enemies":"Jaw Worm","floor":2,"turns":1},{"damage":0,"enemies":"Small Slimes","floor":4,"turns":1},{"damage":23,"enemies":"3 Sentries","floor":6,"turns":7},{"damage":7,"enemies":"Lagavulin","floor":8,"turns":7},{"damage":1,"enemies":"Red Slaver","floor":11,"turns":3},{"damage":20,"enemies":"3 Sentries","floor":12,"turns":6},{"damage":10,"enemies":"Gremlin Gang","floor":14,"turns":4},{"damage":54,"enemies":"Hexaghost","floor":16,"turns":10}],"seed_played":"-8317656125581268411","potions_obtained":[{"floor":1,"key":"Block Potion"},{"floor":11,"key":"FearPotion"},{"floor":12,"key":"Fire Potion"}],"is_trial":false,"path_per_floor":["M","M","$","M","?","E","R","E","T","R","M","E","R","M","R","B"],"character_chosen":"IRONCLAD","items_purchased":["Shrug It Off","Rampage"],"campfire_rested":0,"item_purchase_floors":[3,3],"current_hp_per_floor":[74,75,75,75,57,40,40,39,39,39,44,42,42,50,50,0],"gold":175,"neow_bonus":"THREE_ENEMY_KILL","is_prod":false,"is_daily":false,"chose_seed":false,"campfire_upgraded":4,"win_rate":0,"timestamp":1662906763,"path_taken":["M","?","$","M","?","E","R","E","T","R","M","E","R","M","R","BOSS"],"build_version":"2022-03-07","purchased_purges":0,"victory":false,"max_hp_per_floor":[75,75,75,75,75,75,75,75,75,75,75,75,75,75,75,75],"card_choices":[{"not_picked":["Pummel","Wild Strike"],"picked":"Body Slam","floor":1},{"not_picked":["Flex","Sword Boomerang"],"picked":"Iron Wave","floor":2},{"not_picked":["Pommel Strike","True Grit"],"picked":"Ghostly Armor","floor":4},{"not_picked":["Corruption","Clothesline","Clash"],"picked":"SKIP","floor":6},{"not_picked":["Pommel Strike","Headbutt"],"picked":"Reckless Charge","floor":8},{"not_picked":["Sentinel","Intimidate"],"picked":"Havoc","floor":11},{"not_picked":["Havoc","True Grit"],"picked":"Disarm","floor":12},{"not_picked":["Iron Wave","Warcry"],"picked":"Second Wind","floor":14}],"player_experience":1910989,"relics_obtained":[{"floor":6,"key":"Mummified Hand"},{"floor":8,"key":"Dead Branch"},{"floor":9,"key":"Meat on the Bone"},{"floor":12,"key":"Red Skull"}],"event_choices":[{"damage_healed":0,"gold_gain":0,"player_choice":"Success","damage_taken":18,"relics_obtained":["StoneCalendar"],"max_hp_gain":0,"max_hp_loss":0,"event_name":"Scrap Ooze","floor":5,"gold_loss":0}],"is_beta":false,"boss_relics":[],"items_purged_floors":[],"is_endless":false,"potions_floor_spawned":[1,11,12,14],"killed_by":"Hexaghost","ascension_level":20}