{"gold_per_floor":[115,115,40,40,40,40,69,30,30,30,30,30,64,79,79,79],"floor_reached":16,"playtime":297,"items_purged":["Regret"],"score":208,"play_id":"dad70777-b4de-4d7a-a529-f60ceedcd08d","local_time":"20220908225901","is_ascension_mode":true,"campfire_choices":[{"data":"Bash","floor":6,"key":"SMITH"},{"data":"Spot Weakness","floor":10,"key":"SMITH"},{"floor":12,"key":"REST"},{"data":"Metallicize","floor":15,"key":"SMITH"}],"neow_cost":"NONE","seed_source_timestamp":308582023897500,"circlet_count":0,"master_deck":["AscendersBane","Strike_R","Strike_R","Strike_R","Defend_R","Defend_R","Defend_R","Defend_R","Bash+1","Cleave","Rupture","Spot Weakness+1","Metallicize+1"],"relics":["Runic Pyramid","Ornamental Fan","PreservedInsect","Mummified Hand","Toxic Egg 2"],"potions_floor_usage":[7,16],"damage_taken":[{"damage":4,"enemies":"Jaw Worm","floor":1,"turns":5},{"damage":20,"enemies":"Gremlin Nob","floor":7,"turns":4},{"damage":20,"enemies":"Lagavulin","floor":13,"turns":6},{"damage":2,"enemies":"2 Louse","floor":14,"turns":3},{"damage":44,"enemies":"Slime Boss","floor":16,"turns":8}],"seed_played":"-2027872863570861024","potions_obtained":[{"floor":1,"key":"Ancient Potion"},{"floor":13,"key":"ColorlessPotion"}],"is_trial":false,"path_per_floor":["M","?","$","?","?","R","E","$","T","R","$","R","E","M","R","B"],"character_chosen":"IRONCLAD","items_purchased":["Spot Weakness"],"campfire_rested":1,"item_purchase_floors":[8],"current_hp_per_floor":[64,64,64,64,57,57,37,37,37,37,37,59,39,37,37,0],"gold":79,"neow_bonus":"BOSS_RELIC","is_prod":false,"is_daily":false,"chose_seed":false,"campfire_upgraded":3,"win_rate":0,"timestamp":1662670741,"path_taken":["M","?","$","?","?","R","E","?","T","R","$","R","E","M","R","BOSS"],"build_version":"2022-03-07","purchased_purges":1,"victory":false,"max_hp_per_floor":[75,75,75,75,75,75,75,75,75,75,75,75,75,75,75,75],"card_choices":[{"not_picked":["Dark Embrace","Havoc"],"picked":"Cleave","floor":1},{"not_picked":["Exhume","Battle Trance","Rupture"],"picked":"SKIP","floor":7},{"not_picked":["Iron Wave","Heavy Blade"],"picked":"Metallicize","floor":13},{"not_picked":["Havoc+1","Anger","Feel No Pain"],"picked":"SKIP","floor":14}],"player_experience":1905810,"relics_obtained":[{"floor":7,"key":"PreservedInsect"},{"floor":9,"key":"Mummified Hand"},{"floor":13,"key":"Toxic Egg 2"}],"event_choices":[{"damage_healed":0,"gold_gain":0,"player_choice":"Box","damage_taken":0,"relics_obtained":["Ornamental Fan"],"max_hp_gain":0,"max_hp_loss":0,"event_name":"Big Fish","floor":2,"gold_loss":0,"cards_obtained":["Regret"]},{"damage_healed":0,"gold_gain":0,"cards_transformed":["Strike_R"],"player_choice":"Change","damage_taken":0,"max_hp_gain":0,"max_hp_loss":0,"event_name":"Living Wall","floor":4,"gold_loss":0,"cards_obtained":["Rupture"]},{"cards_removed":["Strike_R"],"damage_healed":0,"gold_gain":0,"player_choice":"Card Removal","damage_taken":7,"max_hp_gain":0,"max_hp_loss":0,"event_name":"Golden Wing","floor":5,"gold_loss":0}],"is_beta":false,"boss_relics":[],"items_purged_floors":[3],"is_endless":false,"potions_floor_spawned":[1,13],"killed_by":"Slime Boss","ascension_level":20}