{"gold_per_floor":[109,109,109,124,134,163,180,180,250,250,250,250,7,51,51,145,208,224,224,224,10,23,59,59,59,138,138,178,178,178,178],"floor_reached":31,"playtime":1039,"items_purged":["Parasite"],"score":583,"play_id":"1f8e5477-055b-4e1c-99c3-e8ccee67537e","local_time":"20220911155055","is_ascension_mode":true,"campfire_choices":[{"data":"Rupture","floor":15,"key":"SMITH"},{"floor":25,"key":"DIG"},{"floor":27,"key":"DIG"},{"floor":30,"key":"DIG"}],"neow_cost":"CURSE","seed_source_timestamp":541355760995700,"circlet_count":0,"master_deck":["AscendersBane","Defend_R","Defend_R+1","Defend_R","Defend_R+1","Bash","Hemokinesis","Iron Wave","Disarm","Feel No Pain","Reaper","Rupture+1","Limit Break","Writhe","Shrug It Off","Shrug It Off","Bite","Bite","Bite","Bite","Bite"],"relics":["Burning Blood","Calipers","Juzu Bracelet","Ornamental Fan","Golden Idol","ClockworkSouvenir","Centennial Puzzle","Tiny House","Shovel","MutagenicStrength","Sling","Red Skull","Shuriken","Mummified Hand","Paper Frog","Potion Belt","Gambling Chip"],"potions_floor_usage":[6,22,23,24,28],"damage_taken":[{"damage":4,"enemies":"2 Louse","floor":1,"turns":3},{"damage":2,"enemies":"Small Slimes","floor":4,"turns":3},{"damage":2,"enemies":"Jaw Worm","floor":5,"turns":3},{"damage":15,"enemies":"3 Sentries","floor":6,"turns":10},{"damage":4,"enemies":"2 Fungi Beasts","floor":7,"turns":4},{"damage":33,"enemies":"Gremlin Nob","floor":14,"turns":5},{"damage":37,"enemies":"Slime Boss","floor":16,"turns":15},{"damage":36,"enemies":"Chosen","floor":18,"turns":7},{"damage":31,"enemies":"3 Byrds","floor":22,"turns":6},{"damage":36,"enemies":"Gremlin Leader","floor":23,"turns":9},{"damage":20,"enemies":"3 Cultists","floor":24,"turns":4},{"damage":77,"enemies":"Book of Stabbing","floor":28,"turns":7},{"damage":21,"enemies":"Snecko","floor":31,"turns":3}],"seed_played":"4122948461686157914","potions_obtained":[{"floor":4,"key":"BlessingOfTheForge"},{"floor":6,"key":"PowerPotion"},{"floor":14,"key":"BloodPotion"},{"floor":18,"key":"BlessingOfTheForge"},{"floor":22,"key":"Regen Potion"},{"floor":23,"key":"SmokeBomb"}],"is_trial":false,"path_per_floor":["M","?","?","M","M","E","M","?","T","?","?","?","$","E","R","B",null,"M","?","?","$","M","E","M","R","T","R","E","?","R","M"],"character_chosen":"IRONCLAD","items_purchased":["ClockworkSouvenir","Sling","Shrug It Off"],"campfire_rested":0,"item_purchase_floors":[13,21,21],"current_hp_per_floor":[84,84,57,61,65,56,58,58,58,58,80,80,80,58,58,43,80,50,50,50,50,40,45,51,51,51,51,17,17,17,0],"gold":178,"neow_bonus":"TWENTY_PERCENT_HP_BONUS","is_prod":false,"is_daily":false,"chose_seed":false,"campfire_upgraded":1,"win_rate":0,"timestamp":1662904255,"path_taken":["M","?","?","M","?","E","M","?","T","?","?","?","?","E","R","BOSS","M","?","?","$","M","E","M","R","T","R","E","?","R","M"],"build_version":"2022-03-07","purchased_purges":1,"victory":false,"max_hp_per_floor":[89,89,89,89,89,89,89,89,89,89,89,89,86,86,86,86,91,91,91,91,91,91,91,91,91,91,91,91,63,63,63],"card_choices":[{"not_picked":["Dark Embrace","Warcry"],"picked":"Hemokinesis","floor":1},{"not_picked":["Heavy Blade","Twin Strike"],"picked":"Iron Wave","floor":4},{"not_picked":["Blood for Blood","Body Slam"],"picked":"Disarm","floor":5},{"not_picked":["Heavy Blade","Clothesline"],"picked":"Feel No Pain","floor":6},{"not_picked":["Rupture","Wild Strike"],"picked":"Reaper","floor":7},{"not_picked":["Flame Barrier","Cleave"],"picked":"Rupture","floor":14},{"not_picked":["Corruption","Reaper"],"picked":"Limit Break","floor":16},{"not_picked":["Perfected Strike","Heavy Blade+1","Spot Weakness"],"picked":"SKIP","floor":18},{"not_picked":["Anger","Sword Boomerang","Flex"],"picked":"SKIP","floor":22},{"not_picked":["True Grit","Barricade","Armaments"],"picked":"SKIP","floor":23},{"not_picked":["Iron Wave","Anger"],"picked":"Shrug It Off","floor":28}],"player_experience":1908180,"relics_obtained":[{"floor":6,"key":"Calipers"},{"floor":9,"key":"Ornamental Fan"},{"floor":14,"key":"Centennial Puzzle"},{"floor":23,"key":"Red Skull"},{"floor":25,"key":"Shuriken"},{"floor":26,"key":"Mummified Hand"},{"floor":27,"key":"Paper Frog"},{"floor":28,"key":"Potion Belt"},{"floor":30,"key":"Gambling Chip"}],"event_choices":[{"cards_removed":["Doubt"],"damage_healed":0,"gold_gain":0,"player_choice":"Forget","damage_taken":0,"max_hp_gain":0,"max_hp_loss":0,"event_name":"Living Wall","floor":2,"gold_loss":0},{"damage_healed":0,"gold_gain":0,"player_choice":"Entered Light","damage_taken":27,"max_hp_gain":0,"max_hp_loss":0,"event_name":"Shining Light","floor":3,"gold_loss":0,"cards_upgraded":["Strike_R","Defend_R"]},{"damage_healed":0,"gold_gain":0,"player_choice":"Searched \u00272\u0027 times","damage_taken":0,"relics_obtained":["Juzu Bracelet"],"max_hp_gain":0,"max_hp_loss":0,"event_name":"Dead Adventurer","floor":8,"gold_loss":0},{"damage_healed":0,"gold_gain":0,"player_choice":"Take Wound","damage_taken":0,"relics_obtained":["Golden Idol"],"max_hp_gain":0,"max_hp_loss":0,"event_name":"Golden Idol","floor":10,"gold_loss":0,"cards_obtained":["Injury"]},{"damage_healed":22,"gold_gain":0,"player_choice":"Healed and dodged fight","damage_taken":0,"max_hp_gain":0,"max_hp_loss":0,"event_name":"Mushrooms","floor":11,"gold_loss":0,"cards_obtained":["Parasite"]},{"cards_removed":["Injury"],"damage_healed":0,"gold_gain":0,"player_choice":"Purged","damage_taken":0,"max_hp_gain":0,"max_hp_loss":0,"event_name":"Purifier","floor":12,"gold_loss":0},{"damage_healed":0,"gold_gain":0,"player_choice":"Opened","damage_taken":0,"relics_obtained":["Shovel"],"max_hp_gain":0,"max_hp_loss":0,"event_name":"The Mausoleum","floor":19,"gold_loss":0,"cards_obtained":["Writhe"]},{"damage_healed":0,"gold_gain":0,"player_choice":"Inject Mutagens","damage_taken":0,"relics_obtained":["MutagenicStrength"],"max_hp_gain":0,"max_hp_loss":0,"event_name":"Drug Dealer","floor":20,"gold_loss":0},{"damage_healed":0,"gold_gain":0,"player_choice":"Became a vampire","damage_taken":0,"max_hp_gain":0,"max_hp_loss":28,"event_name":"Vampires","floor":29,"gold_loss":0,"cards_obtained":["Bite","Bite","Bite","Bite","Bite"]}],"is_beta":false,"boss_relics":[{"not_picked":["Philosopher\u0027s Stone","Ectoplasm"],"picked":"Tiny House"}],"items_purged_floors":[13],"is_endless":false,"potions_floor_spawned":[4,6,14,18,22,23],"killed_by":"Snecko","ascension_level":20}