{"gold_per_floor":[11,11,161,177,227,227,271,271,318,338,338,338,379,25,25,118,118,139,139,157,28,44,44,58,89,115,115],"floor_reached":27,"playtime":695,"items_purged":[],"score":528,"play_id":"bbd58b66-0951-4a5c-b395-eda78fe31f13","local_time":"20220911161353","is_ascension_mode":true,"campfire_choices":[{"data":"Demon Form","floor":6,"key":"SMITH"},{"data":"Feed","floor":8,"key":"SMITH"},{"floor":11,"key":"REST"},{"data":"Disarm","floor":15,"key":"SMITH"},{"floor":23,"key":"REST"}],"neow_cost":"NO_GOLD","seed_source_timestamp":543078660788800,"circlet_count":0,"master_deck":["AscendersBane","Strike_R","Strike_R","Strike_R","Strike_R","Strike_R","Defend_R","Defend_R","Defend_R","Defend_R","Bash","Feed+1","Fire Breathing","Injury","Doubt","Demon Form+1","Disarm+1","Flame Barrier"],"relics":["Burning Blood","Golden Idol","Orichalcum","Bag of Preparation","Potion Belt","The Courier","Blood Vial","Lee\u0027s Waffle","Singing Bowl","Busted Crown","OrangePellets","Ornamental Fan","Strawberry"],"potions_floor_usage":[7,13,16,18,18,24,24,25,25],"damage_taken":[{"damage":15,"enemies":"Small Slimes","floor":1,"turns":3},{"damage":10,"enemies":"2 Louse","floor":4,"turns":3},{"damage":28,"enemies":"Lagavulin","floor":7,"turns":7},{"damage":7,"enemies":"Jaw Worm","floor":10,"turns":5},{"damage":32,"enemies":"Gremlin Nob","floor":13,"turns":5},{"damage":41,"enemies":"The Guardian","floor":16,"turns":12},{"damage":18,"enemies":"2 Thieves","floor":18,"turns":5},{"damage":17,"enemies":"Spheric Guardian","floor":20,"turns":4},{"damage":65,"enemies":"Centurion and Healer","floor":22,"turns":6},{"damage":31,"enemies":"3 Cultists","floor":24,"turns":5},{"damage":39,"enemies":"Book of Stabbing","floor":25,"turns":6},{"damage":46,"enemies":"Slavers","floor":27,"turns":2}],"seed_played":"4958925094052990088","potions_obtained":[{"floor":1,"key":"Swift Potion"},{"floor":7,"key":"Block Potion"},{"floor":16,"key":"EntropicBrew"},{"floor":22,"key":"Weak Potion"},{"floor":24,"key":"Fruit Juice"}],"is_trial":false,"path_per_floor":["M","?","?","M","T","R","E","R","T","M","R","?","E","$","R","B",null,"M","?","M","$","M","R","M","E","T","E"],"character_chosen":"IRONCLAD","items_purchased":["Lee\u0027s Waffle","Singing Bowl","OrangePellets"],"campfire_rested":2,"item_purchase_floors":[14,14,21],"current_hp_per_floor":[62,62,62,61,61,61,39,39,39,42,67,62,40,96,96,67,93,89,89,82,82,31,65,53,37,44,0],"gold":115,"neow_bonus":"THREE_RARE_CARDS","is_prod":false,"is_daily":false,"chose_seed":false,"campfire_upgraded":3,"win_rate":0,"timestamp":1662905633,"path_taken":["M","?","?","M","?","R","E","R","T","M","R","?","E","$","R","BOSS","M","?","M","$","?","R","M","E","T","E"],"build_version":"2022-03-07","purchased_purges":0,"victory":false,"max_hp_per_floor":[78,78,78,81,81,81,81,81,81,85,85,85,89,96,96,102,102,108,108,110,110,116,116,127,127,134,134],"card_choices":[{"not_picked":["Barricade","Impervious"],"picked":"Feed","floor":0},{"not_picked":["Flex","Clash"],"picked":"Fire Breathing","floor":1},{"not_picked":["Havoc","Twin Strike"],"picked":"Demon Form","floor":4},{"not_picked":["Perfected Strike","True Grit","Body Slam"],"picked":"SKIP","floor":7},{"not_picked":["Dropkick","Intimidate","Searing Blow"],"picked":"SKIP","floor":10},{"not_picked":["Inflame","True Grit"],"picked":"Disarm","floor":13},{"not_picked":["Corruption","Fiend Fire","Impervious"],"picked":"Singing Bowl","floor":16},{"not_picked":["True Grit"],"picked":"Singing Bowl","floor":18},{"not_picked":["Whirlwind"],"picked":"Singing Bowl","floor":20},{"not_picked":["True Grit"],"picked":"Singing Bowl","floor":22},{"not_picked":["Iron Wave"],"picked":"Singing Bowl","floor":24},{"not_picked":[],"picked":"Flame Barrier","floor":25}],"player_experience":1909852,"relics_obtained":[{"floor":5,"key":"Orichalcum"},{"floor":7,"key":"Bag of Preparation"},{"floor":9,"key":"Potion Belt"},{"floor":13,"key":"Blood Vial"},{"floor":25,"key":"Ornamental Fan"},{"floor":26,"key":"Strawberry"}],"event_choices":[{"damage_healed":0,"gold_gain":0,"player_choice":"Take Wound","damage_taken":0,"relics_obtained":["Golden Idol"],"max_hp_gain":0,"max_hp_loss":0,"event_name":"Golden Idol","floor":2,"gold_loss":0,"cards_obtained":["Injury"]},{"damage_healed":0,"gold_gain":150,"player_choice":"AGREE","damage_taken":0,"max_hp_gain":0,"max_hp_loss":0,"event_name":"Liars Game","floor":3,"gold_loss":0,"cards_obtained":["Doubt"]},{"damage_healed":0,"gold_gain":0,"player_choice":"Success","damage_taken":5,"relics_obtained":["The Courier"],"max_hp_gain":0,"max_hp_loss":0,"event_name":"Scrap Ooze","floor":12,"gold_loss":0},{"damage_healed":0,"gold_gain":0,"player_choice":"0 cards matched","damage_taken":0,"max_hp_gain":0,"max_hp_loss":0,"event_name":"Match and Keep!","floor":19,"gold_loss":0,"cards_obtained":[]}],"is_beta":false,"boss_relics":[{"not_picked":["Astrolabe","SacredBark"],"picked":"Busted Crown"}],"items_purged_floors":[],"is_endless":false,"potions_floor_spawned":[1,7,16,22,24],"killed_by":"Slavers","ascension_level":20}