{"gold_per_floor":[366,153,191,191,18,68,68,33,33,108,176,211,281,339,339,413,413,455,25,37,62],"floor_reached":21,"playtime":587,"items_purged":[],"score":378,"play_id":"8953f66e-cdee-4bf4-9156-c99685ccadfe","local_time":"20220922214614","is_ascension_mode":true,"campfire_choices":[{"floor":7,"key":"REST"},{"floor":15,"key":"REST"}],"neow_cost":"PERCENT_DAMAGE","seed_source_timestamp":695087267374900,"circlet_count":0,"master_deck":["AscendersBane","Strike_R","Strike_R","Strike_R","Strike_R","Strike_R","Defend_R","Defend_R","Defend_R","Defend_R","Bash","Shrug It Off","HandOfGreed+1","Battle Trance","Cleave","Flame Barrier","Fire Breathing","Disarm","Offering","Shrug It Off"],"relics":["Burning Blood","Lantern","Ancient Tea Set","Darkstone Periapt","Sundial","Black Star","Frozen Egg 2","Lee\u0027s Waffle"],"potions_floor_usage":[16,18,21],"damage_taken":[{"damage":2,"enemies":"Cultist","floor":1,"turns":4},{"damage":19,"enemies":"Jaw Worm","floor":3,"turns":5},{"damage":35,"enemies":"3 Sentries","floor":6,"turns":10},{"damage":1,"enemies":"Small Slimes","floor":11,"turns":3},{"damage":1,"enemies":"Looter","floor":12,"turns":3},{"damage":1,"enemies":"Exordium Wildlife","floor":13,"turns":4},{"damage":39,"enemies":"Lagavulin","floor":14,"turns":8},{"damage":20,"enemies":"Slime Boss","floor":16,"turns":6},{"damage":25,"enemies":"Shell Parasite","floor":18,"turns":6},{"damage":42,"enemies":"2 Thieves","floor":20,"turns":5},{"damage":49,"enemies":"3 Cultists","floor":21,"turns":5}],"seed_played":"4072431615707992456","potions_obtained":[{"floor":12,"key":"BlessingOfTheForge"},{"floor":14,"key":"EssenceOfSteel"},{"floor":16,"key":"FearPotion"},{"floor":20,"key":"AttackPotion"}],"is_trial":false,"path_per_floor":["M","$","M","?","$","E","R","?","T","?","M","M","M","E","R","B",null,"M","$","M","M"],"character_chosen":"IRONCLAD","items_purchased":["HandOfGreed","Lantern","Frozen Egg 2","Lee\u0027s Waffle"],"campfire_rested":2,"item_purchase_floors":[2,5,19,19],"current_hp_per_floor":[54,54,41,41,41,12,34,52,52,41,46,51,56,23,45,31,64,45,82,46,0],"gold":62,"neow_bonus":"TWO_FIFTY_GOLD","is_prod":false,"is_daily":false,"chose_seed":false,"campfire_upgraded":0,"win_rate":0,"timestamp":1663875974,"path_taken":["M","$","?","?","$","E","R","?","T","?","M","M","M","E","R","BOSS","M","$","M","M"],"build_version":"2022-03-07","purchased_purges":0,"victory":false,"max_hp_per_floor":[75,75,75,75,75,75,75,75,75,75,75,75,75,75,75,75,75,75,82,82,82],"card_choices":[{"not_picked":["Clothesline","Sword Boomerang"],"picked":"Shrug It Off","floor":1},{"not_picked":["Dark Embrace","Thunderclap"],"picked":"Battle Trance","floor":3},{"not_picked":["Flex","Clothesline","Heavy Blade"],"picked":"SKIP","floor":6},{"not_picked":["Sword Boomerang","Iron Wave"],"picked":"Cleave","floor":11},{"not_picked":["Iron Wave","Bloodletting"],"picked":"Flame Barrier","floor":12},{"not_picked":["Clothesline","Body Slam"],"picked":"Fire Breathing","floor":13},{"not_picked":["Barricade","Shrug It Off"],"picked":"Disarm","floor":14},{"not_picked":["Immolate","Exhume"],"picked":"Offering","floor":16},{"not_picked":["Pommel Strike","Armaments","Battle Trance"],"picked":"SKIP","floor":18},{"not_picked":["Spot Weakness","Havoc"],"picked":"Shrug It Off","floor":20}],"player_experience":1912052,"relics_obtained":[{"floor":6,"key":"Ancient Tea Set"},{"floor":9,"key":"Darkstone Periapt"},{"floor":14,"key":"Sundial"}],"event_choices":[{"damage_healed":0,"gold_gain":0,"player_choice":"Grow","damage_taken":0,"max_hp_gain":0,"max_hp_loss":0,"event_name":"Living Wall","floor":4,"gold_loss":0,"cards_upgraded":["HandOfGreed"]},{"damage_healed":18,"gold_gain":0,"player_choice":"Healed","damage_taken":0,"max_hp_gain":0,"max_hp_loss":0,"event_name":"The Cleric","floor":8,"gold_loss":35},{"damage_healed":0,"gold_gain":75,"player_choice":"Gather Gold","damage_taken":11,"max_hp_gain":0,"max_hp_loss":0,"event_name":"World of Goop","floor":10,"gold_loss":0}],"is_beta":false,"boss_relics":[{"not_picked":["Philosopher\u0027s Stone","Velvet Choker"],"picked":"Black Star"}],"items_purged_floors":[],"is_endless":false,"potions_floor_spawned":[12,14,16,20],"killed_by":"3 Cultists","ascension_level":20}