{"gold_per_floor":[115,130,149,424,55,55,66,91,142,142,170,245,269,269,269,269],"floor_reached":16,"playtime":343,"items_purged":["Regret"],"score":216,"play_id":"8e103c7e-7dc1-467e-bf38-cd07a5837656","local_time":"20220922222348","is_ascension_mode":true,"campfire_choices":[{"data":"Wild Strike","floor":6,"key":"SMITH"},{"floor":10,"key":"REST"},{"floor":15,"key":"REST"}],"neow_cost":"NONE","seed_source_timestamp":697585975577600,"circlet_count":0,"master_deck":["AscendersBane","Strike_R","Strike_R","Strike_R","Strike_R","Strike_R","Defend_R","Defend_R","Defend_R","Defend_R","Bash","Battle Trance","Wild Strike+1","Feel No Pain","Shrug It Off","Fiend Fire+1","Body Slam+1"],"relics":["Mark of Pain","Pantograph","Molten Egg 2","Strawberry","Vajra","Bag of Preparation","GremlinMask"],"potions_floor_usage":[8,8,16],"damage_taken":[{"damage":1,"enemies":"Cultist","floor":1,"turns":4},{"damage":9,"enemies":"Small Slimes","floor":2,"turns":4},{"damage":0,"enemies":"2 Louse","floor":3,"turns":3},{"damage":8,"enemies":"Blue Slaver","floor":7,"turns":2},{"damage":40,"enemies":"Gremlin Nob","floor":8,"turns":5},{"damage":17,"enemies":"Lagavulin","floor":11,"turns":7},{"damage":65,"enemies":"Slime Boss","floor":16,"turns":8}],"seed_played":"3657423923172045700","potions_obtained":[{"floor":1,"key":"Swift Potion"},{"floor":2,"key":"Block Potion"},{"floor":8,"key":"HeartOfIron"}],"is_trial":false,"path_per_floor":["M","M","M","?","$","R","M","E","T","R","E","?","T","?","R","B"],"character_chosen":"IRONCLAD","items_purchased":["Shrug It Off","Pantograph"],"campfire_rested":2,"item_purchase_floors":[5,5],"current_hp_per_floor":[67,58,58,58,58,58,50,10,17,41,24,13,13,13,37,0],"gold":269,"neow_bonus":"BOSS_RELIC","is_prod":false,"is_daily":false,"chose_seed":false,"campfire_upgraded":1,"win_rate":0,"timestamp":1663878228,"path_taken":["M","?","M","?","$","R","?","E","T","R","E","?","?","?","R","BOSS"],"build_version":"2022-03-07","purchased_purges":1,"victory":false,"max_hp_per_floor":[75,75,75,75,75,75,75,75,82,82,82,82,82,82,82,82],"card_choices":[{"not_picked":["Iron Wave","Clash"],"picked":"Battle Trance","floor":1},{"not_picked":["Combust","Pommel Strike"],"picked":"Wild Strike","floor":2},{"not_picked":["True Grit","Combust"],"picked":"Feel No Pain","floor":3},{"not_picked":["Twin Strike","Clash","Sword Boomerang"],"picked":"SKIP","floor":7},{"not_picked":["Shrug It Off","Feel No Pain"],"picked":"Fiend Fire+1","floor":8},{"not_picked":["Thunderclap+1","Twin Strike+1"],"picked":"Body Slam+1","floor":11}],"player_experience":1914322,"relics_obtained":[{"floor":8,"key":"Molten Egg 2"},{"floor":9,"key":"Strawberry"},{"floor":11,"key":"Vajra"},{"floor":13,"key":"Bag of Preparation"}],"event_choices":[{"damage_healed":0,"gold_gain":275,"player_choice":"Desecrate","damage_taken":0,"max_hp_gain":0,"max_hp_loss":0,"event_name":"Golden Shrine","floor":4,"gold_loss":0,"cards_obtained":["Regret"]},{"damage_healed":0,"gold_gain":75,"player_choice":"Gather Gold","damage_taken":11,"max_hp_gain":0,"max_hp_loss":0,"event_name":"World of Goop","floor":12,"gold_loss":0},{"damage_healed":0,"gold_gain":0,"player_choice":"Trade","damage_taken":0,"relics_obtained":["GremlinMask"],"max_hp_gain":0,"max_hp_loss":0,"event_name":"FaceTrader","floor":14,"gold_loss":0}],"is_beta":false,"boss_relics":[],"items_purged_floors":[5],"is_endless":false,"potions_floor_spawned":[1,2,3,8],"killed_by":"Slime Boss","ascension_level":20}