{"gold_per_floor":[115,115,127,140,101,101,101,141,141,177,177,327,327,327,327,421,421,441,464,389,43,63,63,94,94,119,46,71,71,110,180,180,180],"floor_reached":33,"playtime":860,"items_purged":[],"score":538,"play_id":"6dde1a63-dbab-48f7-9815-73b6d9bb0466","local_time":"20220922221045","is_ascension_mode":true,"campfire_choices":[{"data":"Second Wind","floor":11,"key":"SMITH"},{"data":"Shrug It Off","floor":13,"key":"SMITH"},{"floor":15,"key":"REST"},{"data":"Shockwave","floor":23,"key":"SMITH"},{"floor":25,"key":"REST"},{"data":"Bash","floor":29,"key":"SMITH"},{"data":"Blood for Blood","floor":32,"key":"SMITH"}],"neow_cost":"NONE","seed_source_timestamp":696285105950400,"circlet_count":0,"master_deck":["AscendersBane","Strike_R","Strike_R","Defend_R","Defend_R","Defend_R","Defend_R","Bash+1","Twin Strike","Shrug It Off+1","Shockwave+1","Cleave","Blood for Blood+1","Injury","Second Wind+1","Power Through+1","Doubt","Impervious+1","Pummel+1","Infernal Blade+1","Clothesline+1","Sentinel+1","Trip+1","Ghostly Armor+1","True Grit+1"],"relics":["Burning Blood","NeowsBlessing","Golden Idol","The Courier","Charon\u0027s Ashes","Toxic Egg 2","Boot","WarpedTongs","Astrolabe","Omamori","Paper Frog","Red Mask","Orichalcum","Ornamental Fan","Meat on the Bone"],"potions_floor_usage":[8,16,18,33,33],"damage_taken":[{"damage":0,"enemies":"Jaw Worm","floor":1,"turns":1},{"damage":0,"enemies":"Cultist","floor":3,"turns":1},{"damage":0,"enemies":"Small Slimes","floor":4,"turns":1},{"damage":36,"enemies":"Lagavulin","floor":8,"turns":6},{"damage":34,"enemies":"Gremlin Nob","floor":10,"turns":4},{"damage":22,"enemies":"The Guardian","floor":16,"turns":16},{"damage":3,"enemies":"3 Byrds","floor":18,"turns":4},{"damage":11,"enemies":"Shell Parasite","floor":19,"turns":5},{"damage":10,"enemies":"Snake Plant","floor":22,"turns":6},{"damage":36,"enemies":"Masked Bandits","floor":24,"turns":6},{"damage":2,"enemies":"Cultist and Chosen","floor":28,"turns":5},{"damage":19,"enemies":"Slavers","floor":30,"turns":7},{"damage":82,"enemies":"Collector","floor":33,"turns":6}],"seed_played":"9029530296329393557","potions_obtained":[{"floor":4,"key":"LiquidMemories"},{"floor":8,"key":"BloodPotion"},{"floor":10,"key":"Weak Potion"},{"floor":16,"key":"SkillPotion"},{"floor":18,"key":"BloodPotion"}],"is_trial":false,"path_per_floor":["M","?","M","M","$","?","T","E","T","E","R","?","R","?","R","B",null,"M","M","?","$","M","R","?","R","T","$","M","R","E","T","R","B"],"character_chosen":"IRONCLAD","items_purchased":["Blood for Blood","Omamori","Paper Frog","Trip+1"],"campfire_rested":2,"item_purchase_floors":[5,21,21,27],"current_hp_per_floor":[74,74,75,75,75,75,75,45,45,17,17,17,17,17,39,23,62,65,60,60,60,56,56,26,48,48,48,52,52,39,39,39,0],"gold":180,"neow_bonus":"THREE_ENEMY_KILL","is_prod":false,"is_daily":false,"chose_seed":false,"campfire_upgraded":5,"win_rate":0,"timestamp":1663877445,"path_taken":["M","?","?","?","$","?","?","E","T","E","R","?","R","?","R","BOSS","M","?","?","$","M","R","?","R","T","$","M","R","E","?","R","BOSS"],"build_version":"2022-03-07","purchased_purges":0,"victory":false,"max_hp_per_floor":[75,75,75,75,75,75,75,75,75,75,75,75,75,75,75,75,75,75,75,75,75,75,75,75,75,75,75,75,75,75,75,75,75],"card_choices":[{"not_picked":["Burning Pact","Perfected Strike"],"picked":"Twin Strike","floor":1},{"not_picked":["Shrug It Off","Dark Embrace"],"picked":"Shockwave","floor":3},{"not_picked":["Clash","Entrench"],"picked":"Cleave","floor":4},{"not_picked":["Uppercut","Iron Wave"],"picked":"Second Wind","floor":8},{"not_picked":["Dark Embrace","Iron Wave"],"picked":"Power Through+1","floor":10},{"not_picked":["Berserk","Offering+1"],"picked":"Impervious+1","floor":16},{"not_picked":["Heavy Blade","Pommel Strike","Sword Boomerang"],"picked":"SKIP","floor":18},{"not_picked":["Warcry+1","Headbutt"],"picked":"Sentinel+1","floor":19},{"not_picked":["Searing Blow","Heavy Blade","Wild Strike"],"picked":"SKIP","floor":22},{"not_picked":["Shrug It Off+1","Twin Strike"],"picked":"Ghostly Armor+1","floor":28},{"not_picked":["Wild Strike","Warcry+1"],"picked":"True Grit+1","floor":30}],"player_experience":1913054,"relics_obtained":[{"floor":7,"key":"The Courier"},{"floor":8,"key":"Charon\u0027s Ashes"},{"floor":9,"key":"Toxic Egg 2"},{"floor":10,"key":"Boot"},{"floor":24,"key":"Red Mask"},{"floor":26,"key":"Orichalcum"},{"floor":30,"key":"Ornamental Fan"},{"floor":31,"key":"Meat on the Bone"}],"event_choices":[{"damage_healed":0,"gold_gain":0,"player_choice":"1 cards matched","damage_taken":0,"max_hp_gain":0,"max_hp_loss":0,"event_name":"Match and Keep!","floor":2,"gold_loss":0,"cards_obtained":["Shrug It Off"]},{"damage_healed":0,"gold_gain":0,"player_choice":"Take Wound","damage_taken":0,"relics_obtained":["Golden Idol"],"max_hp_gain":0,"max_hp_loss":0,"event_name":"Golden Idol","floor":6,"gold_loss":0,"cards_obtained":["Injury"]},{"damage_healed":0,"gold_gain":150,"player_choice":"AGREE","damage_taken":0,"max_hp_gain":0,"max_hp_loss":0,"event_name":"Liars Game","floor":12,"gold_loss":0,"cards_obtained":["Doubt"]},{"damage_healed":0,"gold_gain":0,"player_choice":"Rummage","damage_taken":0,"relics_obtained":["WarpedTongs"],"max_hp_gain":0,"max_hp_loss":0,"event_name":"Accursed Blacksmith","floor":14,"gold_loss":0,"cards_obtained":["Pain"]},{"cards_removed":["Pain"],"damage_healed":0,"gold_gain":0,"player_choice":"Gave Gold","damage_taken":0,"max_hp_gain":0,"max_hp_loss":0,"event_name":"Beggar","floor":20,"gold_loss":75},{"damage_healed":0,"gold_gain":0,"player_choice":"Fought Bandits","damage_taken":0,"max_hp_gain":0,"max_hp_loss":0,"event_name":"Masked Bandits","floor":24,"gold_loss":0}],"is_beta":false,"boss_relics":[{"not_picked":["Busted Crown","Runic Cube"],"picked":"Astrolabe"}],"items_purged_floors":[],"is_endless":false,"potions_floor_spawned":[4,8,10,16,18,30],"killed_by":"Collector","ascension_level":20}