{"gold_per_floor":[112,82,7,23,37,37,37,37,37,54,81,81,110,110],"floor_reached":14,"playtime":306,"items_purged":["Strike_R"],"score":196,"play_id":"673b73b3-72eb-4170-b481-8a5b915adbde","local_time":"20220922215403","is_ascension_mode":true,"campfire_choices":[{"data":"Searing Blow","floor":6,"key":"SMITH"},{"data":"Searing Blow+2","floor":12,"key":"SMITH"}],"neow_cost":"NONE","seed_source_timestamp":695838324739100,"circlet_count":0,"master_deck":["AscendersBane","Strike_R","Strike_R","Strike_R","Defend_R","Defend_R","Defend_R","Defend_R","Bash","Searing Blow+3","Flex","Body Slam","Cleave"],"relics":["Runic Pyramid","Eternal Feather","Pen Nib","MealTicket"],"potions_floor_usage":[11,13],"damage_taken":[{"damage":12,"enemies":"Small Slimes","floor":1,"turns":5},{"damage":2,"enemies":"Cultist","floor":4,"turns":4},{"damage":7,"enemies":"2 Louse","floor":5,"turns":4},{"damage":13,"enemies":"Large Slime","floor":10,"turns":6},{"damage":10,"enemies":"3 Sentries","floor":11,"turns":6},{"damage":27,"enemies":"Lagavulin","floor":13,"turns":5},{"damage":7,"enemies":"Exordium Thugs","floor":14,"turns":1}],"seed_played":"-7156979218351600437","potions_obtained":[{"floor":2,"key":"SpeedPotion"},{"floor":2,"key":"LiquidMemories"},{"floor":5,"key":"Block Potion"},{"floor":10,"key":"AttackPotion"},{"floor":13,"key":"LiquidBronze"}],"is_trial":false,"path_per_floor":["M","?","$","M","M","R","?","?","T","M","E","R","E","M"],"character_chosen":"IRONCLAD","items_purchased":[],"campfire_rested":0,"item_purchase_floors":[],"current_hp_per_floor":[56,56,56,54,47,47,47,47,47,34,24,30,3,0],"gold":110,"neow_bonus":"BOSS_RELIC","is_prod":false,"is_daily":false,"chose_seed":false,"campfire_upgraded":2,"win_rate":0,"timestamp":1663876443,"path_taken":["M","?","?","M","M","R","?","?","T","M","E","R","E","M"],"build_version":"2022-03-07","purchased_purges":1,"victory":false,"max_hp_per_floor":[75,75,75,75,75,75,75,75,75,75,75,75,75,75],"card_choices":[{"not_picked":["Anger","Thunderclap"],"picked":"Searing Blow","floor":1},{"not_picked":["Heavy Blade","Second Wind"],"picked":"Flex","floor":4},{"not_picked":["Headbutt","Pommel Strike"],"picked":"Body Slam","floor":5},{"not_picked":["Flex","Havoc"],"picked":"Cleave","floor":10},{"not_picked":["Clothesline","Perfected Strike","Clash"],"picked":"SKIP","floor":11},{"not_picked":["Wild Strike","Brutality","Heavy Blade"],"picked":"SKIP","floor":13}],"player_experience":1912639,"relics_obtained":[{"floor":9,"key":"Eternal Feather"},{"floor":11,"key":"Pen Nib"},{"floor":13,"key":"MealTicket"}],"event_choices":[{"damage_healed":0,"gold_gain":0,"player_choice":"Bought 2 Potions","damage_taken":0,"max_hp_gain":0,"max_hp_loss":0,"event_name":"The Woman in Blue","floor":2,"gold_loss":0},{"damage_healed":0,"gold_gain":0,"player_choice":"Grow","damage_taken":0,"max_hp_gain":0,"max_hp_loss":0,"event_name":"Living Wall","floor":7,"gold_loss":0,"cards_upgraded":["Searing Blow"]},{"cards_removed":["Strike_R"],"damage_healed":0,"gold_gain":0,"player_choice":"Offered Basic","damage_taken":0,"max_hp_gain":0,"max_hp_loss":0,"event_name":"Bonfire Elementals","floor":8,"gold_loss":0}],"is_beta":false,"boss_relics":[],"items_purged_floors":[3],"is_endless":false,"potions_floor_spawned":[5,10,13],"killed_by":"Exordium Thugs","ascension_level":20}