{"gold_per_floor":[117,117,117,117,117,151,162,193,193,210,245,262,262,276,276,276],"floor_reached":16,"playtime":303,"items_purged":[],"score":290,"play_id":"209362fe-3dcd-4210-9063-cea7584d535a","local_time":"20220926225558","is_ascension_mode":true,"campfire_choices":[{"floor":13,"key":"REST"},{"data":"Rupture","floor":15,"key":"SMITH"}],"neow_cost":"NONE","seed_source_timestamp":1045165242916400,"circlet_count":0,"master_deck":["AscendersBane","Strike_R","Strike_R","Strike_R","Defend_R","Defend_R","Defend_R","Defend_R","Bash","Rupture+1","Carnage","Regret","Offering","Rampage","Shrug It Off"],"relics":["Burning Blood","NeowsBlessing","Red Skull","Darkstone Periapt","PreservedInsect","Magic Flower","Letter Opener","Oddly Smooth Stone"],"potions_floor_usage":[11,16,16],"damage_taken":[{"damage":0,"enemies":"Small Slimes","floor":1,"turns":1},{"damage":0,"enemies":"3 Sentries","floor":6,"turns":2},{"damage":0,"enemies":"2 Louse","floor":7,"turns":1},{"damage":38,"enemies":"Gremlin Nob","floor":8,"turns":4},{"damage":18,"enemies":"Jaw Worm","floor":10,"turns":2},{"damage":13,"enemies":"3 Sentries","floor":11,"turns":4},{"damage":12,"enemies":"Exordium Wildlife","floor":12,"turns":2},{"damage":35,"enemies":"Large Slime","floor":14,"turns":5},{"damage":24,"enemies":"Hexaghost","floor":16,"turns":7}],"seed_played":"-7999773947279431294","potions_obtained":[{"floor":1,"key":"ElixirPotion"},{"floor":6,"key":"BlessingOfTheForge"},{"floor":11,"key":"GamblersBrew"}],"is_trial":false,"path_per_floor":["M","?","?","?","T","E","M","E","T","M","E","M","R","M","R","B"],"character_chosen":"IRONCLAD","items_purchased":[],"campfire_rested":1,"item_purchase_floors":[],"current_hp_per_floor":[74,74,67,67,67,73,75,43,43,34,30,27,49,23,23,0],"gold":276,"neow_bonus":"THREE_ENEMY_KILL","is_prod":false,"is_daily":false,"chose_seed":false,"campfire_upgraded":1,"win_rate":0,"timestamp":1664225758,"path_taken":["M","?","?","?","?","E","M","E","T","M","E","M","R","M","R","BOSS"],"build_version":"2022-03-07","purchased_purges":0,"victory":false,"max_hp_per_floor":[75,75,75,75,75,75,75,75,75,75,75,75,75,75,75,75],"card_choices":[{"not_picked":["Havoc","Twin Strike"],"picked":"Rupture","floor":1},{"not_picked":["Iron Wave","Feel No Pain"],"picked":"Offering","floor":6},{"not_picked":["Infernal Blade","Twin Strike"],"picked":"Rampage","floor":7},{"not_picked":["Blood for Blood","Sword Boomerang","Burning Pact"],"picked":"SKIP","floor":8},{"not_picked":["Entrench","Pummel","Blood for Blood"],"picked":"SKIP","floor":10},{"not_picked":["Body Slam","Cleave","Feel No Pain"],"picked":"SKIP","floor":11},{"not_picked":["Sword Boomerang","Havoc","Dark Embrace"],"picked":"SKIP","floor":12},{"not_picked":["Pommel Strike","Anger"],"picked":"Shrug It Off","floor":14}],"player_experience":1928380,"relics_obtained":[{"floor":5,"key":"Darkstone Periapt"},{"floor":6,"key":"PreservedInsect"},{"floor":8,"key":"Magic Flower"},{"floor":9,"key":"Letter Opener"},{"floor":11,"key":"Oddly Smooth Stone"}],"event_choices":[{"damage_healed":0,"gold_gain":0,"cards_transformed":["Strike_R"],"player_choice":"Change","damage_taken":0,"max_hp_gain":0,"max_hp_loss":0,"event_name":"Living Wall","floor":2,"gold_loss":0,"cards_obtained":["Carnage"]},{"cards_removed":["Strike_R"],"damage_healed":0,"gold_gain":0,"player_choice":"Card Removal","damage_taken":7,"max_hp_gain":0,"max_hp_loss":0,"event_name":"Golden Wing","floor":3,"gold_loss":0},{"damage_healed":0,"gold_gain":0,"player_choice":"Box","damage_taken":0,"relics_obtained":["Red Skull"],"max_hp_gain":0,"max_hp_loss":0,"event_name":"Big Fish","floor":4,"gold_loss":0,"cards_obtained":["Regret"]}],"is_beta":false,"boss_relics":[],"items_purged_floors":[],"is_endless":false,"potions_floor_spawned":[1,6,10,11],"killed_by":"Hexaghost","ascension_level":20}