{"gold_per_floor":[110,110,110,35,58,94,94,63,63,103,103,103],"floor_reached":12,"playtime":183,"items_purged":["Injury"],"score":218,"play_id":"75756223-7efb-4614-a6c0-b637a2471c2a","local_time":"20220926225046","is_ascension_mode":true,"campfire_choices":[{"data":"Cleave","floor":7,"key":"SMITH"}],"neow_cost":"NONE","seed_source_timestamp":1044972708719900,"circlet_count":0,"master_deck":["AscendersBane","Strike_R","Strike_R","Strike_R+1","Strike_R","Strike_R","Defend_R","Defend_R","Defend_R","Defend_R","Bash","Cleave+1","Infernal Blade","Dropkick+1"],"relics":["Burning Blood","NeowsBlessing","Golden Idol","Bag of Marbles","CeramicFish","Letter Opener"],"potions_floor_usage":[10],"damage_taken":[{"damage":0,"enemies":"Small Slimes","floor":1,"turns":1},{"damage":0,"enemies":"2 Louse","floor":5,"turns":1},{"damage":0,"enemies":"Gremlin Nob","floor":6,"turns":1},{"damage":28,"enemies":"Lagavulin","floor":10,"turns":5},{"damage":30,"enemies":"3 Sentries","floor":12,"turns":6}],"seed_played":"-7439685877487657828","potions_obtained":[{"floor":5,"key":"Block Potion"}],"is_trial":false,"path_per_floor":["M","?","?","$","M","E","R","$","T","E","?","E"],"character_chosen":"IRONCLAD","items_purchased":["Infernal Blade"],"campfire_rested":0,"item_purchase_floors":[8],"current_hp_per_floor":[74,74,74,74,75,75,75,75,75,53,30,0],"gold":103,"neow_bonus":"THREE_ENEMY_KILL","is_prod":false,"is_daily":false,"chose_seed":false,"campfire_upgraded":1,"win_rate":0,"timestamp":1664225446,"path_taken":["M","?","?","$","?","E","R","$","T","E","?","E"],"build_version":"2022-03-07","purchased_purges":1,"victory":false,"max_hp_per_floor":[75,75,75,75,75,75,75,75,75,75,75,75],"card_choices":[{"not_picked":["Headbutt","Sword Boomerang"],"picked":"Wild Strike","floor":1},{"not_picked":["Clash","Anger"],"picked":"Cleave","floor":5},{"not_picked":["Twin Strike","Seeing Red","Warcry"],"picked":"SKIP","floor":6},{"not_picked":["Wild Strike","Cleave"],"picked":"Dropkick","floor":10}],"player_experience":1928197,"relics_obtained":[{"floor":6,"key":"CeramicFish"},{"floor":10,"key":"Letter Opener"}],"event_choices":[{"damage_healed":0,"gold_gain":0,"player_choice":"Take Wound","damage_taken":0,"relics_obtained":["Golden Idol"],"max_hp_gain":0,"max_hp_loss":0,"event_name":"Golden Idol","floor":2,"gold_loss":0,"cards_obtained":["Injury"]},{"cards_removed":["Wild Strike"],"damage_healed":0,"gold_gain":0,"player_choice":"Gave Card","damage_taken":0,"relics_obtained":["Bag of Marbles"],"max_hp_gain":0,"max_hp_loss":0,"event_name":"WeMeetAgain","floor":3,"gold_loss":0},{"damage_healed":0,"gold_gain":0,"player_choice":"Entered Light","damage_taken":23,"max_hp_gain":0,"max_hp_loss":0,"event_name":"Shining Light","floor":11,"gold_loss":0,"cards_upgraded":["Dropkick","Strike_R"]}],"is_beta":false,"boss_relics":[],"items_purged_floors":[4],"is_endless":false,"potions_floor_spawned":[5],"killed_by":"3 Sentries","ascension_level":20}