{"gold_per_floor":[11,11,25,100,100,129,129,149,149,179,179,7,7,67,67,145,145,159,159,109,128,128,128,142,50,101,119,119],"floor_reached":28,"playtime":764,"items_purged":[],"score":448,"play_id":"81a71192-cf32-48f9-9a98-22a2789ae37f","local_time":"20220926224459","is_ascension_mode":true,"campfire_choices":[{"data":"Rampage","floor":7,"key":"SMITH"},{"floor":13,"key":"REST"},{"floor":15,"key":"REST"},{"data":"Disarm","floor":23,"key":"SMITH"}],"neow_cost":"NO_GOLD","seed_source_timestamp":1044044488081900,"circlet_count":0,"master_deck":["AscendersBane","Strike_R","Strike_R","Strike_R","Defend_R","Defend_R","Defend_R","Bash","Shrug It Off","Rampage+1","Warcry","Disarm+1","Brutality","Pommel Strike+1","Panacea"],"relics":["Burning Blood","Ice Cream","Ancient Tea Set","StrikeDummy","Blue Candle","Kunai","Omamori","Centennial Puzzle","Black Star","Thread and Needle","MutagenicStrength","Vajra"],"potions_floor_usage":[6,14,27,28],"damage_taken":[{"damage":8,"enemies":"Cultist","floor":1,"turns":5},{"damage":4,"enemies":"Small Slimes","floor":3,"turns":4},{"damage":8,"enemies":"Gremlin Nob","floor":6,"turns":3},{"damage":7,"enemies":"2 Louse","floor":8,"turns":2},{"damage":13,"enemies":"Lagavulin","floor":10,"turns":6},{"damage":2,"enemies":"Gremlin Nob","floor":14,"turns":3},{"damage":12,"enemies":"The Guardian","floor":16,"turns":10},{"damage":21,"enemies":"Chosen","floor":18,"turns":4},{"damage":5,"enemies":"Shell Parasite","floor":21,"turns":8},{"damage":9,"enemies":"Snake Plant","floor":24,"turns":5},{"damage":41,"enemies":"3 Cultists","floor":27,"turns":7},{"damage":33,"enemies":"Book of Stabbing","floor":28,"turns":5}],"seed_played":"1814709304934894340","potions_obtained":[{"floor":1,"key":"LiquidMemories"},{"floor":3,"key":"LiquidMemories"},{"floor":8,"key":"ElixirPotion"},{"floor":10,"key":"SkillPotion"},{"floor":21,"key":"Regen Potion"}],"is_trial":false,"path_per_floor":["M","T","M","?","?","E","R","M","T","E","?","$","R","?","R","B",null,"M","?","?","M","?","R","M","$","T","M","E"],"character_chosen":"IRONCLAD","items_purchased":["Omamori","Panacea"],"campfire_rested":2,"item_purchase_floors":[12,25],"current_hp_per_floor":[66,66,68,57,57,55,55,54,54,47,12,12,34,38,60,54,70,55,55,55,56,56,56,53,53,53,18,0],"gold":119,"neow_bonus":"REMOVE_TWO","is_prod":false,"is_daily":false,"chose_seed":false,"campfire_upgraded":2,"win_rate":0,"timestamp":1664225099,"path_taken":["M","?","M","?","?","E","R","?","T","E","?","$","R","?","R","BOSS","M","?","?","?","?","R","M","$","T","M","E"],"build_version":"2022-03-07","purchased_purges":0,"victory":false,"max_hp_per_floor":[75,75,75,75,75,75,75,75,75,75,75,75,75,75,75,75,75,75,75,75,75,75,75,75,75,75,75,75],"card_choices":[{"not_picked":["Reckless Charge","Havoc"],"picked":"Shrug It Off","floor":1},{"not_picked":["Twin Strike","Carnage"],"picked":"Rampage","floor":3},{"not_picked":["Sword Boomerang","Twin Strike"],"picked":"Warcry","floor":6},{"not_picked":["Warcry","Feel No Pain"],"picked":"Disarm","floor":8},{"not_picked":["Thunderclap","Flex"],"picked":"Brutality","floor":10},{"not_picked":["Armaments","Sword Boomerang","Clothesline+1"],"picked":"SKIP","floor":18},{"not_picked":["Body Slam","Power Through","Thunderclap"],"picked":"SKIP","floor":21},{"not_picked":["Armaments","Dual Wield"],"picked":"Pommel Strike+1","floor":24},{"not_picked":["Dark Embrace+1","Burning Pact","Sword Boomerang"],"picked":"SKIP","floor":27}],"player_experience":1927298,"relics_obtained":[{"floor":2,"key":"Ice Cream"},{"floor":6,"key":"Ancient Tea Set"},{"floor":9,"key":"StrikeDummy"},{"floor":10,"key":"Blue Candle"},{"floor":14,"key":"Centennial Puzzle"},{"floor":26,"key":"Vajra"}],"event_choices":[{"damage_healed":0,"gold_gain":75,"player_choice":"Gather Gold","damage_taken":11,"max_hp_gain":0,"max_hp_loss":0,"event_name":"World of Goop","floor":4,"gold_loss":0},{"cards_removed":["Strike_R"],"damage_healed":0,"gold_gain":0,"player_choice":"Offered Basic","damage_taken":0,"max_hp_gain":0,"max_hp_loss":0,"event_name":"Bonfire Elementals","floor":5,"gold_loss":0},{"damage_healed":0,"gold_gain":0,"player_choice":"Success","damage_taken":35,"relics_obtained":["Kunai"],"max_hp_gain":0,"max_hp_loss":0,"event_name":"Scrap Ooze","floor":11,"gold_loss":0},{"damage_healed":0,"gold_gain":0,"player_choice":"Searched \u00271\u0027 times","damage_taken":0,"max_hp_gain":0,"max_hp_loss":0,"event_name":"Dead Adventurer","floor":14,"gold_loss":0},{"damage_healed":0,"gold_gain":0,"player_choice":"Opened","damage_taken":0,"relics_obtained":["Thread and Needle"],"max_hp_gain":0,"max_hp_loss":0,"event_name":"The Mausoleum","floor":19,"gold_loss":0,"cards_obtained":["Writhe"]},{"damage_healed":0,"gold_gain":0,"player_choice":"Bet on Murderer","damage_taken":0,"max_hp_gain":0,"max_hp_loss":0,"event_name":"The Joust","floor":20,"gold_loss":50},{"damage_healed":0,"gold_gain":0,"player_choice":"Inject Mutagens","damage_taken":0,"relics_obtained":["MutagenicStrength"],"max_hp_gain":0,"max_hp_loss":0,"event_name":"Drug Dealer","floor":22,"gold_loss":0}],"is_beta":false,"boss_relics":[{"not_picked":["Snecko Eye","SacredBark"],"picked":"Black Star"}],"items_purged_floors":[],"is_endless":false,"potions_floor_spawned":[1,3,8,10,21,24],"killed_by":"Book of Stabbing","ascension_level":20}