{"gold_per_floor":[365,515,515,58,71,71,102,132,132,132,165,165,199,31,31,106,106,116,116],"floor_reached":19,"playtime":691,"items_purged":["Doubt"],"score":362,"play_id":"4095ee05-c3fc-414c-b211-3df24a3d4e8d","local_time":"20220924113031","is_ascension_mode":true,"campfire_choices":[{"floor":6,"key":"REST"},{"floor":10,"key":"REST"},{"floor":15,"key":"REST"}],"neow_cost":"CURSE","seed_source_timestamp":830847903872300,"circlet_count":0,"master_deck":["AscendersBane","Strike_R","Strike_R","Strike_R","Strike_R","Strike_R","Defend_R","Defend_R","Defend_R","Defend_R+1","Bash","Rampage+1","Magnetism","Spot Weakness","Body Slam","Double Tap","Berserk"],"relics":["Burning Blood","Lantern","StrikeDummy","Du-Vu Doll","Darkstone Periapt","Bag of Marbles","Strawberry","Black Star"],"potions_floor_usage":[11,16,16],"damage_taken":[{"damage":21,"enemies":"Jaw Worm","floor":1,"turns":5},{"damage":23,"enemies":"Small Slimes","floor":5,"turns":5},{"damage":21,"enemies":"Lagavulin","floor":7,"turns":7},{"damage":17,"enemies":"3 Sentries","floor":11,"turns":8},{"damage":30,"enemies":"Lagavulin","floor":13,"turns":4},{"damage":25,"enemies":"The Guardian","floor":16,"turns":10},{"damage":30,"enemies":"Chosen","floor":18,"turns":5},{"damage":42,"enemies":"3 Byrds","floor":19,"turns":5}],"seed_played":"-3395885071371057404","potions_obtained":[{"floor":7,"key":"SteroidPotion"},{"floor":11,"key":"SkillPotion"},{"floor":13,"key":"LiquidMemories"}],"is_trial":false,"path_per_floor":["M","?","?","$","M","R","E","?","T","R","E","?","E","$","R","B",null,"M","M"],"character_chosen":"IRONCLAD","items_purchased":["Magnetism","Lantern","Strawberry"],"campfire_rested":3,"item_purchase_floors":[4,4,14],"current_hp_per_floor":[53,53,30,30,13,35,20,20,20,42,31,31,7,14,38,19,66,42,0],"gold":116,"neow_bonus":"TWO_FIFTY_GOLD","is_prod":false,"is_daily":false,"chose_seed":false,"campfire_upgraded":0,"win_rate":0,"timestamp":1664011831,"path_taken":["M","?","?","$","M","R","E","?","T","R","E","?","E","$","R","BOSS","M","M"],"build_version":"2022-03-07","purchased_purges":1,"victory":false,"max_hp_per_floor":[75,75,75,75,75,75,75,75,75,75,75,75,75,82,82,82,82,82,82],"card_choices":[{"not_picked":["Armaments","Flex"],"picked":"Rampage","floor":1},{"not_picked":["Uppercut","Body Slam"],"picked":"Spot Weakness","floor":5},{"not_picked":["Whirlwind","Anger"],"picked":"Body Slam","floor":7},{"not_picked":["Seeing Red","Havoc"],"picked":"Double Tap","floor":11},{"not_picked":["Infernal Blade","Clothesline","True Grit"],"picked":"SKIP","floor":13},{"not_picked":["Impervious","Demon Form"],"picked":"Berserk","floor":16},{"not_picked":["Thunderclap","Iron Wave","Clothesline"],"picked":"SKIP","floor":18}],"player_experience":1915302,"relics_obtained":[{"floor":7,"key":"StrikeDummy"},{"floor":9,"key":"Du-Vu Doll"},{"floor":11,"key":"Darkstone Periapt"},{"floor":13,"key":"Bag of Marbles"}],"event_choices":[{"damage_healed":0,"gold_gain":150,"player_choice":"AGREE","damage_taken":0,"max_hp_gain":0,"max_hp_loss":0,"event_name":"Liars Game","floor":2,"gold_loss":0,"cards_obtained":["Doubt"]},{"damage_healed":0,"gold_gain":0,"player_choice":"Entered Light","damage_taken":23,"max_hp_gain":0,"max_hp_loss":0,"event_name":"Shining Light","floor":3,"gold_loss":0,"cards_upgraded":["Defend_R","Rampage"]},{"damage_healed":0,"gold_gain":30,"player_choice":"Searched \u00271\u0027 times","damage_taken":0,"max_hp_gain":0,"max_hp_loss":0,"event_name":"Dead Adventurer","floor":8,"gold_loss":0},{"cards_removed":["Writhe"],"damage_healed":0,"gold_gain":0,"player_choice":"Removed Curses","damage_taken":0,"max_hp_gain":0,"max_hp_loss":0,"event_name":"Fountain of Cleansing","floor":12,"gold_loss":0}],"is_beta":false,"boss_relics":[{"not_picked":["Snecko Eye","SacredBark"],"picked":"Black Star"}],"items_purged_floors":[4],"is_endless":false,"potions_floor_spawned":[7,11,13],"killed_by":"3 Byrds","ascension_level":20}