{"gold_per_floor":[117,117,132,149,165,193,193,210,257,257,282,317,317,336,336,411,411,411,411,411,411,411,411,411,411],"floor_reached":25,"playtime":644,"items_purged":[],"score":466,"play_id":"08caf1f6-848d-4022-b2d5-2ed71996b568","local_time":"20221023223432","is_ascension_mode":true,"campfire_choices":[{"floor":10,"key":"REST"},{"floor":13,"key":"REST"},{"floor":15,"key":"REST"},{"floor":24,"key":"REST"}],"neow_cost":"NONE","seed_source_timestamp":1237958227040600,"circlet_count":0,"master_deck":["AscendersBane","Strike_R","Strike_R","Strike_R","Strike_R","Defend_R","Defend_R","Defend_R","Defend_R","Bash","Uppercut","Immolate","Fire Breathing","Pain","Inflame","Disarm","Rage","Feed","Shrug It Off+1","Inflame","Double Tap"],"relics":["Burning Blood","NeowsBlessing","Bag of Marbles","WarpedTongs","Nunchaku","Dream Catcher","Matryoshka","Ectoplasm","MawBank"],"potions_floor_usage":[6,6,16,18,23,23,25],"damage_taken":[{"damage":0,"enemies":"2 Louse","floor":1,"turns":1},{"damage":0,"enemies":"Cultist","floor":3,"turns":1},{"damage":0,"enemies":"Small Slimes","floor":4,"turns":1},{"damage":17,"enemies":"Gremlin Gang","floor":5,"turns":3},{"damage":30,"enemies":"Lagavulin","floor":6,"turns":5},{"damage":23,"enemies":"Exordium Wildlife","floor":8,"turns":3},{"damage":34,"enemies":"Gremlin Nob","floor":12,"turns":4},{"damage":14,"enemies":"Blue Slaver","floor":14,"turns":5},{"damage":35,"enemies":"Slime Boss","floor":16,"turns":7},{"damage":19,"enemies":"Shell Parasite","floor":18,"turns":4},{"damage":13,"enemies":"3 Byrds","floor":20,"turns":4},{"damage":19,"enemies":"Snake Plant","floor":22,"turns":5},{"damage":24,"enemies":"Book of Stabbing","floor":23,"turns":5},{"damage":47,"enemies":"3 Cultists","floor":25,"turns":4}],"seed_played":"346793870132924044","potions_obtained":[{"floor":1,"key":"BlessingOfTheForge"},{"floor":3,"key":"Ancient Potion"},{"floor":8,"key":"Explosive Potion"},{"floor":14,"key":"FearPotion"},{"floor":16,"key":"DistilledChaos"},{"floor":18,"key":"SpeedPotion"},{"floor":23,"key":"ElixirPotion"}],"is_trial":false,"path_per_floor":["M","?","M","M","M","E","?","M","T","R","T","E","R","M","R","B",null,"M","?","M","?","M","E","R","M"],"character_chosen":"IRONCLAD","items_purchased":[],"campfire_rested":4,"item_purchase_floors":[],"current_hp_per_floor":[74,74,75,75,64,40,40,23,23,45,45,17,39,31,53,24,62,49,43,40,40,27,9,32,0],"gold":411,"neow_bonus":"THREE_ENEMY_KILL","is_prod":false,"is_daily":false,"chose_seed":false,"campfire_upgraded":0,"win_rate":0,"timestamp":1666557272,"path_taken":["M","?","?","?","?","E","?","?","T","R","?","E","R","M","R","BOSS","M","?","?","?","M","E","R","?"],"build_version":"2022-10-04","purchased_purges":0,"victory":false,"max_hp_per_floor":[75,75,75,75,75,75,75,75,75,75,75,75,75,75,75,75,75,75,75,79,79,79,79,79,82],"card_choices":[{"not_picked":["Seeing Red","Clash"],"picked":"Uppercut","floor":1},{"not_picked":["Havoc","Armaments","Dark Embrace"],"picked":"SKIP","floor":3},{"not_picked":["Body Slam","Warcry"],"picked":"Immolate","floor":4},{"not_picked":["Perfected Strike","Havoc","Wild Strike"],"picked":"SKIP","floor":5},{"not_picked":["Sword Boomerang","Havoc"],"picked":"Fire Breathing","floor":6},{"not_picked":["Body Slam","Pommel Strike"],"picked":"Inflame","floor":8},{"not_picked":["Seeing Red","Evolve","Brutality"],"picked":"SKIP","floor":12},{"not_picked":["Shockwave","Iron Wave"],"picked":"Disarm","floor":13},{"not_picked":["Sword Boomerang","Havoc"],"picked":"Rage","floor":14},{"not_picked":["Immolate","Impervious"],"picked":"Feed","floor":16},{"not_picked":["Thunderclap","Metallicize"],"picked":"Shrug It Off+1","floor":18},{"not_picked":["Headbutt","Iron Wave","Havoc"],"picked":"SKIP","floor":20},{"not_picked":["Pommel Strike+1","Inflame","Wild Strike"],"picked":"SKIP","floor":22},{"not_picked":["Carnage","Clothesline"],"picked":"Double Tap","floor":23}],"player_experience":1928948,"relics_obtained":[{"floor":6,"key":"Bag of Marbles"},{"floor":9,"key":"Nunchaku"},{"floor":11,"key":"Dream Catcher"},{"floor":12,"key":"Matryoshka"},{"floor":23,"key":"MawBank"}],"event_choices":[{"cards_removed":["Strike_R"],"damage_healed":0,"gold_gain":0,"player_choice":"Purged","damage_taken":0,"max_hp_gain":0,"max_hp_loss":0,"event_name":"Purifier","floor":2,"gold_loss":0},{"damage_healed":0,"gold_gain":0,"player_choice":"Rummage","damage_taken":0,"relics_obtained":["WarpedTongs"],"max_hp_gain":0,"max_hp_loss":0,"event_name":"Accursed Blacksmith","floor":7,"gold_loss":0,"cards_obtained":["Pain"]},{"damage_healed":0,"gold_gain":0,"player_choice":"","damage_taken":6,"max_hp_gain":0,"max_hp_loss":0,"event_name":"Knowing Skull","floor":19,"potions_obtained":[],"gold_loss":0,"cards_obtained":[]},{"damage_healed":0,"gold_gain":0,"player_choice":"Copied","damage_taken":0,"max_hp_gain":0,"max_hp_loss":0,"event_name":"Duplicator","floor":21,"gold_loss":0,"cards_obtained":["Inflame"]}],"is_beta":false,"boss_relics":[{"not_picked":["Runic Dome","Coffee Dripper"],"picked":"Ectoplasm"}],"items_purged_floors":[],"is_endless":false,"potions_floor_spawned":[1,3,8,14,16,18,23],"killed_by":"3 Cultists","ascension_level":20}