{"gold_per_floor":[119,194,194,214,228,263,263,263,286,310,310,99,113,153,153,153],"floor_reached":16,"playtime":336,"items_purged":[],"score":220,"play_id":"2a57ea70-d454-417c-b6bc-7c030ab835ce","local_time":"20221028202155","is_ascension_mode":true,"campfire_choices":[{"floor":8,"key":"REST"},{"data":"Hemokinesis","floor":11,"key":"SMITH"},{"data":"Fire Breathing","floor":15,"key":"SMITH"}],"neow_cost":"NONE","seed_source_timestamp":18229227776200,"circlet_count":0,"master_deck":["AscendersBane","Strike_R","Strike_R","Strike_R","Strike_R","Defend_R","Defend_R","Defend_R","Defend_R","Bash","Hemokinesis+1","Hemokinesis","Cleave","Injury","Metallicize","Fire Breathing+1"],"relics":["Burning Blood","Centennial Puzzle","PreservedInsect","Golden Idol","Anchor","Nunchaku","Regal Pillow"],"potions_floor_usage":[16],"damage_taken":[{"damage":8,"enemies":"2 Louse","floor":1,"turns":2},{"damage":6,"enemies":"Small Slimes","floor":4,"turns":3},{"damage":4,"enemies":"Cultist","floor":5,"turns":2},{"damage":41,"enemies":"Lagavulin","floor":6,"turns":6},{"damage":4,"enemies":"2 Fungi Beasts","floor":10,"turns":2},{"damage":5,"enemies":"Looter","floor":13,"turns":3},{"damage":11,"enemies":"3 Sentries","floor":14,"turns":5},{"damage":44,"enemies":"Hexaghost","floor":16,"turns":8}],"seed_played":"2643345387263144504","potions_obtained":[{"floor":1,"key":"ElixirPotion"},{"floor":5,"key":"Explosive Potion"},{"floor":6,"key":"PowerPotion"}],"is_trial":false,"path_per_floor":["M","?","?","M","M","E","?","R","T","M","R","$","M","E","R","B"],"character_chosen":"IRONCLAD","items_purchased":["Fire Breathing","Nunchaku"],"campfire_rested":1,"item_purchase_floors":[12,12],"current_hp_per_floor":[66,55,55,55,57,22,22,44,44,46,46,46,47,42,42,0],"gold":153,"neow_bonus":"RANDOM_COMMON_RELIC","is_prod":false,"is_daily":false,"chose_seed":false,"campfire_upgraded":2,"win_rate":0,"timestamp":1666981315,"path_taken":["M","?","?","?","M","E","?","R","T","M","R","$","M","E","R","BOSS"],"build_version":"2022-10-04","purchased_purges":0,"victory":false,"max_hp_per_floor":[75,75,75,75,75,75,75,75,75,75,75,75,75,75,75,75],"card_choices":[{"not_picked":["Sword Boomerang","Feel No Pain"],"picked":"Hemokinesis","floor":1},{"not_picked":["Body Slam","Burning Pact"],"picked":"Hemokinesis","floor":4},{"not_picked":["Dropkick","Combust"],"picked":"Cleave","floor":5},{"not_picked":["Sword Boomerang","Twin Strike","Clothesline"],"picked":"SKIP","floor":6},{"not_picked":["Hemokinesis","Iron Wave"],"picked":"Metallicize","floor":10},{"not_picked":["True Grit","Sentinel","Seeing Red"],"picked":"SKIP","floor":13},{"not_picked":["Wild Strike","Iron Wave","Clash"],"picked":"SKIP","floor":14}],"player_experience":1931640,"relics_obtained":[{"floor":6,"key":"PreservedInsect"},{"floor":9,"key":"Anchor"},{"floor":14,"key":"Regal Pillow"}],"event_choices":[{"damage_healed":0,"gold_gain":75,"player_choice":"Gather Gold","damage_taken":11,"max_hp_gain":0,"max_hp_loss":0,"event_name":"World of Goop","floor":2,"gold_loss":0},{"cards_removed":["Strike_R"],"damage_healed":0,"gold_gain":0,"player_choice":"Offered Basic","damage_taken":0,"max_hp_gain":0,"max_hp_loss":0,"event_name":"Bonfire Elementals","floor":3,"gold_loss":0},{"damage_healed":0,"gold_gain":0,"player_choice":"Take Wound","damage_taken":0,"relics_obtained":["Golden Idol"],"max_hp_gain":0,"max_hp_loss":0,"event_name":"Golden Idol","floor":7,"gold_loss":0,"cards_obtained":["Injury"]}],"is_beta":false,"boss_relics":[],"items_purged_floors":[],"is_endless":false,"potions_floor_spawned":[1,5,6],"killed_by":"Hexaghost","ascension_level":20}