{"gold_per_floor":[114,127,127,5,5,5,40,40,66,66],"floor_reached":10,"playtime":265,"items_purged":[],"score":153,"play_id":"990372fc-e98c-4903-8f68-7b15475c2238","local_time":"20221023222310","is_ascension_mode":true,"campfire_choices":[{"floor":6,"key":"REST"},{"data":"Inflame","floor":8,"key":"SMITH"}],"neow_cost":"CURSE","seed_source_timestamp":1237634246094200,"circlet_count":0,"master_deck":["AscendersBane","Strike_R","Strike_R","Strike_R+1","Strike_R","Strike_R","Defend_R","Defend_R","Defend_R","Defend_R","Bash","Rupture","Inflame+1","Ghostly Armor+1","Perfected Strike"],"special_seed":0,"relics":["Burning Blood","The Courier","Strawberry"],"potions_floor_usage":[10],"damage_taken":[{"damage":5,"enemies":"2 Louse","floor":1,"turns":4},{"damage":19,"enemies":"Jaw Worm","floor":2,"turns":6},{"damage":35,"enemies":"3 Sentries","floor":7,"turns":11},{"damage":56,"enemies":"Gremlin Nob","floor":10,"turns":4}],"seed_played":"-4102685304443127287","potions_obtained":[{"floor":7,"key":"SteroidPotion"}],"is_trial":false,"path_per_floor":["M","M","?","$","?","R","E","R","T","E"],"character_chosen":"IRONCLAD","items_purchased":["Inflame","Ghostly Armor"],"campfire_rested":1,"item_purchase_floors":[4,4],"current_hp_per_floor":[83,70,63,63,36,62,33,33,40,0],"gold":66,"neow_bonus":"TWENTY_PERCENT_HP_BONUS","is_prod":false,"is_daily":false,"chose_seed":false,"campfire_upgraded":1,"win_rate":0,"timestamp":1666556590,"path_taken":["M","M","?","$","?","R","E","R","T","E"],"build_version":"2022-10-04","purchased_purges":0,"victory":false,"max_hp_per_floor":[89,89,89,89,89,89,89,89,96,96],"card_choices":[{"not_picked":["Havoc","Heavy Blade","Clash"],"picked":"SKIP","floor":1},{"not_picked":["Clothesline","Flex"],"picked":"Rupture","floor":2},{"not_picked":["Iron Wave","True Grit"],"picked":"Perfected Strike","floor":7}],"player_experience":1928683,"relics_obtained":[{"floor":7,"key":"The Courier"},{"floor":9,"key":"Strawberry"}],"event_choices":[{"cards_removed":["Injury"],"damage_healed":0,"gold_gain":0,"player_choice":"Card Removal","damage_taken":7,"max_hp_gain":0,"max_hp_loss":0,"event_name":"Golden Wing","floor":3,"gold_loss":0},{"damage_healed":0,"gold_gain":0,"player_choice":"Entered Light","damage_taken":27,"max_hp_gain":0,"max_hp_loss":0,"event_name":"Shining Light","floor":5,"gold_loss":0,"cards_upgraded":["Ghostly Armor","Strike_R"]}],"is_beta":false,"boss_relics":[],"items_purged_floors":[],"is_endless":false,"potions_floor_spawned":[7],"killed_by":"Gremlin Nob","ascension_level":20}