{"gold_per_floor":[117,117,131,131,131,131,162,162,162,196,196,214,241,55,55,132,132,150,75,75,75,75,75,44,44,71,71,85,85,85,100,100,178,178,191,204,204,129,129,129,157,157,157,157],"floor_reached":44,"playtime":1085,"items_purged":["Regret"],"score":1032,"play_id":"88a0e069-4c5f-481f-8d01-b41316f45087","local_time":"20221024215423","is_ascension_mode":true,"campfire_choices":[{"data":"Searing Blow","floor":6,"key":"SMITH"},{"data":"Searing Blow+1","floor":8,"key":"SMITH"},{"data":"Searing Blow+2","floor":15,"key":"SMITH"},{"data":"Searing Blow+3","floor":25,"key":"SMITH"},{"data":"Searing Blow+4","floor":27,"key":"SMITH"},{"data":"Searing Blow+5","floor":29,"key":"SMITH"},{"data":"Searing Blow+6","floor":32,"key":"SMITH"},{"data":"Searing Blow+8","floor":40,"key":"SMITH"},{"floor":42,"key":"REST"}],"neow_cost":"NONE","seed_source_timestamp":1321508662837100,"circlet_count":0,"master_deck":["AscendersBane","Strike_R","Defend_R","Defend_R","Defend_R","Bash+1","Body Slam","Spot Weakness+1","Searing Blow+9","Armaments","Shrug It Off","Barricade","Double Tap","Battle Trance+1","Demon Form+1","Warcry+1","Battle Trance","J.A.X.","Ghostly Armor","Body Slam+1","CurseOfTheBell","Shrug It Off+1","Berserk","Flash of Steel+1"],"relics":["Burning Blood","NeowsBlessing","Orichalcum","StrikeDummy","The Courier","Oddly Smooth Stone","Darkstone Periapt","Happy Flower","ClockworkSouvenir","Astrolabe","Blood Vial","Juzu Bracelet","Calling Bell","Bag of Preparation","Molten Egg 2","Girya","Boot","Self Forming Clay"],"potions_floor_usage":[13,16,23,41],"damage_taken":[{"damage":0,"enemies":"Cultist","floor":1,"turns":1},{"damage":0,"enemies":"Small Slimes","floor":3,"turns":2},{"damage":0,"enemies":"3 Sentries","floor":7,"turns":2},{"damage":28,"enemies":"Lagavulin","floor":10,"turns":6},{"damage":9,"enemies":"Jaw Worm","floor":12,"turns":3},{"damage":17,"enemies":"3 Sentries","floor":13,"turns":8},{"damage":8,"enemies":"The Guardian","floor":16,"turns":9},{"damage":3,"enemies":"Chosen","floor":18,"turns":5},{"damage":12,"enemies":"Gremlin Leader","floor":23,"turns":2},{"damage":18,"enemies":"Shell Parasite","floor":28,"turns":8},{"damage":3,"enemies":"Snake Plant","floor":31,"turns":3},{"damage":47,"enemies":"Champ","floor":33,"turns":7},{"damage":5,"enemies":"Orb Walker","floor":35,"turns":2},{"damage":29,"enemies":"3 Darklings","floor":36,"turns":7},{"damage":46,"enemies":"Nemesis","floor":41,"turns":7},{"damage":37,"enemies":"Reptomancer","floor":44,"turns":2}],"seed_played":"6246033420118059867","potions_obtained":[{"floor":3,"key":"Regen Potion"},{"floor":7,"key":"SteroidPotion"},{"floor":13,"key":"Dexterity Potion"},{"floor":18,"key":"SmokeBomb"},{"floor":28,"key":"Fire Potion"},{"floor":31,"key":"CultistPotion"},{"floor":41,"key":"BlessingOfTheForge"}],"is_trial":false,"path_per_floor":["M","?","M","?","T","R","E","R","T","E","?","M","E","$","R","B",null,"M","?","?","T","?","E","$","R","T","R","M","R","?","M","R","B",null,"M","M","?","$","?","R","E","R","T","E"],"character_chosen":"IRONCLAD","items_purchased":["ClockworkSouvenir","Ghostly Armor","Flash of Steel+1"],"campfire_rested":1,"item_purchase_floors":[14,24,38],"current_hp_per_floor":[74,74,75,75,75,75,75,75,75,53,30,27,31,31,31,29,64,67,67,67,67,67,63,63,63,63,63,53,53,53,58,58,19,67,70,49,49,49,49,49,11,35,35,0],"gold":157,"neow_bonus":"THREE_ENEMY_KILL","is_prod":false,"is_daily":false,"chose_seed":false,"campfire_upgraded":8,"win_rate":0,"timestamp":1666641263,"path_taken":["M","?","?","?","?","R","E","R","T","E","?","?","E","?","R","BOSS","M","?","?","?","?","E","$","R","T","R","M","R","?","M","R","BOSS","M","M","?","$","?","R","E","R","T","E"],"build_version":"2022-10-04","purchased_purges":1,"victory":false,"max_hp_per_floor":[75,75,75,75,75,75,75,75,75,75,75,75,75,75,75,75,75,75,75,75,75,75,75,75,75,75,75,75,75,75,75,75,75,81,81,81,81,81,81,81,81,81,81,81],"card_choices":[{"not_picked":["Anger","Warcry"],"picked":"Body Slam","floor":1},{"not_picked":["Rage","Armaments"],"picked":"Searing Blow","floor":3},{"not_picked":["Cleave","Anger"],"picked":"Armaments","floor":7},{"not_picked":["Sword Boomerang","Sentinel","Clash"],"picked":"SKIP","floor":10},{"not_picked":["Perfected Strike","Clash"],"picked":"Shrug It Off","floor":12},{"not_picked":["Body Slam","Havoc"],"picked":"Barricade","floor":13},{"not_picked":["Brutality","Reaper"],"picked":"Double Tap","floor":16},{"not_picked":["Reckless Charge","Hemokinesis+1","Headbutt"],"picked":"SKIP","floor":18},{"not_picked":["Pummel","Armaments"],"picked":"Body Slam+1","floor":28},{"not_picked":["Body Slam","Havoc","Perfected Strike"],"picked":"SKIP","floor":31},{"not_picked":["Cleave+1","Thunderclap+1"],"picked":"Shrug It Off+1","floor":35},{"not_picked":["Shrug It Off","Pommel Strike+1"],"picked":"Berserk","floor":36},{"not_picked":["Fire Breathing","Pommel Strike+1","Twin Strike+1"],"picked":"SKIP","floor":41}],"player_experience":1930555,"relics_obtained":[{"floor":5,"key":"StrikeDummy"},{"floor":7,"key":"The Courier"},{"floor":9,"key":"Oddly Smooth Stone"},{"floor":10,"key":"Darkstone Periapt"},{"floor":13,"key":"Happy Flower"},{"floor":21,"key":"Blood Vial"},{"floor":26,"key":"Juzu Bracelet"},{"floor":34,"key":"Bag of Preparation"},{"floor":34,"key":"Molten Egg 2"},{"floor":34,"key":"Girya"},{"floor":41,"key":"Boot"},{"floor":43,"key":"Self Forming Clay"}],"event_choices":[{"damage_healed":0,"gold_gain":0,"player_choice":"1 cards matched","damage_taken":0,"max_hp_gain":0,"max_hp_loss":0,"event_name":"Match and Keep!","floor":2,"gold_loss":0,"cards_obtained":["Spot Weakness"]},{"damage_healed":0,"gold_gain":0,"player_choice":"Box","damage_taken":0,"relics_obtained":["Orichalcum"],"max_hp_gain":0,"max_hp_loss":0,"event_name":"Big Fish","floor":4,"gold_loss":0,"cards_obtained":["Regret"]},{"damage_healed":0,"gold_gain":0,"player_choice":"Entered Light","damage_taken":23,"max_hp_gain":0,"max_hp_loss":0,"event_name":"Shining Light","floor":11,"gold_loss":0,"cards_upgraded":["Spot Weakness","Bash"]},{"cards_removed":["Strike_R"],"damage_healed":0,"gold_gain":0,"player_choice":"Gave Gold","damage_taken":0,"max_hp_gain":0,"max_hp_loss":0,"event_name":"Beggar","floor":19,"gold_loss":75},{"damage_healed":0,"gold_gain":0,"player_choice":"Read","damage_taken":0,"max_hp_gain":0,"max_hp_loss":0,"event_name":"The Library","floor":20,"gold_loss":0,"cards_obtained":["Battle Trance"]},{"damage_healed":0,"gold_gain":0,"player_choice":"Obtain J.A.X.","damage_taken":0,"max_hp_gain":0,"max_hp_loss":0,"event_name":"Drug Dealer","floor":22,"gold_loss":0,"cards_obtained":["J.A.X."]},{"cards_removed":["Defend_R"],"damage_healed":0,"gold_gain":0,"player_choice":"Purged","damage_taken":0,"max_hp_gain":0,"max_hp_loss":0,"event_name":"Purifier","floor":30,"gold_loss":0},{"damage_healed":0,"gold_gain":0,"player_choice":"Got Potions","damage_taken":0,"max_hp_gain":0,"max_hp_loss":0,"event_name":"Lab","floor":37,"gold_loss":0},{"damage_healed":0,"gold_gain":0,"player_choice":"Upgraded","damage_taken":0,"max_hp_gain":0,"max_hp_loss":0,"event_name":"Upgrade Shrine","floor":39,"gold_loss":0,"cards_upgraded":["Searing Blow"]}],"is_beta":false,"boss_relics":[{"not_picked":["Fusion Hammer","Philosopher\u0027s Stone"],"picked":"Astrolabe"},{"not_picked":["Black Blood","Runic Dome"],"picked":"Calling Bell"}],"items_purged_floors":[14],"is_endless":false,"potions_floor_spawned":[3,7,13,18,28,31,41],"killed_by":"Reptomancer","ascension_level":20}