{"gold_per_floor":[109,109,34,48,48,48,77,77,100,135,151,151,171,185,185,262,262,276,276,28,39,39,39,51,51,51,51],"floor_reached":27,"playtime":444,"items_purged":["Decay"],"score":492,"play_id":"5daa8d10-a30f-4cf7-bb27-0844853f96d2","local_time":"20221102214217","is_ascension_mode":true,"campfire_choices":[{"data":"Searing Blow+1","floor":6,"key":"SMITH"},{"data":"Searing Blow+2","floor":8,"key":"SMITH"},{"data":"Searing Blow+3","floor":12,"key":"SMITH"},{"data":"Searing Blow+4","floor":15,"key":"SMITH"},{"data":"Searing Blow+5","floor":23,"key":"SMITH"},{"data":"Searing Blow+6","floor":25,"key":"SMITH"}],"neow_cost":"NONE","seed_source_timestamp":458550978577900,"circlet_count":0,"master_deck":["AscendersBane","Strike_R","Strike_R","Strike_R","Strike_R","Defend_R","Defend_R","Defend_R","Defend_R","Bash","Searing Blow+7","Exhume","Armaments","Double Tap","Cleave","Bloodletting+1"],"relics":["Burning Blood","NeowsBlessing","Mummified Hand","Oddly Smooth Stone","Toy Ornithopter","Pen Nib","SacredBark","Tiny Chest","The Courier"],"potions_floor_usage":[10,16,18,27],"damage_taken":[{"damage":0,"enemies":"Cultist","floor":1,"turns":1},{"damage":0,"enemies":"2 Louse","floor":4,"turns":1},{"damage":0,"enemies":"Gremlin Nob","floor":7,"turns":1},{"damage":34,"enemies":"Lagavulin","floor":10,"turns":4},{"damage":1,"enemies":"Jaw Worm","floor":11,"turns":4},{"damage":26,"enemies":"Exordium Thugs","floor":13,"turns":3},{"damage":8,"enemies":"Blue Slaver","floor":14,"turns":3},{"damage":17,"enemies":"Slime Boss","floor":16,"turns":7},{"damage":34,"enemies":"2 Thieves","floor":18,"turns":4},{"damage":0,"enemies":"Chosen","floor":21,"turns":2},{"damage":27,"enemies":"Snake Plant","floor":24,"turns":4},{"damage":30,"enemies":"Slavers","floor":27,"turns":1}],"seed_played":"-5006283007007820368","potions_obtained":[{"floor":1,"key":"LiquidMemories"},{"floor":4,"key":"ColorlessPotion"},{"floor":10,"key":"Weak Potion"},{"floor":11,"key":"Explosive Potion"},{"floor":18,"key":"PowerPotion"}],"is_trial":false,"path_per_floor":["M","?","?","M","T","R","E","R","T","E","M","R","M","M","R","B",null,"M","?","$","M","$","R","M","R","T","E"],"character_chosen":"IRONCLAD","items_purchased":["Tiny Chest"],"campfire_rested":0,"item_purchase_floors":[20],"current_hp_per_floor":[74,74,74,75,75,75,75,75,75,47,52,52,32,30,30,24,62,39,39,39,45,45,45,24,24,24,0],"gold":51,"neow_bonus":"THREE_ENEMY_KILL","is_prod":false,"is_daily":false,"chose_seed":false,"campfire_upgraded":6,"win_rate":0,"timestamp":1667421737,"path_taken":["M","?","?","?","?","R","E","R","T","E","M","R","M","M","R","BOSS","M","?","$","M","$","R","M","R","T","E"],"build_version":"2022-10-04","purchased_purges":1,"victory":false,"max_hp_per_floor":[75,75,75,75,75,75,75,75,75,75,75,75,75,75,75,75,75,75,75,75,75,75,75,75,75,75,75],"card_choices":[{"not_picked":["Cleave","Warcry"],"picked":"Searing Blow","floor":1},{"not_picked":["Uppercut","Rupture","Thunderclap"],"picked":"SKIP","floor":4},{"not_picked":["Wild Strike","Clothesline"],"picked":"Exhume","floor":7},{"not_picked":["Sever Soul","Heavy Blade","Anger"],"picked":"SKIP","floor":10},{"not_picked":["Clothesline","Burning Pact"],"picked":"Armaments","floor":11},{"not_picked":["Thunderclap","Flex","Body Slam"],"picked":"SKIP","floor":13},{"not_picked":["Rampage","Wild Strike","Iron Wave"],"picked":"SKIP","floor":14},{"not_picked":["Juggernaut","Immolate"],"picked":"Double Tap","floor":16},{"not_picked":["Clothesline","Hemokinesis"],"picked":"Cleave","floor":18},{"not_picked":["Dual Wield","Warcry","Havoc"],"picked":"SKIP","floor":21},{"not_picked":["Clash","Battle Trance"],"picked":"Bloodletting+1","floor":24}],"player_experience":1933460,"relics_obtained":[{"floor":5,"key":"Mummified Hand"},{"floor":7,"key":"Oddly Smooth Stone"},{"floor":9,"key":"Toy Ornithopter"},{"floor":10,"key":"Pen Nib"},{"floor":26,"key":"The Courier"}],"event_choices":[{"damage_healed":0,"gold_gain":0,"player_choice":"Grow","damage_taken":0,"max_hp_gain":0,"max_hp_loss":0,"event_name":"Living Wall","floor":2,"gold_loss":0,"cards_upgraded":["Searing Blow"]},{"cards_removed":["Strike_R"],"damage_healed":0,"gold_gain":0,"player_choice":"Card Removal","damage_taken":0,"max_hp_gain":0,"max_hp_loss":0,"event_name":"The Cleric","floor":3,"gold_loss":75},{"damage_healed":0,"gold_gain":0,"player_choice":"Smashed Altar","damage_taken":0,"max_hp_gain":0,"max_hp_loss":0,"event_name":"Forgotten Altar","floor":19,"gold_loss":0,"cards_obtained":["Decay"]}],"is_beta":false,"boss_relics":[{"not_picked":["Runic Dome","Mark of Pain"],"picked":"SacredBark"}],"items_purged_floors":[20],"is_endless":false,"potions_floor_spawned":[1,4,10,11,18],"killed_by":"Slavers","ascension_level":20}