{"gold_per_floor":[118,393,15,25,41,41,376,376,376,253,282,297,80,5,5,79,79,89,104,104,115,115],"floor_reached":22,"playtime":608,"items_purged":["Regret","Strike_R"],"score":488,"play_id":"9c0e5c78-dc52-4cbe-be20-580f3fb58a23","local_time":"20221104224628","is_ascension_mode":true,"campfire_choices":[{"data":"Apotheosis","floor":6,"key":"SMITH"},{"floor":8,"key":"REST"},{"floor":15,"key":"RECALL"}],"neow_cost":"NONE","seed_source_timestamp":21894594719300,"circlet_count":0,"master_deck":["AscendersBane","Strike_R","Strike_R","Strike_R","Strike_R","Defend_R","Defend_R","Defend_R","Bash","Rupture","Apotheosis+1","Shrug It Off","Inflame","Combust","Feed"],"relics":["Burning Blood","NeowsBlessing","Membership Card","Art of War","Old Coin","Ginger","Ancient Tea Set","Kunai","Vajra","MealTicket","Fusion Hammer"],"potions_floor_usage":[16,21,22],"damage_taken":[{"damage":0,"enemies":"Jaw Worm","floor":1,"turns":1},{"damage":0,"enemies":"Cultist","floor":4,"turns":1},{"damage":0,"enemies":"Small Slimes","floor":5,"turns":1},{"damage":37,"enemies":"Lagavulin","floor":7,"turns":8},{"damage":28,"enemies":"3 Sentries","floor":11,"turns":10},{"damage":0,"enemies":"2 Fungi Beasts","floor":12,"turns":4},{"damage":4,"enemies":"Slime Boss","floor":16,"turns":5},{"damage":15,"enemies":"Spheric Guardian","floor":18,"turns":4},{"damage":27,"enemies":"2 Thieves","floor":19,"turns":4},{"damage":31,"enemies":"Centurion and Healer","floor":21,"turns":7},{"damage":12,"enemies":"Shelled Parasite and Fungi","floor":22,"turns":2}],"seed_played":"-7437491091022768058","potions_obtained":[{"floor":1,"key":"FearPotion"},{"floor":7,"key":"Swift Potion"},{"floor":16,"key":"ColorlessPotion"},{"floor":18,"key":"HeartOfIron"},{"floor":21,"key":"Block Potion"}],"is_trial":false,"path_per_floor":["M","?","$","M","M","R","E","R","T","$","E","M","$","?","R","B",null,"M","M","?","M","M"],"character_chosen":"IRONCLAD","items_purchased":["Membership Card","Apotheosis","Art of War","Ancient Tea Set","Inflame","Vajra","MealTicket"],"campfire_rested":1,"item_purchase_floors":[3,3,3,10,10,13,13],"current_hp_per_floor":[74,74,74,75,75,75,44,66,66,66,44,50,50,50,50,52,69,60,43,32,11,0],"gold":115,"neow_bonus":"THREE_ENEMY_KILL","is_prod":false,"is_daily":false,"chose_seed":false,"campfire_upgraded":1,"win_rate":0,"timestamp":1667598388,"path_taken":["M","?","$","M","?","R","E","R","T","$","E","M","?","?","R","BOSS","M","M","?","M","?"],"build_version":"2022-10-04","purchased_purges":2,"victory":false,"max_hp_per_floor":[75,75,75,75,75,75,75,75,75,75,75,75,75,75,75,75,75,75,79,79,83,83],"card_choices":[{"not_picked":["Dual Wield","Clash"],"picked":"Rupture","floor":1},{"not_picked":["Headbutt","Perfected Strike","Second Wind"],"picked":"SKIP","floor":4},{"not_picked":["Pommel Strike","Warcry"],"picked":"Shrug It Off","floor":5},{"not_picked":["Anger","Pummel","Power Through"],"picked":"SKIP","floor":7},{"not_picked":["Ghostly Armor","Headbutt"],"picked":"Combust","floor":11},{"not_picked":["Clash","Reckless Charge","Spot Weakness"],"picked":"SKIP","floor":12},{"not_picked":["Immolate","Reaper"],"picked":"Feed","floor":16},{"not_picked":["Sentinel","Armaments","Warcry"],"picked":"SKIP","floor":18},{"not_picked":["Warcry","Flame Barrier","Iron Wave"],"picked":"SKIP","floor":19},{"not_picked":["Second Wind","Searing Blow+1","Inflame"],"picked":"SKIP","floor":21}],"player_experience":1934343,"relics_obtained":[{"floor":7,"key":"Old Coin"},{"floor":9,"key":"Ginger"},{"floor":11,"key":"Kunai"}],"event_choices":[{"damage_healed":0,"gold_gain":275,"player_choice":"Desecrate","damage_taken":0,"max_hp_gain":0,"max_hp_loss":0,"event_name":"Golden Shrine","floor":2,"gold_loss":0,"cards_obtained":["Regret"]},{"cards_removed":["Defend_R"],"damage_healed":0,"gold_gain":0,"player_choice":"Card Removal","damage_taken":0,"max_hp_gain":0,"max_hp_loss":0,"event_name":"The Cleric","floor":14,"gold_loss":75},{"damage_healed":0,"gold_gain":0,"player_choice":"Damaged","damage_taken":11,"max_hp_gain":0,"max_hp_loss":0,"event_name":"Wheel of Change","floor":20,"gold_loss":0}],"is_beta":false,"boss_relics":[{"not_picked":["Black Star","Ectoplasm"],"picked":"Fusion Hammer"}],"items_purged_floors":[3,13],"is_endless":false,"potions_floor_spawned":[1,7,12,16,18,21],"killed_by":"Shelled Parasite and Fungi","ascension_level":20}