{"gold_per_floor":[212,212,235,245,51,51,77,77,101,116,116,150,150,179,179,253,253,265,265,32,44,94,94],"floor_reached":23,"playtime":743,"items_purged":[],"score":410,"play_id":"65473393-e490-48b7-af56-cf1d1cfeabca","local_time":"20221105033217","is_ascension_mode":true,"campfire_choices":[{"data":"Bash","floor":6,"key":"SMITH"},{"data":"Body Slam","floor":8,"key":"SMITH"},{"data":"Flame Barrier","floor":13,"key":"SMITH"},{"data":"Spot Weakness","floor":15,"key":"SMITH"}],"neow_cost":"NONE","seed_source_timestamp":38915662927200,"circlet_count":0,"master_deck":["AscendersBane","Strike_R","Strike_R","Strike_R","Defend_R","Defend_R","Defend_R","Defend_R","Bash+1","Dropkick","Rage","Spot Weakness+1","Body Slam+1","Flame Barrier+1","Demon Form","Shrug It Off","Dropkick"],"relics":["Black Blood","Oddly Smooth Stone","Medical Kit","Potion Belt","Ancient Tea Set","Omamori","Red Skull","Bottled Flame","PreservedInsect"],"potions_floor_usage":[12,14,21],"damage_taken":[{"damage":7,"enemies":"Jaw Worm","floor":1,"turns":4},{"damage":1,"enemies":"2 Louse","floor":4,"turns":4},{"damage":41,"enemies":"3 Sentries","floor":7,"turns":11},{"damage":0,"enemies":"Cultist","floor":10,"turns":3},{"damage":27,"enemies":"Gremlin Nob","floor":12,"turns":4},{"damage":10,"enemies":"Lagavulin","floor":14,"turns":6},{"damage":12,"enemies":"Hexaghost","floor":16,"turns":7},{"damage":23,"enemies":"Shell Parasite","floor":18,"turns":5},{"damage":8,"enemies":"3 Byrds","floor":21,"turns":4},{"damage":59,"enemies":"Gremlin Leader","floor":23,"turns":5}],"seed_played":"1844622690702815682","potions_obtained":[{"floor":4,"key":"BloodPotion"},{"floor":7,"key":"SpeedPotion"},{"floor":10,"key":"HeartOfIron"}],"is_trial":false,"path_per_floor":["M","?","T","M","$","R","E","R","T","M","?","E","R","E","R","B",null,"M","T","$","M","?","E"],"character_chosen":"IRONCLAD","items_purchased":["Medical Kit","Spot Weakness","PreservedInsect","Dropkick"],"campfire_rested":0,"item_purchase_floors":[5,5,20,20],"current_hp_per_floor":[67,67,67,72,72,72,37,37,37,43,43,22,22,33,33,27,63,52,52,52,56,56,0],"gold":94,"neow_bonus":"HUNDRED_GOLD","is_prod":false,"is_daily":false,"chose_seed":false,"campfire_upgraded":4,"win_rate":0,"timestamp":1667615537,"path_taken":["M","?","?","M","$","R","E","R","T","M","?","E","R","E","R","BOSS","M","?","?","M","?","E"],"build_version":"2022-10-04","purchased_purges":0,"victory":false,"max_hp_per_floor":[75,75,75,75,75,75,75,75,75,75,75,75,75,75,75,75,75,75,75,75,75,75,75],"card_choices":[{"not_picked":["Sword Boomerang","Anger"],"picked":"Dropkick","floor":1},{"not_picked":["Wild Strike","Anger","Feel No Pain"],"picked":"SKIP","floor":4},{"not_picked":["Infernal Blade","Flame Barrier"],"picked":"Body Slam","floor":7},{"not_picked":["Searing Blow","Pommel Strike","Bludgeon"],"picked":"SKIP","floor":10},{"not_picked":["Cleave","Pommel Strike"],"picked":"Flame Barrier","floor":12},{"not_picked":["Twin Strike","Sentinel","Hemokinesis"],"picked":"SKIP","floor":14},{"not_picked":["Exhume","Immolate"],"picked":"Demon Form","floor":16},{"not_picked":["Armaments","Thunderclap"],"picked":"Shrug It Off","floor":18},{"not_picked":["Headbutt+1","Dark Embrace+1","Cleave"],"picked":"SKIP","floor":21}],"player_experience":1934951,"relics_obtained":[{"floor":3,"key":"Oddly Smooth Stone"},{"floor":7,"key":"Potion Belt"},{"floor":9,"key":"Ancient Tea Set"},{"floor":12,"key":"Omamori"},{"floor":14,"key":"Red Skull"},{"floor":19,"key":"Bottled Flame"}],"event_choices":[{"damage_healed":0,"gold_gain":0,"cards_transformed":["Strike_R"],"player_choice":"Change","damage_taken":0,"max_hp_gain":0,"max_hp_loss":0,"event_name":"Living Wall","floor":2,"gold_loss":0,"cards_obtained":["Rage"]},{"cards_removed":["Strike_R"],"damage_healed":0,"gold_gain":0,"player_choice":"Purged","damage_taken":0,"max_hp_gain":0,"max_hp_loss":0,"event_name":"Purifier","floor":11,"gold_loss":0},{"damage_healed":0,"gold_gain":50,"player_choice":"Stole From Cult","damage_taken":0,"max_hp_gain":0,"max_hp_loss":0,"event_name":"Nest","floor":22,"gold_loss":0}],"is_beta":false,"boss_relics":[{"not_picked":["Runic Cube","Coffee Dripper"],"picked":"Black Blood"}],"items_purged_floors":[],"is_endless":false,"potions_floor_spawned":[4,7,10],"killed_by":"Gremlin Leader","ascension_level":20}