{"gold_per_floor":[117,67,67,67,85,113,123,123,123,141,141],"floor_reached":11,"playtime":291,"items_purged":[],"score":146,"play_id":"5c60c696-02b2-4551-b5f2-11528e84cce5","local_time":"20221102214716","is_ascension_mode":true,"campfire_choices":[{"data":"Fiend Fire","floor":8,"key":"SMITH"}],"neow_cost":"NONE","seed_source_timestamp":459003390256200,"circlet_count":0,"master_deck":["AscendersBane","Strike_R","Strike_R","Strike_R","Strike_R","Strike_R+1","Defend_R+1","Defend_R","Defend_R","Defend_R","Bash","Fiend Fire+1","Cleave","Shrug It Off","Shrug It Off","Twin Strike+1","Pommel Strike+1"],"relics":["Burning Blood","Molten Egg 2","The Courier"],"potions_floor_usage":[6,7],"damage_taken":[{"damage":3,"enemies":"Cultist","floor":1,"turns":5},{"damage":4,"enemies":"Small Slimes","floor":5,"turns":3},{"damage":47,"enemies":"Gremlin Nob","floor":6,"turns":5},{"damage":0,"enemies":"2 Louse","floor":7,"turns":6},{"damage":16,"enemies":"Gremlin Gang","floor":10,"turns":4},{"damage":35,"enemies":"Lagavulin","floor":11,"turns":5}],"seed_played":"-1195696804037180719","potions_obtained":[{"floor":1,"key":"PowerPotion"},{"floor":6,"key":"Regen Potion"}],"is_trial":false,"path_per_floor":["M","$","?","$","M","E","M","R","T","M","E"],"character_chosen":"IRONCLAD","items_purchased":["Shrug It Off"],"campfire_rested":0,"item_purchase_floors":[2],"current_hp_per_floor":[71,71,48,48,50,9,30,30,30,20,0],"gold":141,"neow_bonus":"ONE_RANDOM_RARE_CARD","is_prod":false,"is_daily":false,"chose_seed":false,"campfire_upgraded":1,"win_rate":0,"timestamp":1667422036,"path_taken":["M","$","?","$","M","E","M","R","T","M","E"],"build_version":"2022-10-04","purchased_purges":0,"victory":false,"max_hp_per_floor":[75,75,75,75,75,75,75,75,75,75,75],"card_choices":[{"not_picked":["Searing Blow","Clothesline"],"picked":"Cleave","floor":1},{"not_picked":["Perfected Strike","Anger","Headbutt"],"picked":"SKIP","floor":5},{"not_picked":["Twin Strike+1","Power Through"],"picked":"Shrug It Off","floor":6},{"not_picked":["Second Wind","Rage"],"picked":"Twin Strike+1","floor":7},{"not_picked":["Shockwave","Headbutt+1"],"picked":"Pommel Strike+1","floor":10}],"player_experience":1933904,"relics_obtained":[{"floor":6,"key":"Molten Egg 2"},{"floor":9,"key":"The Courier"}],"event_choices":[{"damage_healed":0,"gold_gain":0,"player_choice":"Entered Light","damage_taken":23,"max_hp_gain":0,"max_hp_loss":0,"event_name":"Shining Light","floor":3,"gold_loss":0,"cards_upgraded":["Strike_R","Defend_R"]}],"is_beta":false,"boss_relics":[],"items_purged_floors":[],"is_endless":false,"potions_floor_spawned":[1,6],"killed_by":"Lagavulin","ascension_level":20}