{"gold_per_floor":[19,19,34,52,52,52,87,87,87,87],"floor_reached":10,"playtime":262,"items_purged":[],"score":132,"play_id":"18d2a07e-ea46-4933-8c0d-e80885c6409a","local_time":"20221116203939","is_ascension_mode":true,"campfire_choices":[{"data":"Magnetism","floor":6,"key":"SMITH"},{"data":"Rampage","floor":8,"key":"SMITH"}],"neow_cost":"NO_GOLD","seed_source_timestamp":300395973941600,"circlet_count":0,"master_deck":["AscendersBane","Strike_R","Strike_R","Strike_R","Strike_R","Strike_R","Defend_R","Defend_R","Defend_R","Defend_R","Bash","Magnetism+1","Rampage+1","Rage","Pommel Strike","Regret"],"special_seed":0,"relics":["Burning Blood","FaceOfCleric","Question Card","Singing Bowl","Tiny Chest"],"potions_floor_usage":[7],"damage_taken":[{"damage":6.0,"enemies":"Small Slimes","floor":1.0,"turns":5.0},{"damage":1.0,"enemies":"Cultist","floor":3.0,"turns":3.0},{"damage":17,"enemies":"2 Louse","floor":4,"turns":3},{"damage":36,"enemies":"Lagavulin","floor":7,"turns":8},{"damage":55,"enemies":"Gremlin Nob","floor":10,"turns":4}],"seed_played":"5826988245202393966","potions_obtained":[{"floor":3,"key":"FearPotion"}],"is_trial":false,"path_per_floor":["M","?","M","M","?","R","E","R","T","E"],"character_chosen":"IRONCLAD","items_purchased":[],"campfire_rested":0,"item_purchase_floors":[],"current_hp_per_floor":[68,68,74,64,64,64,37,37,37,0],"gold":87,"neow_bonus":"RANDOM_COLORLESS_2","is_prod":false,"is_daily":false,"chose_seed":false,"campfire_upgraded":2,"win_rate":0,"timestamp":1668627579,"path_taken":["M","?","M","?","?","R","E","R","T","E"],"build_version":"2022-10-04","purchased_purges":0,"victory":false,"max_hp_per_floor":[75,75,76,77,77,77,80,80,80,80],"card_choices":[{"not_picked":["Secret Weapon","The Bomb"],"picked":"Magnetism","floor":0.0},{"not_picked":["Wild Strike","Iron Wave"],"picked":"Rampage","floor":1.0},{"not_picked":["Pommel Strike","Uppercut"],"picked":"Rage","floor":3},{"not_picked":["Warcry","Clothesline"],"picked":"Pommel Strike","floor":4},{"not_picked":["Infernal Blade","Sever Soul","Perfected Strike","Armaments"],"picked":"Singing Bowl","floor":7}],"player_experience":1939979,"relics_obtained":[{"floor":7,"key":"Singing Bowl"},{"floor":9,"key":"Tiny Chest"}],"event_choices":[{"damage_healed":0.0,"max_hp_gain":0.0,"max_hp_loss":0.0,"gold_gain":0.0,"event_name":"FaceTrader","player_choice":"Trade","floor":2.0,"gold_loss":0.0,"damage_taken":0.0,"relics_obtained":["FaceOfCleric"]},{"damage_healed":0,"gold_gain":0,"player_choice":"Box","damage_taken":0,"relics_obtained":["Question Card"],"max_hp_gain":0,"max_hp_loss":0,"event_name":"Big Fish","floor":5,"gold_loss":0,"cards_obtained":["Regret"]}],"is_beta":false,"boss_relics":[],"items_purged_floors":[],"is_endless":false,"potions_floor_spawned":[3],"killed_by":"Gremlin Nob","ascension_level":20}