{"gold_per_floor":[112,187,200,38,38,38,69,79,104,138,138,168,179,207,207,207],"floor_reached":16,"playtime":433,"items_purged":[],"score":306,"play_id":"e520e45e-1876-4195-9055-0c75909d1c37","local_time":"20221119200905","is_ascension_mode":true,"campfire_choices":[{"data":"Cleave","floor":6,"key":"SMITH"},{"data":"Bash","floor":15,"key":"SMITH"}],"neow_cost":"NONE","seed_source_timestamp":557625147044600,"circlet_count":0,"master_deck":["AscendersBane","Strike_R","Strike_R","Strike_R","Strike_R","Strike_R","Defend_R","Defend_R","Defend_R+1","Defend_R","Bash+1","Cleave+1","Swivel+1","Undo+1","Prostrate+1"],"relics":["Burning Blood","NeowsBlessing","PrismaticShard","Bronze Scales","Art of War","War Paint","Toxic Egg 2","Smiling Mask","Question Card"],"potions_floor_usage":[10,10,14,14],"damage_taken":[{"damage":0,"enemies":"Jaw Worm","floor":1,"turns":1},{"damage":0,"enemies":"2 Louse","floor":3,"turns":1},{"damage":0,"enemies":"Lagavulin","floor":7,"turns":1},{"damage":6,"enemies":"Cultist","floor":8,"turns":3},{"damage":32,"enemies":"3 Sentries","floor":10,"turns":6},{"damage":18,"enemies":"Lagavulin","floor":12,"turns":7},{"damage":15,"enemies":"3 Louse","floor":13,"turns":2},{"damage":37,"enemies":"Gremlin Nob","floor":14,"turns":5},{"damage":13,"enemies":"Hexaghost","floor":16,"turns":9}],"seed_played":"1699666431046529366","potions_obtained":[{"floor":1,"key":"BloodPotion"},{"floor":3,"key":"Weak Potion"},{"floor":8,"key":"AttackPotion"},{"floor":10,"key":"Fruit Juice"},{"floor":12,"key":"BlessingOfTheForge"}],"is_trial":false,"path_per_floor":["M","?","M","$","?","R","E","M","T","E","?","E","M","E","R","B"],"character_chosen":"IRONCLAD","items_purchased":["PrismaticShard"],"campfire_rested":0,"item_purchase_floors":[4],"current_hp_per_floor":[74,63,69,69,69,69,75,75,75,54,49,37,28,13,13,0],"gold":207,"neow_bonus":"THREE_ENEMY_KILL","is_prod":false,"is_daily":false,"chose_seed":false,"campfire_upgraded":2,"win_rate":0,"timestamp":1668884945,"path_taken":["M","?","M","$","?","R","E","M","T","E","?","E","M","E","R","BOSS"],"build_version":"2022-10-04","purchased_purges":0,"victory":false,"max_hp_per_floor":[75,75,75,75,75,75,75,75,75,80,80,80,80,80,80,80],"card_choices":[{"not_picked":["Shockwave","Rupture"],"picked":"Cleave","floor":1},{"not_picked":["Perfected Strike","Pommel Strike","Warcry"],"picked":"SKIP","floor":3},{"not_picked":["Outmaneuver","Flame Barrier"],"picked":"Swivel","floor":7},{"not_picked":["Iron Wave","Turbo","BattleHymn"],"picked":"SKIP","floor":8},{"not_picked":["Cold Snap","CarveReality","CutThroughFate"],"picked":"SKIP","floor":10},{"not_picked":["Twin Strike","Steam Power+1"],"picked":"Undo+1","floor":12},{"not_picked":["Fission+1","Infinite Blades"],"picked":"Prostrate+1","floor":13},{"not_picked":["Coolheaded+1","Steam+1","CutThroughFate"],"picked":"SKIP","floor":14}],"player_experience":1949802,"relics_obtained":[{"floor":7,"key":"Bronze Scales"},{"floor":9,"key":"Art of War"},{"floor":10,"key":"War Paint"},{"floor":12,"key":"Smiling Mask"},{"floor":14,"key":"Question Card"}],"event_choices":[{"damage_healed":0,"gold_gain":75,"player_choice":"Gather Gold","damage_taken":11,"max_hp_gain":0,"max_hp_loss":0,"event_name":"World of Goop","floor":2,"gold_loss":0},{"damage_healed":0,"gold_gain":0,"player_choice":"Leave","damage_taken":0,"max_hp_gain":0,"max_hp_loss":0,"event_name":"The Cleric","floor":5,"gold_loss":0},{"damage_healed":0,"gold_gain":0,"player_choice":"Success","damage_taken":5,"relics_obtained":["Toxic Egg 2"],"max_hp_gain":0,"max_hp_loss":0,"event_name":"Scrap Ooze","floor":11,"gold_loss":0}],"is_beta":false,"boss_relics":[],"items_purged_floors":[],"is_endless":false,"potions_floor_spawned":[1,3,8,10,12],"killed_by":"Hexaghost","ascension_level":20}