{"gold_per_floor":[20,31,31,48,66,100,100,130,130,156,174,174,184,214,214,287,287,297,314,314,325,325],"floor_reached":22,"playtime":834,"items_purged":[],"score":436,"play_id":"384157d2-d864-4fc2-9791-cefe4932397b","local_time":"20221116202727","is_ascension_mode":true,"campfire_choices":[{"floor":12,"key":"REST"},{"data":"Flame Barrier","floor":15,"key":"SMITH"}],"neow_cost":"NO_GOLD","seed_source_timestamp":299124285781500,"circlet_count":0,"master_deck":["AscendersBane","Strike_R","Strike_R","Defend_R+1","Defend_R","Defend_R+1","Defend_R","Bash","Wild Strike","Cleave","Battle Trance","Inflame","Berserk","Inflame","Pummel","Flame Barrier+1","Infernal Blade+1","Rampage+1","Brutality+1","Pain"],"relics":["Burning Blood","Du-Vu Doll","Bottled Lightning","War Paint","InkBottle","Oddly Smooth Stone","Nunchaku","Pear","Astrolabe","WarpedTongs"],"potions_floor_usage":[8,10,14,16,21],"damage_taken":[{"damage":1,"enemies":"Cultist","floor":1,"turns":3},{"damage":9,"enemies":"2 Louse","floor":2,"turns":2},{"damage":2,"enemies":"Jaw Worm","floor":4,"turns":3},{"damage":14,"enemies":"Red Slaver","floor":5,"turns":2},{"damage":32,"enemies":"Gremlin Nob","floor":6,"turns":4},{"damage":18,"enemies":"3 Sentries","floor":8,"turns":7},{"damage":16,"enemies":"Lagavulin","floor":10,"turns":5},{"damage":0,"enemies":"2 Fungi Beasts","floor":11,"turns":4},{"damage":6,"enemies":"3 Louse","floor":13,"turns":2},{"damage":8,"enemies":"Gremlin Nob","floor":14,"turns":3},{"damage":15,"enemies":"The Guardian","floor":16,"turns":10},{"damage":2,"enemies":"Chosen","floor":18,"turns":3},{"damage":20,"enemies":"Shell Parasite","floor":19,"turns":3},{"damage":42,"enemies":"Shelled Parasite and Fungi","floor":21,"turns":4},{"damage":35,"enemies":"Centurion and Healer","floor":22,"turns":3}],"seed_played":"7966941081244822292","potions_obtained":[{"floor":1,"key":"EssenceOfSteel"},{"floor":4,"key":"EssenceOfSteel"},{"floor":8,"key":"AttackPotion"},{"floor":13,"key":"DuplicationPotion"},{"floor":14,"key":"ColorlessPotion"},{"floor":16,"key":"Fire Potion"},{"floor":21,"key":"Strength Potion"}],"is_trial":false,"path_per_floor":["M","M","?","M","M","E","?","E","T","E","M","R","M","E","R","B",null,"M","M","?","M","M"],"character_chosen":"IRONCLAD","items_purchased":[],"campfire_rested":1,"item_purchase_floors":[],"current_hp_per_floor":[73,70,75,75,67,41,41,29,29,19,25,47,47,55,55,46,75,79,65,65,29,0],"gold":325,"neow_bonus":"ONE_RARE_RELIC","is_prod":false,"is_daily":false,"chose_seed":false,"campfire_upgraded":1,"win_rate":0,"timestamp":1668626847,"path_taken":["M","M","?","?","M","E","?","E","T","E","M","R","M","E","R","BOSS","M","?","?","?","M"],"build_version":"2022-10-04","purchased_purges":0,"victory":false,"max_hp_per_floor":[75,75,75,75,75,75,75,75,75,75,75,75,75,85,85,85,85,85,85,85,85,85],"card_choices":[{"not_picked":["Seeing Red","True Grit"],"picked":"Wild Strike","floor":1},{"not_picked":["Iron Wave","Thunderclap"],"picked":"Battle Trance","floor":2},{"not_picked":["Clash","Flex"],"picked":"Cleave","floor":4},{"not_picked":["Burning Pact","Pommel Strike"],"picked":"Battle Trance","floor":5},{"not_picked":["Body Slam","Anger"],"picked":"Inflame","floor":6},{"not_picked":["Second Wind","Combust"],"picked":"Berserk","floor":8},{"not_picked":["Clash","Body Slam"],"picked":"Inflame","floor":10},{"not_picked":["Clothesline","Feel No Pain"],"picked":"Pummel","floor":11},{"not_picked":["Sword Boomerang","Clothesline","Pommel Strike"],"picked":"SKIP","floor":13},{"not_picked":["Rampage","Body Slam"],"picked":"Flame Barrier","floor":14},{"not_picked":["Sword Boomerang","Clash+1","Anger+1"],"picked":"SKIP","floor":18},{"not_picked":["Clash","Dropkick","Clothesline"],"picked":"SKIP","floor":19},{"not_picked":["Pommel Strike","Dual Wield","Anger+1"],"picked":"SKIP","floor":21}],"player_experience":1938765,"relics_obtained":[{"floor":6,"key":"Bottled Lightning"},{"floor":8,"key":"InkBottle"},{"floor":9,"key":"Oddly Smooth Stone"},{"floor":10,"key":"Nunchaku"},{"floor":14,"key":"Pear"}],"event_choices":[{"cards_removed":["Battle Trance"],"damage_healed":5,"gold_gain":0,"player_choice":"Offered Uncommon","damage_taken":0,"max_hp_gain":0,"max_hp_loss":0,"event_name":"Bonfire Elementals","floor":3,"gold_loss":0},{"damage_healed":0,"gold_gain":0,"player_choice":"Gave Potion","damage_taken":0,"relics_obtained":["War Paint"],"max_hp_gain":0,"max_hp_loss":0,"event_name":"WeMeetAgain","floor":7,"gold_loss":0},{"damage_healed":0,"gold_gain":0,"player_choice":"Rummage","damage_taken":0,"relics_obtained":["WarpedTongs"],"max_hp_gain":0,"max_hp_loss":0,"event_name":"Accursed Blacksmith","floor":20,"gold_loss":0,"cards_obtained":["Pain"]}],"is_beta":false,"boss_relics":[{"not_picked":["SacredBark","Runic Cube"],"picked":"Astrolabe"}],"items_purged_floors":[],"is_endless":false,"potions_floor_spawned":[1,4,8,13,14,16,21],"killed_by":"Centurion and Healer","ascension_level":20}