{"gold_per_floor":[114,189,189,189,209,209,38,38,92,156,156,101,123,165,165,248,248,267,267,36,56,136,136,159,159,159,189,209,245,245,83,83,157,157,174,154,64,64,64,64,108,108,108,108,117,17,17,60,60,60,60],"floor_reached":51,"playtime":1114,"items_purged":["Regret","Strike_R"],"score":1362,"play_id":"8520fc99-8ac1-40ec-bb89-db5f6f438183","local_time":"20221113103346","is_ascension_mode":true,"campfire_choices":[{"data":"Bash","floor":6,"key":"SMITH"},{"data":"Pommel Strike","floor":8,"key":"SMITH"},{"floor":11,"key":"RECALL"},{"data":"Immolate","floor":15,"key":"SMITH"},{"data":"Demon Form","floor":23,"key":"SMITH"},{"data":"Disarm","floor":25,"key":"SMITH"},{"data":"Metallicize","floor":30,"key":"SMITH"},{"floor":32,"key":"REST"},{"data":"Flash of Steel","floor":40,"key":"SMITH"},{"floor":42,"key":"REST"},{"data":"Double Tap","floor":44,"key":"SMITH"},{"data":"Mayhem","floor":47,"key":"SMITH"},{"floor":49,"key":"REST"}],"neow_cost":"NONE","seed_source_timestamp":4019501378300,"circlet_count":0,"master_deck":["AscendersBane","Strike_R","Strike_R","Strike_R","Defend_R","Defend_R","Defend_R","Bash+1","Pommel Strike+1","Burning Pact","Immolate+1","Demon Form+1","Disarm+1","Metallicize+1","Cleave","Disarm","Flash of Steel+1","Double Tap+1","Mayhem+1","Shrug It Off"],"relics":["Burning Blood","NeowsBlessing","PreservedInsect","Bronze Scales","Bag of Marbles","Nunchaku","CeramicFish","Centennial Puzzle","Busted Crown","MutagenicStrength","Bottled Tornado","Mango","Tiny Chest","ClockworkSouvenir","Black Star","Anchor","Question Card","InkBottle","HornCleat","Ginger","StrikeDummy"],"potions_floor_usage":[16,28,29,33,51,51],"damage_taken":[{"damage":0,"enemies":"2 Louse","floor":1,"turns":1},{"damage":0,"enemies":"Small Slimes","floor":5,"turns":1},{"damage":0,"enemies":"Lagavulin Event","floor":10,"turns":1},{"damage":0,"enemies":"Cultist","floor":13,"turns":3},{"damage":36,"enemies":"3 Sentries","floor":14,"turns":7},{"damage":25,"enemies":"Slime Boss","floor":16,"turns":7},{"damage":0,"enemies":"3 Byrds","floor":18,"turns":2},{"damage":1,"enemies":"Spheric Guardian","floor":21,"turns":3},{"damage":10,"enemies":"Chosen and Byrds","floor":24,"turns":4},{"damage":21,"enemies":"Book of Stabbing","floor":27,"turns":3},{"damage":43,"enemies":"Shelled Parasite and Fungi","floor":28,"turns":5},{"damage":15,"enemies":"Slavers","floor":29,"turns":2},{"damage":60,"enemies":"Automaton","floor":33,"turns":8},{"damage":12,"enemies":"3 Darklings","floor":35,"turns":3},{"damage":29,"enemies":"Reptomancer","floor":41,"turns":4},{"damage":19,"enemies":"Nemesis","floor":48,"turns":3},{"damage":55,"enemies":"Time Eater","floor":50,"turns":9},{"damage":33,"enemies":"Donu and Deca","floor":51,"turns":3}],"seed_played":"2047156514824376909","potions_obtained":[{"floor":13,"key":"SteroidPotion"},{"floor":24,"key":"Regen Potion"},{"floor":28,"key":"AttackPotion"},{"floor":29,"key":"Weak Potion"},{"floor":35,"key":"LiquidBronze"},{"floor":36,"key":"Explosive Potion"}],"is_trial":false,"path_per_floor":["M","?","?","?","M","R","$","R","T","?","R","?","M","E","R","B",null,"M","?","$","M","T","R","M","R","T","E","M","E","R","$","R","B",null,"M","?","$","?","T","R","E","R","T","R","?","$","R","E","R","B","B"],"character_chosen":"IRONCLAD","items_purchased":["Bronze Scales","Disarm","Metallicize","ClockworkSouvenir","Flash of Steel"],"campfire_rested":3,"item_purchase_floors":[7,20,20,31,37],"current_hp_per_floor":[74,63,56,56,62,62,62,62,62,68,68,68,74,44,44,25,63,69,69,69,74,74,74,70,70,70,69,44,35,35,35,61,7,69,63,63,63,63,63,63,40,66,66,66,66,66,66,53,79,30,0],"gold":60,"neow_bonus":"THREE_ENEMY_KILL","is_prod":false,"is_daily":false,"chose_seed":false,"campfire_upgraded":9,"win_rate":0,"timestamp":1668332026,"path_taken":["M","?","?","?","M","R","$","R","T","?","R","?","M","E","R","BOSS","M","?","$","M","?","R","M","R","T","E","M","E","R","$","R","BOSS","M","?","?","?","?","R","E","R","T","R","?","?","R","E","R","BOSS","BOSS"],"build_version":"2022-10-04","purchased_purges":2,"victory":false,"max_hp_per_floor":[75,75,75,75,75,75,75,75,75,75,75,75,75,75,75,75,75,75,75,75,75,75,75,75,75,75,89,89,89,89,89,89,89,89,89,89,89,89,89,89,89,89,89,89,89,89,89,89,89,89,89],"card_choices":[{"not_picked":["Flex","Thunderclap"],"picked":"Pommel Strike","floor":1},{"not_picked":["Headbutt","Armaments","Thunderclap"],"picked":"SKIP","floor":5},{"not_picked":["Intimidate","Reckless Charge"],"picked":"Burning Pact","floor":13},{"not_picked":["Twin Strike","Heavy Blade"],"picked":"Immolate","floor":14},{"not_picked":["Offering","Corruption"],"picked":"Demon Form","floor":16},{"not_picked":["Armaments"],"picked":"SKIP","floor":18},{"not_picked":["Armaments"],"picked":"SKIP","floor":21},{"not_picked":[],"picked":"Cleave","floor":24},{"not_picked":["Combust"],"picked":"SKIP","floor":27},{"not_picked":["Clash"],"picked":"SKIP","floor":28},{"not_picked":[],"picked":"Disarm","floor":29},{"not_picked":["Armaments"],"picked":"SKIP","floor":35},{"not_picked":[],"picked":"Double Tap","floor":41},{"not_picked":["Swift Strike"],"picked":"Mayhem","floor":45},{"not_picked":["Spot Weakness"],"picked":"Shrug It Off","floor":48}],"player_experience":1936894,"relics_obtained":[{"floor":9,"key":"Bag of Marbles"},{"floor":10,"key":"Nunchaku"},{"floor":14,"key":"Centennial Puzzle"},{"floor":22,"key":"Bottled Tornado"},{"floor":27,"key":"Mango"},{"floor":29,"key":"Tiny Chest"},{"floor":39,"key":"Anchor"},{"floor":41,"key":"Question Card"},{"floor":41,"key":"InkBottle"},{"floor":43,"key":"HornCleat"},{"floor":48,"key":"Ginger"},{"floor":48,"key":"StrikeDummy"}],"event_choices":[{"damage_healed":0,"gold_gain":75,"player_choice":"Gather Gold","damage_taken":11,"max_hp_gain":0,"max_hp_loss":0,"event_name":"World of Goop","floor":2,"gold_loss":0},{"cards_removed":["Strike_R"],"damage_healed":0,"gold_gain":0,"player_choice":"Card Removal","damage_taken":7,"max_hp_gain":0,"max_hp_loss":0,"event_name":"Golden Wing","floor":3,"gold_loss":0},{"damage_healed":0,"gold_gain":0,"player_choice":"Box","damage_taken":0,"relics_obtained":["PreservedInsect"],"max_hp_gain":0,"max_hp_loss":0,"event_name":"Big Fish","floor":4,"gold_loss":0,"cards_obtained":["Regret"]},{"damage_healed":0,"gold_gain":30,"player_choice":"Searched \u00272\u0027 times","damage_taken":0,"max_hp_gain":0,"max_hp_loss":0,"event_name":"Dead Adventurer","floor":10,"gold_loss":0},{"damage_healed":0,"gold_gain":0,"player_choice":"Paid Gold","damage_taken":0,"relics_obtained":["CeramicFish"],"max_hp_gain":0,"max_hp_loss":0,"event_name":"WeMeetAgain","floor":12,"gold_loss":55},{"damage_healed":0,"gold_gain":0,"player_choice":"Inject Mutagens","damage_taken":0,"relics_obtained":["MutagenicStrength"],"max_hp_gain":0,"max_hp_loss":0,"event_name":"Drug Dealer","floor":19,"gold_loss":0},{"damage_healed":0,"gold_gain":0,"player_choice":"Bought 1 Potion","damage_taken":0,"max_hp_gain":0,"max_hp_loss":0,"event_name":"The Woman in Blue","floor":36,"gold_loss":0},{"cards_removed":["Defend_R"],"damage_healed":0,"gold_gain":0,"player_choice":"Removed Skill","damage_taken":0,"max_hp_gain":0,"max_hp_loss":0,"event_name":"Falling","floor":38,"gold_loss":0},{"damage_healed":0,"gold_gain":0,"player_choice":"Memory 1","damage_taken":0,"max_hp_gain":0,"max_hp_loss":0,"event_name":"SensoryStone","floor":45,"gold_loss":0}],"is_beta":false,"boss_relics":[{"not_picked":["Sozu","Astrolabe"],"picked":"Busted Crown"},{"not_picked":["Coffee Dripper","Snecko Eye"],"picked":"Black Star"}],"items_purged_floors":[20,46],"is_endless":false,"potions_floor_spawned":[13,24,28,29,35,48],"killed_by":"Donu and Deca","ascension_level":20}