{"gold_per_floor":[115,115,133,147,72,99,7,7,32,32,32,66,83,83],"floor_reached":14,"playtime":303,"items_purged":[],"score":196,"play_id":"41fcb8bc-c442-406a-9909-9fe075d928b7","local_time":"20221113101104","is_ascension_mode":true,"campfire_choices":[{"floor":11,"key":"REST"}],"neow_cost":"NONE","seed_source_timestamp":3469248660200,"circlet_count":0,"master_deck":["AscendersBane","Strike_R+1","Strike_R","Strike_R","Strike_R","Defend_R","Defend_R","Defend_R","Bash","Pommel Strike+1","Disarm","Demon Form","Evolve","Shrug It Off","True Grit","Clothesline"],"relics":["Mark of Pain","FaceOfCleric","Toy Ornithopter","Whetstone","Bottled Flame"],"potions_floor_usage":[14],"damage_taken":[{"damage":4,"enemies":"Jaw Worm","floor":1,"turns":4},{"damage":0,"enemies":"Cultist","floor":3,"turns":3},{"damage":9,"enemies":"2 Louse","floor":4,"turns":2},{"damage":54,"enemies":"Gremlin Nob","floor":6,"turns":5},{"damage":18,"enemies":"Lagavulin","floor":12,"turns":6},{"damage":1,"enemies":"Looter","floor":13,"turns":3},{"damage":31,"enemies":"Gremlin Nob","floor":14,"turns":3}],"seed_played":"-8235792250088805407","potions_obtained":[{"floor":6,"key":"SteroidPotion"}],"is_trial":false,"path_per_floor":["M","?","M","M","?","E","$","?","T","$","R","E","M","E"],"character_chosen":"IRONCLAD","items_purchased":["Evolve","Shrug It Off"],"campfire_rested":1,"item_purchase_floors":[7,7],"current_hp_per_floor":[64,64,65,57,57,4,4,4,4,4,27,10,10,0],"gold":83,"neow_bonus":"BOSS_RELIC","is_prod":false,"is_daily":false,"chose_seed":false,"campfire_upgraded":0,"win_rate":0,"timestamp":1668330664,"path_taken":["M","?","?","M","?","E","$","?","T","$","R","E","M","E"],"build_version":"2022-10-04","purchased_purges":0,"victory":false,"max_hp_per_floor":[75,75,76,77,77,78,78,78,78,78,78,79,80,80],"card_choices":[{"not_picked":["Armaments","Intimidate"],"picked":"Pommel Strike","floor":1},{"not_picked":["Heavy Blade","Armaments","Clash"],"picked":"SKIP","floor":3},{"not_picked":["Sword Boomerang","Dark Embrace"],"picked":"Disarm","floor":4},{"not_picked":["Iron Wave","Rupture"],"picked":"Demon Form","floor":6},{"not_picked":["Dual Wield","Combust"],"picked":"True Grit","floor":12},{"not_picked":["Seeing Red","Disarm"],"picked":"Clothesline","floor":13}],"player_experience":1936375,"relics_obtained":[{"floor":6,"key":"Toy Ornithopter"},{"floor":9,"key":"Whetstone"},{"floor":12,"key":"Bottled Flame"}],"event_choices":[{"damage_healed":0,"gold_gain":0,"player_choice":"Trade","damage_taken":0,"relics_obtained":["FaceOfCleric"],"max_hp_gain":0,"max_hp_loss":0,"event_name":"FaceTrader","floor":2,"gold_loss":0},{"cards_removed":["Strike_R"],"damage_healed":0,"gold_gain":0,"player_choice":"Card Removal","damage_taken":0,"max_hp_gain":0,"max_hp_loss":0,"event_name":"The Cleric","floor":5,"gold_loss":75},{"cards_removed":["Defend_R"],"damage_healed":0,"gold_gain":0,"player_choice":"Purged","damage_taken":0,"max_hp_gain":0,"max_hp_loss":0,"event_name":"Purifier","floor":8,"gold_loss":0}],"is_beta":false,"boss_relics":[],"items_purged_floors":[],"is_endless":false,"potions_floor_spawned":[6],"killed_by":"Gremlin Nob","ascension_level":20}