{"gold_per_floor":[110,127,127,127,127,162,179,204,204,31,31,51,51,51,51,51],"floor_reached":16,"playtime":314,"items_purged":[],"score":266,"play_id":"4de970c5-4dde-421a-ab66-4faf4c13bb15","local_time":"20221117203111","is_ascension_mode":true,"campfire_choices":[{"floor":11,"key":"REST"},{"data":"Clash","floor":15,"key":"SMITH"}],"neow_cost":"NONE","seed_source_timestamp":386268669992400,"circlet_count":0,"master_deck":["AscendersBane","Strike_R","Strike_R","Strike_R","Strike_R","Strike_R","Defend_R","Defend_R","Defend_R","Defend_R","Bash","Clash+1","Combust+1","Infernal Blade","Doubt","Seeing Red"],"relics":["Burning Blood","NeowsBlessing","Pear","Mummified Hand","Bottled Flame","HornCleat","MealTicket"],"potions_floor_usage":[1,8,12,16],"damage_taken":[{"damage":0,"enemies":"2 Louse","floor":1,"turns":1},{"damage":0,"enemies":"Jaw Worm","floor":2,"turns":1},{"damage":0,"enemies":"Lagavulin","floor":6,"turns":1},{"damage":3,"enemies":"Small Slimes","floor":7,"turns":2},{"damage":73,"enemies":"3 Sentries","floor":8,"turns":10},{"damage":23,"enemies":"Exordium Thugs","floor":12,"turns":4},{"damage":53,"enemies":"Hexaghost","floor":16,"turns":8}],"seed_played":"-5060921966142768667","potions_obtained":[{"floor":1,"key":"Fruit Juice"},{"floor":7,"key":"LiquidBronze"},{"floor":8,"key":"SkillPotion"},{"floor":12,"key":"PowerPotion"}],"is_trial":false,"path_per_floor":["M","M","?","?","?","E","M","E","T","$","R","M","?","$","R","B"],"character_chosen":"IRONCLAD","items_purchased":["MealTicket"],"campfire_rested":1,"item_purchase_floors":[10],"current_hp_per_floor":[79,80,80,90,90,90,90,23,23,23,50,33,33,48,48,0],"gold":51,"neow_bonus":"THREE_ENEMY_KILL","is_prod":false,"is_daily":false,"chose_seed":false,"campfire_upgraded":1,"win_rate":0,"timestamp":1668713471,"path_taken":["M","M","?","?","?","E","M","E","T","$","R","?","?","?","R","BOSS"],"build_version":"2022-10-04","purchased_purges":0,"victory":false,"max_hp_per_floor":[80,80,80,90,90,90,90,90,90,90,90,90,90,90,90,90],"card_choices":[{"not_picked":["Sever Soul","Warcry"],"picked":"Clash","floor":1},{"not_picked":["Headbutt","Body Slam"],"picked":"Combust","floor":2},{"not_picked":["Sever Soul","Anger"],"picked":"Infernal Blade","floor":6},{"not_picked":["Anger","Warcry","Clash"],"picked":"SKIP","floor":7},{"not_picked":["Power Through","Pommel Strike","Havoc"],"picked":"SKIP","floor":8},{"not_picked":["Searing Blow","Clothesline","Entrench"],"picked":"SKIP","floor":12}],"player_experience":1947793,"relics_obtained":[{"floor":6,"key":"Mummified Hand"},{"floor":8,"key":"Bottled Flame"},{"floor":9,"key":"HornCleat"}],"event_choices":[{"damage_healed":0,"gold_gain":0,"player_choice":"Grow","damage_taken":0,"max_hp_gain":0,"max_hp_loss":0,"event_name":"Living Wall","floor":3,"gold_loss":0,"cards_upgraded":["Combust"]},{"damage_healed":0,"gold_gain":0,"player_choice":"Box","damage_taken":0,"relics_obtained":["Pear"],"max_hp_gain":0,"max_hp_loss":0,"event_name":"Big Fish","floor":4,"gold_loss":0,"cards_obtained":["Regret"]},{"cards_removed":["Regret"],"damage_healed":0,"gold_gain":0,"player_choice":"Removed Curses","damage_taken":0,"max_hp_gain":0,"max_hp_loss":0,"event_name":"Fountain of Cleansing","floor":5,"gold_loss":0},{"damage_healed":0,"gold_gain":0,"player_choice":"2 cards matched","damage_taken":0,"max_hp_gain":0,"max_hp_loss":0,"event_name":"Match and Keep!","floor":13,"gold_loss":0,"cards_obtained":["Doubt","Seeing Red"]}],"is_beta":false,"boss_relics":[],"items_purged_floors":[],"is_endless":false,"potions_floor_spawned":[1,7,8,12],"killed_by":"Hexaghost","ascension_level":20}