{"gold_per_floor":[118,40,40,40,40,84,84,99,99,112,147,147,181,219,219,318,345,368,368,368,401,415,415],"floor_reached":23,"playtime":524,"items_purged":[],"score":568,"play_id":"8082b8cb-469c-4cd7-93e2-45ba32db5c91","local_time":"20221117201719","is_ascension_mode":true,"campfire_choices":[{"data":"Pummel","floor":7,"key":"SMITH"},{"data":"Pummel","floor":15,"key":"SMITH"}],"neow_cost":"NONE","seed_source_timestamp":385226985385400,"circlet_count":0,"master_deck":["AscendersBane","Strike_R","Strike_R","Defend_R","Defend_R","Defend_R","Defend_R","Bash","Thunderclap","Inflame+1","Injury","Pummel+1","Reaper","Shrug It Off","Pummel+1","Offering","Corruption+1","Body Slam+1","Barricade+1","Shrug It Off","Rupture"],"relics":["Burning Blood","NeowsBlessing","Golden Idol","Mercury Hourglass","Letter Opener","CeramicFish","Regal Pillow","Art of War","Astrolabe","Nilry\u0027s Codex"],"potions_floor_usage":[10,16,16,23],"damage_taken":[{"damage":0,"enemies":"2 Louse","floor":1,"turns":1},{"damage":0,"enemies":"3 Sentries","floor":6,"turns":1},{"damage":0,"enemies":"Small Slimes","floor":8,"turns":1},{"damage":0,"enemies":"Cultist","floor":10,"turns":2},{"damage":31,"enemies":"Gremlin Nob","floor":11,"turns":4},{"damage":15,"enemies":"Exordium Thugs","floor":13,"turns":3},{"damage":19,"enemies":"3 Sentries","floor":14,"turns":6},{"damage":0,"enemies":"Slime Boss","floor":16,"turns":3},{"damage":6,"enemies":"Chosen","floor":18,"turns":3},{"damage":36,"enemies":"Shell Parasite","floor":21,"turns":3},{"damage":36,"enemies":"3 Cultists","floor":22,"turns":5},{"damage":33,"enemies":"Book of Stabbing","floor":23,"turns":3}],"seed_played":"-1678173555208564849","potions_obtained":[{"floor":6,"key":"Explosive Potion"},{"floor":8,"key":"SkillPotion"},{"floor":10,"key":"FearPotion"},{"floor":11,"key":"SteroidPotion"},{"floor":22,"key":"Strength Potion"}],"is_trial":false,"path_per_floor":["M","$","?","?","$","E","R","M","T","M","E","T","M","E","R","B",null,"M","?","?","M","M","E"],"character_chosen":"IRONCLAD","items_purchased":["Inflame"],"campfire_rested":0,"item_purchase_floors":[2],"current_hp_per_floor":[74,74,74,74,74,75,75,75,75,75,50,50,51,58,58,64,72,72,51,51,28,16,0],"gold":415,"neow_bonus":"THREE_ENEMY_KILL","is_prod":false,"is_daily":false,"chose_seed":false,"campfire_upgraded":2,"win_rate":0,"timestamp":1668712639,"path_taken":["M","$","?","?","$","E","R","?","T","M","E","?","M","E","R","BOSS","M","?","?","M","M","E"],"build_version":"2022-10-04","purchased_purges":0,"victory":false,"max_hp_per_floor":[75,75,75,75,75,75,75,75,75,75,75,75,75,75,75,75,75,75,75,75,75,75,75],"card_choices":[{"not_picked":["Warcry","Wild Strike"],"picked":"Thunderclap","floor":1},{"not_picked":["Iron Wave","Warcry"],"picked":"Pummel","floor":6},{"not_picked":["Heavy Blade","Shockwave"],"picked":"Reaper","floor":8},{"not_picked":["Iron Wave","Cleave"],"picked":"Shrug It Off","floor":10},{"not_picked":["Armaments","True Grit","Sever Soul"],"picked":"SKIP","floor":11},{"not_picked":["Sever Soul","True Grit"],"picked":"Pummel","floor":13},{"not_picked":["Rampage","Headbutt","Searing Blow"],"picked":"SKIP","floor":14},{"not_picked":["Juggernaut","Impervious"],"picked":"Offering","floor":16},{"not_picked":["Flex","Twin Strike"],"picked":"Shrug It Off","floor":18},{"not_picked":["Twin Strike","Iron Wave"],"picked":"Rupture","floor":21},{"not_picked":["Perfected Strike","Iron Wave","Clash+1"],"picked":"SKIP","floor":22}],"player_experience":1946781,"relics_obtained":[{"floor":6,"key":"Mercury Hourglass"},{"floor":9,"key":"Letter Opener"},{"floor":11,"key":"CeramicFish"},{"floor":12,"key":"Regal Pillow"},{"floor":14,"key":"Art of War"},{"floor":19,"key":"Nilry\u0027s Codex"}],"event_choices":[{"damage_healed":0,"gold_gain":0,"player_choice":"Take Wound","damage_taken":0,"relics_obtained":["Golden Idol"],"max_hp_gain":0,"max_hp_loss":0,"event_name":"Golden Idol","floor":3,"gold_loss":0,"cards_obtained":["Injury"]},{"damage_healed":0,"gold_gain":0,"player_choice":"Forge","damage_taken":0,"max_hp_gain":0,"max_hp_loss":0,"event_name":"Accursed Blacksmith","floor":4,"gold_loss":0,"cards_upgraded":["Inflame"]},{"damage_healed":0,"gold_gain":0,"player_choice":"Obtained Book","damage_taken":21,"max_hp_gain":0,"max_hp_loss":0,"event_name":"Cursed Tome","floor":19,"gold_loss":0},{"damage_healed":0,"gold_gain":0,"player_choice":"0 cards matched","damage_taken":0,"max_hp_gain":0,"max_hp_loss":0,"event_name":"Match and Keep!","floor":20,"gold_loss":0,"cards_obtained":[]}],"is_beta":false,"boss_relics":[{"not_picked":["Tiny House","SacredBark"],"picked":"Astrolabe"}],"items_purged_floors":[],"is_endless":false,"potions_floor_spawned":[6,8,10,11,22],"killed_by":"Book of Stabbing","ascension_level":20}