{"gold_per_floor":[110,5,25,38,38,38,38,50,50,80,80,80,105,122,122,194,194,211,211,211],"floor_reached":20,"playtime":554,"items_purged":[],"score":364,"play_id":"0d066b31-73e4-45f2-b070-d66dd6e030a4","local_time":"20221113100534","is_ascension_mode":true,"campfire_choices":[{"data":"Inflame","floor":7,"key":"SMITH"},{"data":"Bash","floor":15,"key":"SMITH"}],"neow_cost":"NONE","seed_source_timestamp":2887117453700,"circlet_count":0,"master_deck":["AscendersBane","Strike_R","Strike_R","Strike_R+1","Strike_R","Defend_R","Defend_R","Defend_R","Defend_R","Bash+1","Pommel Strike","Shrug It Off+1","Inflame+1","Reaper","Seeing Red","Dropkick","Demon Form","Decay"],"relics":["Burning Blood","NeowsBlessing","Toxic Egg 2","Matryoshka","Akabeko","Magic Flower","Ornamental Fan","SlaversCollar"],"potions_floor_usage":[10,14,16],"damage_taken":[{"damage":0,"enemies":"Jaw Worm","floor":1,"turns":1},{"damage":0,"enemies":"2 Louse","floor":3,"turns":1},{"damage":0,"enemies":"Small Slimes","floor":4,"turns":1},{"damage":13,"enemies":"Blue Slaver","floor":8,"turns":3},{"damage":39,"enemies":"Gremlin Nob","floor":10,"turns":5},{"damage":44,"enemies":"3 Sentries","floor":13,"turns":10},{"damage":52,"enemies":"Gremlin Gang","floor":14,"turns":3},{"damage":67,"enemies":"Hexaghost","floor":16,"turns":11},{"damage":48,"enemies":"Spheric Guardian","floor":18,"turns":7},{"damage":79,"enemies":"Masked Bandits","floor":20,"turns":3}],"seed_played":"-4329822770434787868","potions_obtained":[{"floor":8,"key":"Weak Potion"},{"floor":10,"key":"LiquidBronze"},{"floor":14,"key":"LiquidMemories"}],"is_trial":false,"path_per_floor":["M","$","M","M","?","?","R","M","T","E","T","?","E","M","R","B",null,"M","?","?"],"character_chosen":"IRONCLAD","items_purchased":["Shrug It Off","Inflame"],"campfire_rested":0,"item_purchase_floors":[2,2],"current_hp_per_floor":[74,74,75,75,52,52,52,52,52,23,23,48,44,57,57,17,61,42,42,0],"gold":211,"neow_bonus":"THREE_ENEMY_KILL","is_prod":false,"is_daily":false,"chose_seed":false,"campfire_upgraded":2,"win_rate":0,"timestamp":1668330334,"path_taken":["M","$","M","M","?","?","R","?","T","E","?","?","E","M","R","BOSS","M","?","?"],"build_version":"2022-10-04","purchased_purges":0,"victory":false,"max_hp_per_floor":[75,75,75,75,75,75,75,75,75,75,75,75,75,75,75,75,75,75,75,75],"card_choices":[{"not_picked":["Havoc","Twin Strike"],"picked":"Pommel Strike","floor":1},{"not_picked":["Thunderclap","Armaments","Headbutt"],"picked":"SKIP","floor":3},{"not_picked":["Sword Boomerang","Warcry"],"picked":"Reaper","floor":4},{"not_picked":["True Grit","Cleave","Seeing Red"],"picked":"SKIP","floor":8},{"not_picked":["Rupture","Brutality"],"picked":"Dropkick","floor":10},{"not_picked":["Perfected Strike","Flex+1","Havoc+1"],"picked":"SKIP","floor":13},{"not_picked":["Perfected Strike","Havoc+1","Combust"],"picked":"SKIP","floor":14},{"not_picked":["Impervious+1","Immolate"],"picked":"Demon Form","floor":16},{"not_picked":["Anger","Armaments+1","Warcry+1"],"picked":"SKIP","floor":18}],"player_experience":1935821,"relics_obtained":[{"floor":9,"key":"Toxic Egg 2"},{"floor":10,"key":"Matryoshka"},{"floor":11,"key":"Akabeko"},{"floor":11,"key":"Magic Flower"},{"floor":13,"key":"Ornamental Fan"}],"event_choices":[{"damage_healed":0,"gold_gain":0,"player_choice":"Entered Light","damage_taken":23,"max_hp_gain":0,"max_hp_loss":0,"event_name":"Shining Light","floor":5,"gold_loss":0,"cards_upgraded":["Strike_R","Shrug It Off"]},{"damage_healed":0,"gold_gain":0,"cards_transformed":["Strike_R"],"player_choice":"Change","damage_taken":0,"max_hp_gain":0,"max_hp_loss":0,"event_name":"Living Wall","floor":6,"gold_loss":0,"cards_obtained":["Seeing Red"]},{"damage_healed":25,"gold_gain":0,"player_choice":"Banana","damage_taken":0,"max_hp_gain":0,"max_hp_loss":0,"event_name":"Big Fish","floor":12,"gold_loss":0},{"damage_healed":0,"gold_gain":0,"player_choice":"Smashed Altar","damage_taken":0,"max_hp_gain":0,"max_hp_loss":0,"event_name":"Forgotten Altar","floor":19,"gold_loss":0,"cards_obtained":["Decay"]},{"damage_healed":0,"gold_gain":0,"player_choice":"Fought Bandits","damage_taken":0,"max_hp_gain":0,"max_hp_loss":0,"event_name":"Masked Bandits","floor":20,"gold_loss":0}],"is_beta":false,"boss_relics":[{"not_picked":["Philosopher\u0027s Stone","Velvet Choker"],"picked":"SlaversCollar"}],"items_purged_floors":[],"is_endless":false,"potions_floor_spawned":[8,10,14],"killed_by":"Masked Bandits","ascension_level":20}