{"gold_per_floor":[112,112,112,127,141,169,169,200,227,227],"floor_reached":10,"playtime":216,"items_purged":[],"score":152,"play_id":"88515613-14f4-4408-a7a8-6abccb9775d1","local_time":"20221113101449","is_ascension_mode":true,"campfire_choices":[{"data":"Rampage","floor":7,"key":"SMITH"}],"neow_cost":"NONE","seed_source_timestamp":3781313677400,"circlet_count":0,"master_deck":["AscendersBane","Strike_R","Strike_R","Strike_R","Strike_R","Strike_R","Defend_R","Defend_R","Defend_R","Defend_R","Bash","Rampage+1","Metallicize","Cleave","Rage"],"relics":["Burning Blood","NeowsBlessing","Blood Vial","Potion Belt","Bag of Marbles","Anchor"],"potions_floor_usage":[6,6,8],"damage_taken":[{"damage":0,"enemies":"Cultist","floor":1,"turns":1},{"damage":0,"enemies":"2 Louse","floor":4,"turns":1},{"damage":0,"enemies":"Jaw Worm","floor":5,"turns":1},{"damage":38,"enemies":"Lagavulin","floor":6,"turns":5},{"damage":26,"enemies":"3 Sentries","floor":8,"turns":10},{"damage":31,"enemies":"Lagavulin","floor":10,"turns":5}],"seed_played":"1723108805112678915","potions_obtained":[{"floor":1,"key":"Explosive Potion"},{"floor":4,"key":"PowerPotion"},{"floor":6,"key":"GamblersBrew"}],"is_trial":false,"path_per_floor":["M","T","?","M","M","E","R","E","T","E"],"character_chosen":"IRONCLAD","items_purchased":[],"campfire_rested":0,"item_purchase_floors":[],"current_hp_per_floor":[74,74,56,64,72,42,42,24,24,0],"gold":227,"neow_bonus":"THREE_ENEMY_KILL","is_prod":false,"is_daily":false,"chose_seed":false,"campfire_upgraded":1,"win_rate":0,"timestamp":1668330889,"path_taken":["M","?","?","M","M","E","R","E","T","E"],"build_version":"2022-10-04","purchased_purges":0,"victory":false,"max_hp_per_floor":[75,75,75,75,75,75,75,75,75,75],"card_choices":[{"not_picked":["Sentinel","Sword Boomerang"],"picked":"Rampage","floor":1},{"not_picked":["Infernal Blade","Sword Boomerang"],"picked":"Metallicize","floor":4},{"not_picked":["Sword Boomerang","Armaments"],"picked":"Cleave","floor":5},{"not_picked":["Barricade","Hemokinesis"],"picked":"Rage","floor":6},{"not_picked":["Heavy Blade","Searing Blow","Wild Strike"],"picked":"SKIP","floor":8}],"player_experience":1936678,"relics_obtained":[{"floor":6,"key":"Potion Belt"},{"floor":8,"key":"Bag of Marbles"},{"floor":9,"key":"Anchor"}],"event_choices":[{"damage_healed":0,"gold_gain":0,"player_choice":"Success","damage_taken":18,"relics_obtained":["Blood Vial"],"max_hp_gain":0,"max_hp_loss":0,"event_name":"Scrap Ooze","floor":3,"gold_loss":0}],"is_beta":false,"boss_relics":[],"items_purged_floors":[],"is_endless":false,"potions_floor_spawned":[1,4,5,6],"killed_by":"Lagavulin","ascension_level":20}