{"gold_per_floor":[117,39,39,39,59,95,95,110,110,131,131,131],"floor_reached":12,"playtime":300,"items_purged":[],"score":156,"play_id":"6f00d4ae-5afc-4e1c-9a1e-83df991067a0","local_time":"20221120194837","is_ascension_mode":true,"campfire_choices":[],"neow_cost":"TEN_PERCENT_HP_LOSS","seed_source_timestamp":35068417800700,"circlet_count":0,"master_deck":["AscendersBane","Strike_R","Strike_R","Strike_R","Strike_R","Strike_R","Defend_R","Defend_R","Defend_R","Defend_R","Bash","Juggernaut","Metallicize","Injury","Infernal Blade","Parasite"],"relics":["Burning Blood","Golden Idol","Darkstone Periapt","Bag of Marbles","Kunai"],"potions_floor_usage":[10,12],"damage_taken":[{"damage":5,"enemies":"Small Slimes","floor":1,"turns":5},{"damage":9,"enemies":"Jaw Worm","floor":5,"turns":4},{"damage":39,"enemies":"3 Sentries","floor":6,"turns":10},{"damage":3,"enemies":"2 Louse","floor":8,"turns":3},{"damage":8,"enemies":"Exordium Thugs","floor":10,"turns":4},{"damage":63,"enemies":"Gremlin Nob","floor":12,"turns":4}],"seed_played":"-2371003899572863282","potions_obtained":[{"floor":6,"key":"ColorlessPotion"},{"floor":8,"key":"SkillPotion"}],"is_trial":false,"path_per_floor":["M","$","?","?","M","E","?","M","T","M","?","E"],"character_chosen":"IRONCLAD","items_purchased":["Metallicize"],"campfire_rested":0,"item_purchase_floors":[2],"current_hp_per_floor":[68,68,73,73,70,37,26,29,29,27,51,0],"gold":131,"neow_bonus":"THREE_RARE_CARDS","is_prod":false,"is_daily":false,"chose_seed":false,"campfire_upgraded":0,"win_rate":0,"timestamp":1668970117,"path_taken":["M","$","?","?","M","E","?","M","T","M","?","E"],"build_version":"2022-10-04","purchased_purges":0,"victory":false,"max_hp_per_floor":[68,68,73,73,73,73,73,73,73,73,79,79],"card_choices":[{"not_picked":["Barricade","Immolate"],"picked":"Juggernaut","floor":0},{"not_picked":["Anger","Thunderclap","Warcry"],"picked":"SKIP","floor":1},{"not_picked":["Reckless Charge","Sever Soul","Entrench"],"picked":"SKIP","floor":5},{"not_picked":["Headbutt","Wild Strike"],"picked":"Infernal Blade","floor":6},{"not_picked":["Clash","Wild Strike","Pommel Strike"],"picked":"SKIP","floor":8},{"not_picked":["Wild Strike","Pommel Strike","Carnage"],"picked":"SKIP","floor":10}],"player_experience":1958961,"relics_obtained":[{"floor":6,"key":"Darkstone Periapt"},{"floor":9,"key":"Kunai"}],"event_choices":[{"damage_healed":0,"gold_gain":0,"player_choice":"Donut","damage_taken":0,"max_hp_gain":5,"max_hp_loss":0,"event_name":"Big Fish","floor":3,"gold_loss":0},{"damage_healed":0,"gold_gain":0,"player_choice":"Take Wound","damage_taken":0,"relics_obtained":["Golden Idol"],"max_hp_gain":0,"max_hp_loss":0,"event_name":"Golden Idol","floor":4,"gold_loss":0,"cards_obtained":["Injury"]},{"damage_healed":0,"gold_gain":0,"player_choice":"Success","damage_taken":11,"relics_obtained":["Bag of Marbles"],"max_hp_gain":0,"max_hp_loss":0,"event_name":"Scrap Ooze","floor":7,"gold_loss":0},{"damage_healed":18,"gold_gain":0,"player_choice":"Healed and dodged fight","damage_taken":0,"max_hp_gain":0,"max_hp_loss":0,"event_name":"Mushrooms","floor":11,"gold_loss":0,"cards_obtained":["Parasite"]}],"is_beta":false,"boss_relics":[],"items_purged_floors":[],"is_endless":false,"potions_floor_spawned":[6,8],"killed_by":"Gremlin Nob","ascension_level":20}