{"gold_per_floor":[215,215,227,62,74,99,113,129,155,184,261,288,288,307,307,380,380,398,398,19,33,52,52,86,86,137,162,162,187,205,205,205,205],"floor_reached":33,"playtime":1189,"items_purged":["Doubt","Strike_R"],"score":700,"play_id":"aa97170c-f5c0-4a0d-a44d-0091c8fe5bb8","local_time":"20221119202904","is_ascension_mode":true,"campfire_choices":[{"floor":13,"key":"REST"},{"data":"Limit Break","floor":15,"key":"SMITH"},{"floor":23,"key":"REST"},{"floor":25,"key":"REST"},{"floor":32,"key":"REST"}],"neow_cost":"NONE","seed_source_timestamp":558066963732300,"circlet_count":0,"master_deck":["AscendersBane","Strike_R+1","Strike_R+1","Strike_R+1","Defend_R+1","Defend_R+1","Defend_R+1","Defend_R+1","Bash","Thunderclap","Limit Break+1","Shrug It Off","Feed","Exhume","Flex","Double Tap","Inflame","Disarm","Heavy Blade","Clothesline"],"relics":["Burning Blood","Torii","Red Skull","Akabeko","Darkstone Periapt","Bag of Preparation","Busted Crown","Membership Card","Du-Vu Doll","Juzu Bracelet","Ancient Tea Set","Matryoshka","StoneCalendar"],"potions_floor_usage":[10,12,12,18,22,27,27],"damage_taken":[{"damage":8,"enemies":"Small Slimes","floor":1,"turns":5},{"damage":12,"enemies":"Cultist","floor":3,"turns":4},{"damage":0,"enemies":"2 Louse","floor":5,"turns":4},{"damage":60,"enemies":"Lagavulin","floor":6,"turns":8},{"damage":14,"enemies":"2 Fungi Beasts","floor":7,"turns":8},{"damage":1,"enemies":"Large Slime","floor":8,"turns":5},{"damage":5,"enemies":"3 Sentries","floor":10,"turns":7},{"damage":25,"enemies":"Lagavulin","floor":12,"turns":6},{"damage":0,"enemies":"Lots of Slimes","floor":14,"turns":1},{"damage":17,"enemies":"Hexaghost","floor":16,"turns":8},{"damage":34,"enemies":"2 Thieves","floor":18,"turns":5},{"damage":15,"enemies":"Chosen","floor":21,"turns":4},{"damage":35,"enemies":"Shelled Parasite and Fungi","floor":22,"turns":5},{"damage":23,"enemies":"Book of Stabbing","floor":24,"turns":5},{"damage":40,"enemies":"Slavers","floor":27,"turns":9},{"damage":20,"enemies":"Book of Stabbing","floor":29,"turns":4},{"damage":29,"enemies":"Snecko","floor":30,"turns":4},{"damage":51,"enemies":"Automaton","floor":33,"turns":6}],"seed_played":"2943066235846901280","potions_obtained":[{"floor":3,"key":"GamblersBrew"},{"floor":8,"key":"FearPotion"},{"floor":10,"key":"CultistPotion"},{"floor":12,"key":"SteroidPotion"},{"floor":14,"key":"BlessingOfTheForge"},{"floor":16,"key":"PowerPotion"},{"floor":21,"key":"Weak Potion"},{"floor":24,"key":"SkillPotion"}],"is_trial":false,"path_per_floor":["M","?","M","$","M","E","M","M","T","E","T","E","R","M","R","B",null,"M","?","$","M","M","R","E","R","T","E","?","E","M","?","R","B"],"character_chosen":"IRONCLAD","items_purchased":["Feed","Membership Card","Du-Vu Doll"],"campfire_rested":4,"item_purchase_floors":[4,20,20],"current_hp_per_floor":[66,66,60,60,69,15,13,21,21,28,28,12,40,46,46,38,84,62,62,62,56,33,67,50,84,84,50,50,36,16,16,51,0],"gold":205,"neow_bonus":"HUNDRED_GOLD","is_prod":false,"is_daily":false,"chose_seed":false,"campfire_upgraded":1,"win_rate":0,"timestamp":1668886144,"path_taken":["M","?","M","$","M","E","?","M","T","E","?","E","R","M","R","BOSS","M","?","$","M","?","R","E","R","T","E","?","E","M","?","R","BOSS"],"build_version":"2022-10-04","purchased_purges":2,"victory":false,"max_hp_per_floor":[75,75,75,75,78,78,84,87,87,93,93,96,96,96,96,99,99,105,105,105,108,114,114,114,114,114,114,114,114,117,117,117,117],"card_choices":[{"not_picked":["Heavy Blade","Headbutt"],"picked":"Thunderclap","floor":1},{"not_picked":["Clothesline","Pommel Strike"],"picked":"Shrug It Off","floor":3},{"not_picked":["Havoc","Fire Breathing","Bloodletting"],"picked":"SKIP","floor":5},{"not_picked":["Havoc","Fire Breathing","Bloodletting"],"picked":"SKIP","floor":5},{"not_picked":["Dark Embrace","Warcry"],"picked":"Exhume","floor":6},{"not_picked":["Pommel Strike","Shockwave"],"picked":"Flex","floor":7},{"not_picked":["Iron Wave","Havoc","Flex"],"picked":"SKIP","floor":8},{"not_picked":["Warcry","Havoc"],"picked":"Double Tap","floor":10},{"not_picked":["Clothesline","Feel No Pain"],"picked":"Inflame","floor":12},{"not_picked":["Body Slam","Shockwave"],"picked":"Disarm","floor":14},{"not_picked":[],"picked":"Heavy Blade","floor":18},{"not_picked":["Iron Wave"],"picked":"SKIP","floor":21},{"not_picked":["Pommel Strike"],"picked":"SKIP","floor":22},{"not_picked":["Twin Strike"],"picked":"SKIP","floor":24},{"not_picked":["Hemokinesis"],"picked":"SKIP","floor":27},{"not_picked":["Perfected Strike"],"picked":"SKIP","floor":29},{"not_picked":["Clothesline"],"picked":"SKIP","floor":30}],"player_experience":1950235,"relics_obtained":[{"floor":6,"key":"Torii"},{"floor":9,"key":"Red Skull"},{"floor":10,"key":"Akabeko"},{"floor":11,"key":"Darkstone Periapt"},{"floor":12,"key":"Bag of Preparation"},{"floor":24,"key":"Juzu Bracelet"},{"floor":26,"key":"Ancient Tea Set"},{"floor":27,"key":"Matryoshka"},{"floor":29,"key":"StoneCalendar"}],"event_choices":[{"damage_healed":0,"gold_gain":0,"player_choice":"2 cards matched","damage_taken":0,"max_hp_gain":0,"max_hp_loss":0,"event_name":"Match and Keep!","floor":2,"gold_loss":0,"cards_obtained":["Limit Break","Doubt"]},{"damage_healed":0,"gold_gain":0,"cards_transformed":["Strike_R"],"player_choice":"Transformed","damage_taken":0,"max_hp_gain":0,"max_hp_loss":0,"event_name":"Transmorgrifier","floor":19,"gold_loss":0,"cards_obtained":["Clothesline"]},{"damage_healed":0,"gold_gain":0,"player_choice":"Ignored","damage_taken":0,"max_hp_gain":0,"max_hp_loss":0,"event_name":"Cursed Tome","floor":28,"gold_loss":0},{"damage_healed":0,"gold_gain":0,"player_choice":"Simplicity","damage_taken":0,"max_hp_gain":0,"max_hp_loss":0,"event_name":"Back to Basics","floor":31,"gold_loss":0,"cards_upgraded":["Strike_R","Strike_R","Strike_R","Defend_R","Defend_R","Defend_R","Defend_R"]}],"is_beta":false,"boss_relics":[{"not_picked":["SlaversCollar","Astrolabe"],"picked":"Busted Crown"}],"items_purged_floors":[4,20],"is_endless":false,"potions_floor_spawned":[3,8,10,12,14,16,21,24],"killed_by":"Automaton","ascension_level":20}