{"gold_per_floor":[111,111,186,197,34,67,67,342,413,432,46,75,93,93],"floor_reached":14,"playtime":385,"items_purged":["Regret"],"score":196,"play_id":"94f13c1c-557b-4040-b795-4d4db4cffaa5","local_time":"20221127164845","is_ascension_mode":true,"campfire_choices":[{"floor":7,"key":"REST"}],"neow_cost":"TEN_PERCENT_HP_LOSS","seed_source_timestamp":628999747178000,"circlet_count":0,"master_deck":["AscendersBane","Strike_R","Strike_R","Strike_R","Strike_R","Strike_R","Defend_R","Defend_R","Defend_R","Defend_R","Bash","Mayhem+1","Clothesline","Shrug It Off+1","Spot Weakness+1","Limit Break+1","Armaments+1","Flame Barrier+1"],"relics":["Burning Blood","TheAbacus","Toxic Egg 2","White Beast Statue","ClockworkSouvenir","Kunai"],"potions_floor_usage":[6,12,14],"damage_taken":[{"damage":9,"enemies":"Jaw Worm","floor":1,"turns":7},{"damage":11,"enemies":"Small Slimes","floor":4,"turns":5},{"damage":44,"enemies":"Gremlin Nob","floor":6,"turns":5},{"damage":6,"enemies":"Cultist","floor":10,"turns":4},{"damage":25,"enemies":"3 Sentries","floor":12,"turns":6},{"damage":3,"enemies":"Blue Slaver","floor":13,"turns":4},{"damage":15,"enemies":"Exordium Thugs","floor":14,"turns":3}],"seed_played":"3220558059233474396","potions_obtained":[{"floor":4,"key":"ColorlessPotion"},{"floor":10,"key":"Explosive Potion"},{"floor":12,"key":"FearPotion"},{"floor":13,"key":"Energy Potion"}],"is_trial":false,"path_per_floor":["M","?","?","M","$","E","R","?","T","M","$","E","M","M"],"character_chosen":"IRONCLAD","items_purchased":["TheAbacus","ClockworkSouvenir","Limit Break+1"],"campfire_rested":1,"item_purchase_floors":[5,11,11],"current_hp_per_floor":[65,65,54,49,49,11,31,31,31,31,31,12,15,0],"gold":93,"neow_bonus":"RANDOM_COLORLESS_2","is_prod":false,"is_daily":false,"chose_seed":false,"campfire_upgraded":0,"win_rate":0,"timestamp":1669564125,"path_taken":["M","?","?","M","$","E","R","?","T","?","$","E","M","M"],"build_version":"2022-10-04","purchased_purges":1,"victory":false,"max_hp_per_floor":[68,68,68,68,68,68,68,68,68,68,68,68,68,68],"card_choices":[{"not_picked":["Violence","Metamorphosis"],"picked":"Mayhem","floor":0},{"not_picked":["Heavy Blade","Warcry"],"picked":"Clothesline","floor":1},{"not_picked":["True Grit","Infernal Blade","Thunderclap"],"picked":"SKIP","floor":4},{"not_picked":["Pommel Strike","Wild Strike"],"picked":"Shrug It Off+1","floor":6},{"not_picked":["Shrug It Off+1","Cleave"],"picked":"Spot Weakness+1","floor":10},{"not_picked":["Spot Weakness+1","Anger"],"picked":"Armaments+1","floor":12},{"not_picked":["Sentinel+1","Seeing Red+1"],"picked":"Flame Barrier+1","floor":13}],"player_experience":1962501,"relics_obtained":[{"floor":6,"key":"Toxic Egg 2"},{"floor":9,"key":"White Beast Statue"},{"floor":12,"key":"Kunai"}],"event_choices":[{"damage_healed":0,"gold_gain":0,"player_choice":"Grow","damage_taken":0,"max_hp_gain":0,"max_hp_loss":0,"event_name":"Living Wall","floor":2,"gold_loss":0,"cards_upgraded":["Mayhem"]},{"damage_healed":0,"gold_gain":75,"player_choice":"Gather Gold","damage_taken":11,"max_hp_gain":0,"max_hp_loss":0,"event_name":"World of Goop","floor":3,"gold_loss":0},{"damage_healed":0,"gold_gain":275,"player_choice":"Desecrate","damage_taken":0,"max_hp_gain":0,"max_hp_loss":0,"event_name":"Golden Shrine","floor":8,"gold_loss":0,"cards_obtained":["Regret"]}],"is_beta":false,"boss_relics":[],"items_purged_floors":[11],"is_endless":false,"potions_floor_spawned":[4,10,12,13],"killed_by":"Exordium Thugs","ascension_level":20}