{"gold_per_floor":[115,164,6,156,171,171,200,200,200,200,200,226,243,243,243,338,338,358,358,373,373],"floor_reached":21,"playtime":521,"items_purged":[],"score":420,"play_id":"0ea051c5-25aa-46b5-92e7-3d76202eeab7","local_time":"20221125134926","is_ascension_mode":true,"campfire_choices":[{"data":"Bash","floor":6,"key":"SMITH"},{"data":"Disarm","floor":8,"key":"SMITH"},{"data":"1","floor":10,"key":"LIFT"},{"data":"2","floor":15,"key":"LIFT"}],"neow_cost":"NONE","seed_source_timestamp":445303460092800,"circlet_count":0,"master_deck":["AscendersBane","Strike_R","Strike_R","Strike_R","Strike_R","Strike_R","Defend_R","Defend_R","Defend_R","Defend_R","Bash+1","Disarm+1","Body Slam","Battle Trance","Dropkick","Injury","Juggernaut","Juggernaut","Shrug It Off"],"relics":["Burning Blood","NeowsBlessing","Happy Flower","Ancient Tea Set","Dream Catcher","Girya","Question Card","Golden Idol","Snecko Eye"],"potions_floor_usage":[16,18],"damage_taken":[{"damage":0,"enemies":"Cultist","floor":1,"turns":1},{"damage":0,"enemies":"2 Louse","floor":5,"turns":1},{"damage":0,"enemies":"Gremlin Nob","floor":7,"turns":1},{"damage":42,"enemies":"3 Sentries","floor":12,"turns":12},{"damage":0,"enemies":"Jaw Worm","floor":13,"turns":4},{"damage":24,"enemies":"Slime Boss","floor":16,"turns":10},{"damage":9,"enemies":"2 Thieves","floor":18,"turns":3},{"damage":31,"enemies":"Shell Parasite","floor":20,"turns":4},{"damage":35,"enemies":"Sentry and Sphere","floor":21,"turns":3}],"seed_played":"1679342463397731916","potions_obtained":[{"floor":1,"key":"LiquidMemories"},{"floor":7,"key":"Energy Potion"}],"is_trial":false,"path_per_floor":["M","T","$","?","M","R","E","R","T","R","?","E","M","?","R","B",null,"M","?","M","M"],"character_chosen":"IRONCLAD","items_purchased":["Ancient Tea Set"],"campfire_rested":0,"item_purchase_floors":[3],"current_hp_per_floor":[74,74,74,74,75,75,75,75,75,75,75,39,45,45,45,27,63,60,60,35,0],"gold":373,"neow_bonus":"THREE_ENEMY_KILL","is_prod":false,"is_daily":false,"chose_seed":false,"campfire_upgraded":2,"win_rate":0,"timestamp":1669380566,"path_taken":["M","?","$","?","M","R","E","R","T","R","?","E","?","?","R","BOSS","M","?","M","?"],"build_version":"2022-10-04","purchased_purges":0,"victory":false,"max_hp_per_floor":[75,75,75,75,75,75,75,75,75,75,75,75,75,75,75,75,75,75,75,75,75],"card_choices":[{"not_picked":["Infernal Blade","Burning Pact"],"picked":"Disarm","floor":1},{"not_picked":["Clothesline","Armaments"],"picked":"Body Slam","floor":5},{"not_picked":["Perfected Strike","Warcry"],"picked":"Battle Trance","floor":7},{"not_picked":["Heavy Blade","Searing Blow","Wild Strike"],"picked":"SKIP","floor":12},{"not_picked":["Perfected Strike","Blood for Blood","True Grit"],"picked":"Dropkick","floor":13},{"not_picked":["Fiend Fire","Bludgeon","Corruption"],"picked":"Juggernaut","floor":16},{"not_picked":["Combust+1","Anger","Warcry","Fire Breathing"],"picked":"SKIP","floor":18},{"not_picked":["Body Slam","Clothesline","Infernal Blade"],"picked":"Shrug It Off","floor":20}],"player_experience":1961211,"relics_obtained":[{"floor":2,"key":"Happy Flower"},{"floor":7,"key":"Dream Catcher"},{"floor":9,"key":"Girya"},{"floor":12,"key":"Question Card"}],"event_choices":[{"damage_healed":0,"gold_gain":150,"player_choice":"AGREE","damage_taken":0,"max_hp_gain":0,"max_hp_loss":0,"event_name":"Liars Game","floor":4,"gold_loss":0,"cards_obtained":["Doubt"]},{"cards_removed":["Doubt"],"damage_healed":0,"gold_gain":0,"player_choice":"Forget","damage_taken":0,"max_hp_gain":0,"max_hp_loss":0,"event_name":"Living Wall","floor":11,"gold_loss":0},{"damage_healed":0,"gold_gain":0,"player_choice":"Take Wound","damage_taken":0,"relics_obtained":["Golden Idol"],"max_hp_gain":0,"max_hp_loss":0,"event_name":"Golden Idol","floor":14,"gold_loss":0,"cards_obtained":["Injury"]},{"damage_healed":0,"gold_gain":0,"player_choice":"Copied","damage_taken":0,"max_hp_gain":0,"max_hp_loss":0,"event_name":"Duplicator","floor":19,"gold_loss":0,"cards_obtained":["Juggernaut"]}],"is_beta":false,"boss_relics":[{"not_picked":["SacredBark","Fusion Hammer"],"picked":"Snecko Eye"}],"items_purged_floors":[],"is_endless":false,"potions_floor_spawned":[1,7],"killed_by":"Sentry and Sphere","ascension_level":20}