{"gold_per_floor":[109,109,127,127,143,143,158,158,158,189,189,219,232,248,248,248],"floor_reached":16,"playtime":361,"items_purged":[],"score":224,"play_id":"326e698d-9e49-49b1-a745-ecf5f33f07f5","local_time":"20221127164210","is_ascension_mode":true,"campfire_choices":[{"data":"Searing Blow","floor":6,"key":"SMITH"},{"data":"Searing Blow+1","floor":8,"key":"SMITH"},{"data":"Searing Blow+2","floor":11,"key":"SMITH"},{"data":"Searing Blow+3","floor":15,"key":"SMITH"}],"neow_cost":"NONE","seed_source_timestamp":628628945822100,"circlet_count":0,"master_deck":["AscendersBane","Strike_R","Strike_R","Strike_R","Strike_R","Strike_R","Defend_R","Defend_R","Defend_R","Defend_R","Bash","Metallicize","Searing Blow+4","Armaments+1","Armaments","Armaments+1","Fire Breathing"],"relics":["Burning Blood","NeowsBlessing","NlothsMask","Letter Opener","War Paint"],"potions_floor_usage":[10,12,14],"damage_taken":[{"damage":0,"enemies":"Jaw Worm","floor":1,"turns":1},{"damage":0,"enemies":"Cultist","floor":3,"turns":1},{"damage":0,"enemies":"2 Louse","floor":5,"turns":1},{"damage":19,"enemies":"2 Fungi Beasts","floor":7,"turns":4},{"damage":30,"enemies":"Gremlin Nob","floor":10,"turns":5},{"damage":17,"enemies":"Lagavulin","floor":12,"turns":5},{"damage":3,"enemies":"Blue Slaver","floor":13,"turns":4},{"damage":0,"enemies":"3 Louse","floor":14,"turns":2},{"damage":43,"enemies":"Hexaghost","floor":16,"turns":9}],"seed_played":"-3337270265211509165","potions_obtained":[{"floor":3,"key":"BloodPotion"},{"floor":7,"key":"Block Potion"},{"floor":10,"key":"LiquidMemories"},{"floor":13,"key":"DistilledChaos"},{"floor":14,"key":"DuplicationPotion"}],"is_trial":false,"path_per_floor":["M","?","M","?","M","R","M","R","T","E","R","E","M","M","R","B"],"character_chosen":"IRONCLAD","items_purchased":[],"campfire_rested":0,"item_purchase_floors":[],"current_hp_per_floor":[74,74,75,80,80,80,67,67,67,43,43,32,35,41,41,0],"gold":248,"neow_bonus":"THREE_ENEMY_KILL","is_prod":false,"is_daily":false,"chose_seed":false,"campfire_upgraded":4,"win_rate":0,"timestamp":1669563730,"path_taken":["M","?","?","?","M","R","M","R","T","E","R","E","M","M","R","BOSS"],"build_version":"2022-10-04","purchased_purges":0,"victory":false,"max_hp_per_floor":[75,75,75,80,80,80,80,80,80,80,80,80,80,80,80,80],"card_choices":[{"not_picked":["Twin Strike","Pommel Strike"],"picked":"Metallicize","floor":1},{"not_picked":["Shrug It Off","Infernal Blade"],"picked":"Searing Blow","floor":3},{"not_picked":["Battle Trance","Wild Strike"],"picked":"Armaments","floor":5},{"not_picked":["Pommel Strike","Perfected Strike"],"picked":"Armaments","floor":7},{"not_picked":["Power Through","Infernal Blade"],"picked":"Armaments","floor":10},{"not_picked":["Feel No Pain","Cleave","Bloodletting"],"picked":"SKIP","floor":12},{"not_picked":["Reaper","Seeing Red"],"picked":"Fire Breathing","floor":13},{"not_picked":["Pommel Strike","Havoc","Iron Wave"],"picked":"SKIP","floor":14}],"player_experience":1962140,"relics_obtained":[{"floor":10,"key":"Letter Opener"},{"floor":12,"key":"War Paint"}],"event_choices":[{"damage_healed":0,"gold_gain":0,"player_choice":"Trade","damage_taken":0,"relics_obtained":["NlothsMask"],"max_hp_gain":0,"max_hp_loss":0,"event_name":"FaceTrader","floor":2,"gold_loss":0},{"damage_healed":0,"gold_gain":0,"player_choice":"Donut","damage_taken":0,"max_hp_gain":5,"max_hp_loss":0,"event_name":"Big Fish","floor":4,"gold_loss":0}],"is_beta":false,"boss_relics":[],"items_purged_floors":[],"is_endless":false,"potions_floor_spawned":[3,7,10,13,14],"killed_by":"Hexaghost","ascension_level":20}