{"gold_per_floor":[12,25,25,40,40,65,65,92,92,92],"floor_reached":10,"playtime":337,"items_purged":[],"score":152,"play_id":"f35e70d6-6e14-4c3f-a17a-30f2ec1d45c5","local_time":"20221125134031","is_ascension_mode":true,"campfire_choices":[],"neow_cost":"NO_GOLD","seed_source_timestamp":444951531951900,"circlet_count":0,"master_deck":["AscendersBane","Strike_R","Strike_R","Strike_R","Strike_R","Strike_R","Defend_R","Defend_R","Defend_R","Defend_R","Bash","Fire Breathing","Inflame+1","Uppercut","Demon Form"],"relics":["Burning Blood","CaptainsWheel","Incense Burner","Du-Vu Doll"],"potions_floor_usage":[8,8,8,10,10],"damage_taken":[{"damage":6,"enemies":"Cultist","floor":1,"turns":3},{"damage":17,"enemies":"Small Slimes","floor":2,"turns":4},{"damage":7,"enemies":"Jaw Worm","floor":4,"turns":3},{"damage":30,"enemies":"3 Sentries","floor":6,"turns":5},{"damage":17,"enemies":"Lagavulin","floor":8,"turns":6},{"damage":36,"enemies":"Gremlin Nob","floor":10,"turns":4}],"seed_played":"289260135109235062","potions_obtained":[{"floor":2,"key":"FearPotion"},{"floor":4,"key":"EntropicBrew"},{"floor":8,"key":"SteroidPotion"}],"is_trial":false,"path_per_floor":["M","M","?","M","$","E","?","E","T","E"],"character_chosen":"IRONCLAD","items_purchased":[],"campfire_rested":0,"item_purchase_floors":[],"current_hp_per_floor":[82,71,71,70,70,46,33,22,22,0],"gold":92,"neow_bonus":"TWENTY_PERCENT_HP_BONUS","is_prod":false,"is_daily":false,"chose_seed":false,"campfire_upgraded":0,"win_rate":0,"timestamp":1669380031,"path_taken":["M","M","?","M","$","E","?","E","T","E"],"build_version":"2022-10-04","purchased_purges":0,"victory":false,"max_hp_per_floor":[89,89,89,89,89,89,89,89,89,89],"card_choices":[{"not_picked":["Clothesline","Reckless Charge"],"picked":"Fire Breathing","floor":1},{"not_picked":["Armaments","Cleave"],"picked":"Inflame","floor":2},{"not_picked":["Pommel Strike","Dual Wield"],"picked":"Uppercut","floor":4},{"not_picked":["Warcry","Pummel"],"picked":"Demon Form","floor":6},{"not_picked":["Corruption","Shockwave","Heavy Blade"],"picked":"SKIP","floor":8}],"player_experience":1960874,"relics_obtained":[{"floor":6,"key":"CaptainsWheel"},{"floor":8,"key":"Incense Burner"},{"floor":9,"key":"Du-Vu Doll"}],"event_choices":[{"damage_healed":0,"gold_gain":0,"player_choice":"Grow","damage_taken":0,"max_hp_gain":0,"max_hp_loss":0,"event_name":"Living Wall","floor":3,"gold_loss":0,"cards_upgraded":["Inflame"]},{"damage_healed":0,"gold_gain":0,"player_choice":"Damaged","damage_taken":13,"max_hp_gain":0,"max_hp_loss":0,"event_name":"Wheel of Change","floor":7,"gold_loss":0}],"is_beta":false,"boss_relics":[],"items_purged_floors":[],"is_endless":false,"potions_floor_spawned":[2,4,8],"killed_by":"Gremlin Nob","ascension_level":20}