{"gold_per_floor":[115,115,163,163,182,222,222,255,305,36,72,93,106,147,147,147],"floor_reached":16,"playtime":538,"items_purged":["Injury"],"score":256,"play_id":"e222dab4-bb79-4991-8eeb-3203bfdba018","local_time":"20221127170851","is_ascension_mode":true,"campfire_choices":[{"floor":7,"key":"REST"},{"data":"Strike_R","floor":15,"key":"PURGE"}],"neow_cost":"CURSE","seed_source_timestamp":630053105794200,"circlet_count":0,"master_deck":["AscendersBane","Strike_R","Strike_R+1","Strike_R","Strike_R","Defend_R","Defend_R","Defend_R","Defend_R","Bash+1","Spot Weakness","Dropkick","Mayhem","Battle Trance","Reaper"],"relics":["Burning Blood","Oddly Smooth Stone","Golden Idol","Whetstone","Peace Pipe","Bag of Preparation","Pantograph","Regal Pillow"],"potions_floor_usage":[13,13],"damage_taken":[{"damage":14,"enemies":"Jaw Worm","floor":1,"turns":4},{"damage":2,"enemies":"2 Louse","floor":5,"turns":3},{"damage":54,"enemies":"Lagavulin","floor":6,"turns":7},{"damage":11,"enemies":"Gremlin Nob","floor":8,"turns":3},{"damage":32,"enemies":"Lagavulin","floor":11,"turns":5},{"damage":0,"enemies":"Cultist","floor":12,"turns":3},{"damage":5,"enemies":"Exordium Thugs","floor":13,"turns":4},{"damage":42,"enemies":"3 Sentries","floor":14,"turns":10},{"damage":56,"enemies":"Slime Boss","floor":16,"turns":7}],"seed_played":"-712949319907545759","potions_obtained":[{"floor":6,"key":"Fire Potion"},{"floor":12,"key":"BlessingOfTheForge"}],"is_trial":false,"path_per_floor":["M","?","T","?","M","E","R","E","T","$","E","M","M","E","R","B"],"character_chosen":"IRONCLAD","items_purchased":["Mayhem"],"campfire_rested":1,"item_purchase_floors":[10],"current_hp_per_floor":[74,74,74,74,78,30,56,51,51,51,25,31,32,17,17,0],"gold":147,"neow_bonus":"TWENTY_PERCENT_HP_BONUS","is_prod":false,"is_daily":false,"chose_seed":false,"campfire_upgraded":0,"win_rate":0,"timestamp":1669565331,"path_taken":["M","?","?","?","?","E","R","E","T","?","E","?","M","E","R","BOSS"],"build_version":"2022-10-04","purchased_purges":1,"victory":false,"max_hp_per_floor":[89,89,89,89,89,89,89,89,89,89,89,89,89,89,89,89],"card_choices":[{"not_picked":["True Grit","Pommel Strike"],"picked":"Spot Weakness","floor":1},{"not_picked":["Shockwave","Power Through"],"picked":"Dropkick","floor":5},{"not_picked":["Clothesline","Power Through","Warcry"],"picked":"SKIP","floor":6},{"not_picked":["Sentinel","Havoc","Iron Wave"],"picked":"SKIP","floor":8},{"not_picked":["Warcry","Bloodletting","Dark Embrace"],"picked":"SKIP","floor":11},{"not_picked":["Sentinel","Iron Wave"],"picked":"Battle Trance","floor":12},{"not_picked":["Headbutt","Dark Embrace"],"picked":"Reaper","floor":13},{"not_picked":["True Grit","Havoc","Cleave"],"picked":"SKIP","floor":14}],"player_experience":1963390,"relics_obtained":[{"floor":3,"key":"Oddly Smooth Stone"},{"floor":6,"key":"Whetstone"},{"floor":8,"key":"Peace Pipe"},{"floor":9,"key":"Bag of Preparation"},{"floor":11,"key":"Pantograph"},{"floor":14,"key":"Regal Pillow"}],"event_choices":[{"cards_removed":["Writhe"],"damage_healed":0,"gold_gain":0,"player_choice":"Forget","damage_taken":0,"max_hp_gain":0,"max_hp_loss":0,"event_name":"Living Wall","floor":2,"gold_loss":0},{"damage_healed":0,"gold_gain":0,"player_choice":"Take Wound","damage_taken":0,"relics_obtained":["Golden Idol"],"max_hp_gain":0,"max_hp_loss":0,"event_name":"Golden Idol","floor":4,"gold_loss":0,"cards_obtained":["Injury"]}],"is_beta":false,"boss_relics":[],"items_purged_floors":[10],"is_endless":false,"potions_floor_spawned":[6,12],"killed_by":"Slime Boss","ascension_level":20}