{"gold_per_floor":[113,188,188,202,202,202,225,269,292,332,332,56,72,116,116,116],"floor_reached":16,"playtime":386,"items_purged":[],"score":236,"play_id":"025025f4-6ef1-4aa0-82e8-c749b6a9f096","local_time":"20221121215209","is_ascension_mode":true,"campfire_choices":[{"data":"Bash","floor":6,"key":"SMITH"},{"data":"Perfected Strike","floor":11,"key":"SMITH"},{"data":"Berserk","floor":15,"key":"SMITH"}],"neow_cost":"NONE","seed_source_timestamp":128796042355300,"circlet_count":0,"master_deck":["AscendersBane","Strike_R","Strike_R","Strike_R","Strike_R","Strike_R","Defend_R","Defend_R","Defend_R","Defend_R","Bash+1","Pommel Strike","Injury","Cleave","Perfected Strike+1","Sentinel","Berserk+1"],"relics":["Burning Blood","Blood Vial","Golden Idol","Strawberry","Happy Flower","Orichalcum","Meat on the Bone","Dream Catcher"],"potions_floor_usage":[8,8,10],"damage_taken":[{"damage":16,"enemies":"Small Slimes","floor":1,"turns":5},{"damage":9,"enemies":"2 Louse","floor":4,"turns":3},{"damage":9,"enemies":"Jaw Worm","floor":7,"turns":3},{"damage":40,"enemies":"Lagavulin","floor":8,"turns":7},{"damage":6,"enemies":"Gremlin Nob","floor":10,"turns":3},{"damage":7,"enemies":"2 Fungi Beasts","floor":13,"turns":3},{"damage":26,"enemies":"3 Sentries","floor":14,"turns":7},{"damage":58,"enemies":"Slime Boss","floor":16,"turns":8}],"seed_played":"8437830336466977813","potions_obtained":[{"floor":1,"key":"Regen Potion"},{"floor":7,"key":"BlessingOfTheForge"},{"floor":8,"key":"SneckoOil"}],"is_trial":false,"path_per_floor":["M","?","?","M","?","R","M","E","T","E","R","$","M","E","R","B"],"character_chosen":"IRONCLAD","items_purchased":["Meat on the Bone"],"campfire_rested":0,"item_purchase_floors":[12],"current_hp_per_floor":[60,49,49,48,48,48,47,37,37,39,39,39,52,46,46,0],"gold":116,"neow_bonus":"RANDOM_COMMON_RELIC","is_prod":false,"is_daily":false,"chose_seed":false,"campfire_upgraded":3,"win_rate":0,"timestamp":1669063929,"path_taken":["M","?","?","M","?","R","?","E","T","E","R","$","M","E","R","BOSS"],"build_version":"2022-10-04","purchased_purges":0,"victory":false,"max_hp_per_floor":[75,75,75,75,75,75,75,82,82,82,82,82,82,82,82,82],"card_choices":[{"not_picked":["Wild Strike","Metallicize"],"picked":"Pommel Strike","floor":1},{"not_picked":["Havoc","Anger","Iron Wave"],"picked":"SKIP","floor":4},{"not_picked":["Sword Boomerang","Feel No Pain"],"picked":"Cleave","floor":7},{"not_picked":["Body Slam","Heavy Blade"],"picked":"Perfected Strike","floor":8},{"not_picked":["Sever Soul","Entrench"],"picked":"Sentinel","floor":10},{"not_picked":["Rampage","Battle Trance"],"picked":"Berserk","floor":13},{"not_picked":["Whirlwind","Bloodletting","Anger"],"picked":"SKIP","floor":14}],"player_experience":1959882,"relics_obtained":[{"floor":8,"key":"Strawberry"},{"floor":9,"key":"Happy Flower"},{"floor":10,"key":"Orichalcum"},{"floor":14,"key":"Dream Catcher"}],"event_choices":[{"damage_healed":0,"gold_gain":75,"player_choice":"Gather Gold","damage_taken":11,"max_hp_gain":0,"max_hp_loss":0,"event_name":"World of Goop","floor":2,"gold_loss":0},{"damage_healed":0,"gold_gain":0,"player_choice":"Take Wound","damage_taken":0,"relics_obtained":["Golden Idol"],"max_hp_gain":0,"max_hp_loss":0,"event_name":"Golden Idol","floor":3,"gold_loss":0,"cards_obtained":["Injury"]},{"damage_healed":0,"gold_gain":0,"player_choice":"Ignored","damage_taken":0,"max_hp_gain":0,"max_hp_loss":0,"event_name":"Shining Light","floor":5,"gold_loss":0}],"is_beta":false,"boss_relics":[],"items_purged_floors":[],"is_endless":false,"potions_floor_spawned":[1,7,8],"killed_by":"Slime Boss","ascension_level":20}