{"gold_per_floor":[116,116,132,132,132,145,178,193,193,193,25,25,25],"floor_reached":13,"playtime":249,"items_purged":[],"score":166,"play_id":"443d1a6e-72a1-47e6-a0c5-450496151997","local_time":"20221125135642","is_ascension_mode":true,"campfire_choices":[],"neow_cost":"NONE","seed_source_timestamp":446011940848900,"circlet_count":0,"master_deck":["AscendersBane","Strike_R","Strike_R","Strike_R","Strike_R","Defend_R","Defend_R","Defend_R","Defend_R","Bash+1","Rage","Clash+1","Dual Wield","Shrug It Off","Cleave","Power Through"],"relics":["Burning Blood","NeowsBlessing","Eternal Feather","Ginger","Frozen Egg 2","Sling","Pen Nib"],"potions_floor_usage":[7],"damage_taken":[{"damage":0,"enemies":"Small Slimes","floor":1,"turns":1},{"damage":0,"enemies":"Cultist","floor":3,"turns":1},{"damage":0,"enemies":"2 Louse","floor":6,"turns":1},{"damage":37,"enemies":"Gremlin Nob","floor":7,"turns":4},{"damage":3,"enemies":"Exordium Thugs","floor":8,"turns":6},{"damage":43,"enemies":"Lagavulin","floor":13,"turns":6}],"seed_played":"-1681212767278032589","potions_obtained":[{"floor":3,"key":"SteroidPotion"},{"floor":8,"key":"BlessingOfTheForge"}],"is_trial":false,"path_per_floor":["M","?","M","?","?","M","E","M","T","?","$","T","E"],"character_chosen":"IRONCLAD","items_purchased":["Sling"],"campfire_rested":0,"item_purchase_floors":[11],"current_hp_per_floor":[74,48,54,54,54,60,29,32,32,32,32,32,0],"gold":25,"neow_bonus":"THREE_ENEMY_KILL","is_prod":false,"is_daily":false,"chose_seed":false,"campfire_upgraded":0,"win_rate":0,"timestamp":1669381002,"path_taken":["M","?","M","?","?","?","E","M","T","?","$","?","E"],"build_version":"2022-10-04","purchased_purges":0,"victory":false,"max_hp_per_floor":[75,75,75,75,75,75,75,75,75,75,75,75,75],"card_choices":[{"not_picked":["Pommel Strike","Blood for Blood"],"picked":"Rage","floor":1},{"not_picked":["Thunderclap","Hemokinesis"],"picked":"Clash","floor":3},{"not_picked":["Hemokinesis","Iron Wave"],"picked":"Dual Wield","floor":6},{"not_picked":["Twin Strike","Wild Strike"],"picked":"Shrug It Off","floor":7},{"not_picked":["Clothesline","Perfected Strike"],"picked":"Cleave","floor":8}],"player_experience":1961891,"relics_obtained":[{"floor":7,"key":"Ginger"},{"floor":9,"key":"Frozen Egg 2"},{"floor":12,"key":"Pen Nib"}],"event_choices":[{"damage_healed":0,"gold_gain":0,"player_choice":"Success","damage_taken":26,"relics_obtained":["Eternal Feather"],"max_hp_gain":0,"max_hp_loss":0,"event_name":"Scrap Ooze","floor":2,"gold_loss":0},{"damage_healed":0,"gold_gain":0,"player_choice":"Grow","damage_taken":0,"max_hp_gain":0,"max_hp_loss":0,"event_name":"Living Wall","floor":4,"gold_loss":0,"cards_upgraded":["Clash"]},{"damage_healed":0,"gold_gain":0,"player_choice":"Upgraded","damage_taken":0,"max_hp_gain":0,"max_hp_loss":0,"event_name":"Upgrade Shrine","floor":5,"gold_loss":0,"cards_upgraded":["Bash"]},{"damage_healed":0,"gold_gain":0,"cards_transformed":["Strike_R"],"player_choice":"Transformed","damage_taken":0,"max_hp_gain":0,"max_hp_loss":0,"event_name":"Transmorgrifier","floor":10,"gold_loss":0,"cards_obtained":["Power Through"]}],"is_beta":false,"boss_relics":[],"items_purged_floors":[],"is_endless":false,"potions_floor_spawned":[3,8],"killed_by":"Lagavulin","ascension_level":20}