{"gold_per_floor":[110,75,31,31,0,28,28,59,59,59,59,59,79,112,112,186,186,201,100,120,120,138,138,170,170,170,170,7,7,36,36,36,36],"floor_reached":33,"playtime":1108,"items_purged":[],"score":615,"play_id":"89331cca-725b-45fb-9329-0588ad1ede03","local_time":"20221127172734","is_ascension_mode":true,"campfire_choices":[{"floor":10,"key":"REST"},{"data":"Spot Weakness","floor":15,"key":"SMITH"},{"data":"RitualDagger","floor":23,"key":"SMITH"},{"floor":25,"key":"REST"},{"floor":27,"key":"REST"},{"data":"Fire Breathing","floor":32,"key":"SMITH"}],"neow_cost":"PERCENT_DAMAGE","seed_source_timestamp":630605433927500,"circlet_count":0,"master_deck":["AscendersBane","Strike_R","Strike_R","Strike_R","Strike_R","Defend_R","Defend_R","Defend_R","Defend_R","Bash","Cleave","Fire Breathing+1","Disarm","Shrug It Off","Parasite","Spot Weakness+1","Reaper","CurseOfTheBell","Jack Of All Trades","RitualDagger+1","Exhume","Power Through"],"relics":["Burning Blood","Ice Cream","Darkstone Periapt","CaptainsWheel","Blue Candle","MealTicket","Calling Bell","Anchor","InkBottle","Charon\u0027s Ashes","Smiling Mask","Self Forming Clay","HandDrill","Dream Catcher"],"potions_floor_usage":[8,14,24,24,33],"damage_taken":[{"damage":14,"enemies":"Jaw Worm","floor":1,"turns":6},{"damage":30,"enemies":"3 Sentries","floor":6,"turns":5},{"damage":22,"enemies":"Lagavulin","floor":8,"turns":7},{"damage":9,"enemies":"Small Slimes","floor":13,"turns":4},{"damage":20,"enemies":"3 Sentries","floor":14,"turns":4},{"damage":37,"enemies":"The Guardian","floor":16,"turns":13},{"damage":7,"enemies":"3 Byrds","floor":18,"turns":5},{"damage":3,"enemies":"Chosen","floor":20,"turns":5},{"damage":60,"enemies":"Snake Plant","floor":22,"turns":9},{"damage":51,"enemies":"Gremlin Leader","floor":24,"turns":11},{"damage":42,"enemies":"Book of Stabbing","floor":30,"turns":8},{"damage":134,"enemies":"Champ","floor":33,"turns":13}],"seed_played":"-9112059246073263106","potions_obtained":[{"floor":6,"key":"Dexterity Potion"},{"floor":8,"key":"PowerPotion"},{"floor":14,"key":"SpeedPotion"},{"floor":16,"key":"SpeedPotion"},{"floor":29,"key":"Weak Potion"},{"floor":29,"key":"SmokeBomb"},{"floor":30,"key":"Block Potion"}],"is_trial":false,"path_per_floor":["M","?","$","?","?","E","?","E","T","R","?","$","M","E","R","B",null,"M","$","M","?","M","R","E","R","T","R","$","?","E","$","R","B"],"character_chosen":"IRONCLAD","items_purchased":["Fire Breathing","Jack Of All Trades","HandDrill"],"campfire_rested":3,"item_purchase_floors":[3,19,28],"current_hp_per_floor":[56,78,78,67,67,43,36,20,20,46,74,74,71,57,57,26,84,95,101,101,95,46,46,16,46,46,76,91,91,67,82,82,0],"gold":36,"neow_bonus":"TWENTY_PERCENT_HP_BONUS","is_prod":false,"is_daily":false,"chose_seed":false,"campfire_upgraded":3,"win_rate":0,"timestamp":1669566454,"path_taken":["M","?","$","?","?","E","?","E","T","R","?","?","M","E","R","BOSS","M","?","M","?","M","R","E","R","T","R","$","?","E","$","R","BOSS"],"build_version":"2022-10-04","purchased_purges":0,"victory":false,"max_hp_per_floor":[89,89,89,89,89,89,89,89,89,89,95,95,95,95,95,95,101,101,101,101,101,101,101,101,101,101,101,101,101,101,101,101,101],"card_choices":[{"not_picked":["Havoc","Twin Strike"],"picked":"Cleave","floor":1},{"not_picked":["Heavy Blade","Cleave"],"picked":"Disarm","floor":6},{"not_picked":["Limit Break","Sever Soul"],"picked":"Shrug It Off","floor":8},{"not_picked":["Warcry","Perfected Strike"],"picked":"Spot Weakness","floor":13},{"not_picked":["Brutality","True Grit","Wild Strike"],"picked":"SKIP","floor":14},{"not_picked":["Juggernaut","Corruption"],"picked":"Reaper","floor":16},{"not_picked":["Heavy Blade","Flex","Thunderclap"],"picked":"SKIP","floor":18},{"not_picked":["Clash","Headbutt+1","Pommel Strike"],"picked":"SKIP","floor":20},{"not_picked":["Heavy Blade+1","Wild Strike","Reckless Charge"],"picked":"SKIP","floor":22},{"not_picked":["Body Slam","Rampage"],"picked":"Exhume","floor":24},{"not_picked":["Bloodletting","Spot Weakness"],"picked":"Power Through","floor":30}],"player_experience":1963928,"relics_obtained":[{"floor":6,"key":"Darkstone Periapt"},{"floor":8,"key":"CaptainsWheel"},{"floor":9,"key":"Blue Candle"},{"floor":14,"key":"MealTicket"},{"floor":17,"key":"Anchor"},{"floor":17,"key":"InkBottle"},{"floor":17,"key":"Charon\u0027s Ashes"},{"floor":24,"key":"Smiling Mask"},{"floor":26,"key":"Self Forming Clay"},{"floor":30,"key":"Dream Catcher"}],"event_choices":[{"damage_healed":22,"gold_gain":0,"player_choice":"Healed","damage_taken":0,"max_hp_gain":0,"max_hp_loss":0,"event_name":"The Cleric","floor":2,"gold_loss":35},{"damage_healed":0,"gold_gain":0,"player_choice":"Success","damage_taken":11,"relics_obtained":["Ice Cream"],"max_hp_gain":0,"max_hp_loss":0,"event_name":"Scrap Ooze","floor":4,"gold_loss":0},{"damage_healed":0,"gold_gain":0,"player_choice":"Left Gold","damage_taken":0,"max_hp_gain":0,"max_hp_loss":0,"event_name":"World of Goop","floor":5,"gold_loss":31},{"cards_removed":["Strike_R"],"damage_healed":0,"gold_gain":0,"player_choice":"Card Removal","damage_taken":7,"max_hp_gain":0,"max_hp_loss":0,"event_name":"Golden Wing","floor":7,"gold_loss":0},{"damage_healed":22,"gold_gain":0,"player_choice":"Healed and dodged fight","damage_taken":0,"max_hp_gain":0,"max_hp_loss":0,"event_name":"Mushrooms","floor":11,"gold_loss":0,"cards_obtained":["Parasite"]},{"damage_healed":0,"gold_gain":0,"player_choice":"Joined the Cult","damage_taken":6,"max_hp_gain":0,"max_hp_loss":0,"event_name":"Nest","floor":21,"gold_loss":0,"cards_obtained":["RitualDagger"]},{"damage_healed":0,"gold_gain":0,"player_choice":"Got Potions","damage_taken":0,"max_hp_gain":0,"max_hp_loss":0,"event_name":"Lab","floor":29,"gold_loss":0}],"is_beta":false,"boss_relics":[{"not_picked":["Velvet Choker","Fusion Hammer"],"picked":"Calling Bell"}],"items_purged_floors":[],"is_endless":false,"potions_floor_spawned":[6,8,14,16,30],"killed_by":"Champ","ascension_level":20}