{"gold_per_floor":[115,115,265,265,29,58,68,68,91,107,117,145,157,186,198,210],"floor_reached":16,"playtime":582,"items_purged":["Pain"],"score":220,"play_id":"6c10e265-2bc2-4c88-96ad-4520f28f8af9","local_time":"20221127173729","is_ascension_mode":true,"campfire_choices":[{"data":"Inflame","floor":13,"key":"SMITH"},{"data":"Demon Form","floor":15,"key":"SMITH"}],"neow_cost":"PERCENT_DAMAGE","seed_source_timestamp":631727325284300,"circlet_count":0,"master_deck":["AscendersBane","Strike_R","Strike_R","Strike_R","Strike_R","Strike_R","Defend_R","Defend_R","Defend_R","Defend_R","Bash","Inflame+1","Doubt","Heavy Blade","Shrug It Off","Uppercut","Flame Barrier","Demon Form+1"],"relics":["Burning Blood","Prayer Wheel","WarpedTongs","Lee\u0027s Waffle","Potion Belt","Strawberry","MawBank"],"potions_floor_usage":[14,16],"damage_taken":[{"damage":7,"enemies":"Jaw Worm","floor":1,"turns":3},{"damage":53,"enemies":"Gremlin Nob","floor":6,"turns":6},{"damage":1,"enemies":"2 Louse","floor":7,"turns":4},{"damage":1,"enemies":"Cultist","floor":10,"turns":3},{"damage":8,"enemies":"3 Louse","floor":11,"turns":4},{"damage":21,"enemies":"Lagavulin","floor":12,"turns":6},{"damage":6,"enemies":"Red Slaver","floor":14,"turns":3},{"damage":38,"enemies":"Hexaghost","floor":16,"turns":12}],"seed_played":"-1152465598567663233","potions_obtained":[{"floor":7,"key":"BlessingOfTheForge"},{"floor":14,"key":"SkillPotion"}],"is_trial":false,"path_per_floor":["M","?","?","?","$","E","M","$","T","M","M","E","R","M","R","B"],"character_chosen":"IRONCLAD","items_purchased":["Lee\u0027s Waffle"],"campfire_rested":0,"item_purchase_floors":[5],"current_hp_per_floor":[49,49,49,49,82,35,40,40,47,52,50,35,35,35,35,0],"gold":210,"neow_bonus":"ONE_RARE_RELIC","is_prod":false,"is_daily":false,"chose_seed":false,"campfire_upgraded":2,"win_rate":0,"timestamp":1669567049,"path_taken":["M","?","?","?","$","E","?","$","T","M","M","E","R","M","R","BOSS"],"build_version":"2022-10-04","purchased_purges":1,"victory":false,"max_hp_per_floor":[75,75,75,75,82,82,82,82,89,89,89,89,89,89,89,89],"card_choices":[{"not_picked":["Clothesline","Ghostly Armor"],"picked":"Inflame","floor":1},{"not_picked":["Wild Strike","Blood for Blood","Pommel Strike"],"picked":"SKIP","floor":1},{"not_picked":["Evolve","Pommel Strike"],"picked":"Heavy Blade","floor":6},{"not_picked":["Wild Strike","Flex","Sentinel"],"picked":"SKIP","floor":7},{"not_picked":["Clash","Entrench","Thunderclap"],"picked":"SKIP","floor":7},{"not_picked":["Sever Soul","Disarm"],"picked":"Shrug It Off","floor":10},{"not_picked":["Warcry","Sever Soul","Wild Strike"],"picked":"SKIP","floor":10},{"not_picked":["Iron Wave","Armaments"],"picked":"Uppercut","floor":11},{"not_picked":["Rage","True Grit","Thunderclap"],"picked":"SKIP","floor":11},{"not_picked":["Shockwave","Whirlwind"],"picked":"Flame Barrier","floor":12},{"not_picked":["True Grit","Sword Boomerang"],"picked":"Demon Form","floor":14},{"not_picked":["Fire Breathing","Rage","Headbutt"],"picked":"SKIP","floor":14}],"player_experience":1965036,"relics_obtained":[{"floor":6,"key":"Potion Belt"},{"floor":9,"key":"Strawberry"},{"floor":12,"key":"MawBank"}],"event_choices":[{"damage_healed":0,"gold_gain":0,"player_choice":"Ignored","damage_taken":0,"max_hp_gain":0,"max_hp_loss":0,"event_name":"Shining Light","floor":2,"gold_loss":0},{"damage_healed":0,"gold_gain":150,"player_choice":"AGREE","damage_taken":0,"max_hp_gain":0,"max_hp_loss":0,"event_name":"Liars Game","floor":3,"gold_loss":0,"cards_obtained":["Doubt"]},{"damage_healed":0,"gold_gain":0,"player_choice":"Rummage","damage_taken":0,"relics_obtained":["WarpedTongs"],"max_hp_gain":0,"max_hp_loss":0,"event_name":"Accursed Blacksmith","floor":4,"gold_loss":0,"cards_obtained":["Pain"]}],"is_beta":false,"boss_relics":[],"items_purged_floors":[5],"is_endless":false,"potions_floor_spawned":[7,14],"killed_by":"Hexaghost","ascension_level":20}