{"gold_per_floor":[114,114,114,114,131,165,62,62,62,91,91,126,126,137,137,214,264,276,229,229],"floor_reached":20,"playtime":606,"items_purged":["Strike_R"],"score":480,"play_id":"7d7a0374-9476-44f2-9110-4f2454d00e72","local_time":"20221121220224","is_ascension_mode":true,"campfire_choices":[{"data":"Body Slam","floor":8,"key":"SMITH"},{"data":"Havoc","floor":11,"key":"SMITH"},{"data":"Shrug It Off","floor":15,"key":"SMITH"}],"neow_cost":"NONE","seed_source_timestamp":129191147551900,"circlet_count":0,"master_deck":["AscendersBane","Strike_R","Strike_R+1","Strike_R","Strike_R","Defend_R","Defend_R+1","Defend_R+1","Bash","Impervious+1","Havoc+1","Body Slam+1","Sentinel","Clothesline","Shrug It Off+1","Barricade"],"relics":["Burning Blood","Oddly Smooth Stone","Letter Opener","Thread and Needle","FossilizedHelix","Torii","Tiny House"],"potions_floor_usage":[12,20,20],"damage_taken":[{"damage":1,"enemies":"Cultist","floor":1,"turns":3},{"damage":0,"enemies":"2 Louse","floor":5,"turns":2},{"damage":3,"enemies":"Gremlin Nob","floor":6,"turns":4},{"damage":17,"enemies":"3 Sentries","floor":10,"turns":8},{"damage":4,"enemies":"Gremlin Nob","floor":12,"turns":4},{"damage":0,"enemies":"Small Slimes","floor":14,"turns":3},{"damage":0,"enemies":"Slime Boss","floor":16,"turns":4},{"damage":0,"enemies":"Spheric Guardian","floor":18,"turns":4},{"damage":12,"enemies":"2 Thieves","floor":19,"turns":5},{"damage":76,"enemies":"Masked Bandits","floor":20,"turns":7}],"seed_played":"2950793219527583115","potions_obtained":[{"floor":5,"key":"SkillPotion"},{"floor":6,"key":"ElixirPotion"},{"floor":12,"key":"Energy Potion"},{"floor":16,"key":"Weak Potion"}],"is_trial":false,"path_per_floor":["M","?","?","?","M","E","$","R","T","E","R","E","?","M","R","B",null,"M","M","?"],"character_chosen":"IRONCLAD","items_purchased":["Clothesline"],"campfire_rested":0,"item_purchase_floors":[7],"current_hp_per_floor":[73,50,43,43,49,52,52,52,52,41,41,43,43,49,49,55,75,80,74,0],"gold":229,"neow_bonus":"ONE_RANDOM_RARE_CARD","is_prod":false,"is_daily":false,"chose_seed":false,"campfire_upgraded":3,"win_rate":0,"timestamp":1669064544,"path_taken":["M","?","?","?","M","E","$","R","T","E","R","E","?","M","R","BOSS","M","?","?"],"build_version":"2022-10-04","purchased_purges":1,"victory":false,"max_hp_per_floor":[75,75,75,75,75,75,75,75,75,75,75,75,75,75,75,75,80,80,80,80],"card_choices":[{"not_picked":["True Grit","Sever Soul"],"picked":"Havoc","floor":1},{"not_picked":["Anger","Clothesline"],"picked":"Body Slam","floor":5},{"not_picked":["Fiend Fire","Dropkick"],"picked":"Sentinel","floor":6},{"not_picked":["Anger","Metallicize","Pommel Strike"],"picked":"SKIP","floor":10},{"not_picked":["Anger","Power Through"],"picked":"Shrug It Off","floor":12},{"not_picked":["Blood for Blood","Clash","Reckless Charge"],"picked":"SKIP","floor":14},{"not_picked":["Fiend Fire","Demon Form"],"picked":"Barricade","floor":16},{"not_picked":["Sword Boomerang","Fire Breathing","Flex"],"picked":"SKIP","floor":18},{"not_picked":["Twin Strike","Carnage","Flex"],"picked":"SKIP","floor":19}],"player_experience":1960268,"relics_obtained":[{"floor":6,"key":"Oddly Smooth Stone"},{"floor":9,"key":"Letter Opener"},{"floor":10,"key":"Thread and Needle"},{"floor":12,"key":"FossilizedHelix"}],"event_choices":[{"damage_healed":0,"gold_gain":0,"player_choice":"Entered Light","damage_taken":23,"max_hp_gain":0,"max_hp_loss":0,"event_name":"Shining Light","floor":2,"gold_loss":0,"cards_upgraded":["Defend_R","Defend_R"]},{"cards_removed":["Defend_R"],"damage_healed":0,"gold_gain":0,"player_choice":"Card Removal","damage_taken":7,"max_hp_gain":0,"max_hp_loss":0,"event_name":"Golden Wing","floor":3,"gold_loss":0},{"damage_healed":0,"gold_gain":0,"player_choice":"Grow","damage_taken":0,"max_hp_gain":0,"max_hp_loss":0,"event_name":"Living Wall","floor":4,"gold_loss":0,"cards_upgraded":["Impervious"]},{"damage_healed":0,"gold_gain":0,"player_choice":"Gave Potion","damage_taken":0,"relics_obtained":["Torii"],"max_hp_gain":0,"max_hp_loss":0,"event_name":"WeMeetAgain","floor":13,"gold_loss":0},{"damage_healed":0,"gold_gain":0,"player_choice":"Fought Bandits","damage_taken":0,"max_hp_gain":0,"max_hp_loss":0,"event_name":"Masked Bandits","floor":20,"gold_loss":0}],"is_beta":false,"boss_relics":[{"not_picked":["Velvet Choker","Cursed Key"],"picked":"Tiny House"}],"items_purged_floors":[7],"is_endless":false,"potions_floor_spawned":[5,6,12,16,19],"killed_by":"Masked Bandits","ascension_level":20}