{"gold_per_floor":[114,31,43,43,43,43,68,68,68,98,19,19,34,54,54,132,132,149,149,162,181,206,206,236,236,236,236,236,251,251,251],"floor_reached":31,"playtime":621,"items_purged":[],"score":597,"play_id":"8a0680ca-8ae5-4870-b7de-0f955253aad7","local_time":"20221121214534","is_ascension_mode":true,"campfire_choices":[{"floor":6,"key":"REST"},{"data":"Limit Break","floor":8,"key":"SMITH"},{"floor":15,"key":"DIG"},{"floor":23,"key":"DIG"},{"floor":27,"key":"REST"},{"floor":30,"key":"REST"}],"neow_cost":"NONE","seed_source_timestamp":0,"circlet_count":0,"master_deck":["AscendersBane","Defend_R","Defend_R","Defend_R","Defend_R+1","Bash","Heavy Blade","Limit Break+1","Bloodletting","Ghostly Armor","Rupture","Reaper","Bite","Bite","Bite","Bite","Bite"],"special_seed":0,"relics":["Burning Blood","NeowsBlessing","Ancient Tea Set","Vajra","Shovel","Ice Cream","Blue Candle","Runic Cube","Orichalcum","Paper Frog","Bottled Lightning","Frozen Egg 2"],"potions_floor_usage":[10,18,20,24,24,31],"damage_taken":[{"damage":0,"enemies":"Jaw Worm","floor":1,"turns":1},{"damage":0,"enemies":"2 Louse","floor":3,"turns":1},{"damage":0,"enemies":"3 Sentries","floor":7,"turns":1},{"damage":8,"enemies":"Gremlin Nob","floor":10,"turns":3},{"damage":0,"enemies":"Cultist","floor":13,"turns":3},{"damage":7,"enemies":"Looter","floor":14,"turns":3},{"damage":36,"enemies":"The Guardian","floor":16,"turns":9},{"damage":16,"enemies":"3 Byrds","floor":18,"turns":3},{"damage":14,"enemies":"Shell Parasite","floor":20,"turns":4},{"damage":26,"enemies":"Centurion and Healer","floor":21,"turns":6},{"damage":24,"enemies":"Gremlin Leader","floor":24,"turns":6},{"damage":59,"enemies":"Cultist and Chosen","floor":29,"turns":6},{"damage":33,"enemies":"Book of Stabbing","floor":31,"turns":3}],"seed_played":"-2045469993472672911","potions_obtained":[{"floor":1,"key":"LiquidBronze"},{"floor":3,"key":"PowerPotion"},{"floor":13,"key":"HeartOfIron"},{"floor":18,"key":"BlessingOfTheForge"},{"floor":21,"key":"DuplicationPotion"},{"floor":29,"key":"FearPotion"}],"is_trial":false,"path_per_floor":["M","$","M","?","?","R","E","R","T","E","$","?","M","M","R","B",null,"M","?","M","M","T","R","E","?","T","R","?","M","R","E"],"character_chosen":"IRONCLAD","items_purchased":["Limit Break","Rupture"],"campfire_rested":3,"item_purchase_floors":[2,11],"current_hp_per_floor":[74,74,75,52,34,56,62,62,62,60,60,60,66,65,65,35,65,55,55,47,27,27,27,9,9,9,24,34,11,26,0],"gold":251,"neow_bonus":"THREE_ENEMY_KILL","is_prod":false,"is_daily":false,"chose_seed":false,"campfire_upgraded":1,"win_rate":0,"timestamp":1669063534,"path_taken":["M","$","M","?","?","R","E","R","T","E","$","?","M","?","R","BOSS","M","?","M","?","?","R","E","?","T","R","?","M","R","E"],"build_version":"2022-10-04","purchased_purges":0,"victory":false,"max_hp_per_floor":[75,75,75,75,75,75,75,75,75,75,75,75,75,75,75,75,75,75,75,75,75,75,75,75,52,52,52,52,52,52,52],"card_choices":[{"not_picked":["Havoc","Entrench"],"picked":"Heavy Blade","floor":1},{"not_picked":["Thunderclap","Rampage"],"picked":"Bloodletting","floor":3},{"not_picked":["Thunderclap","Pommel Strike"],"picked":"Ghostly Armor","floor":7},{"not_picked":["Sword Boomerang","Feel No Pain","Perfected Strike"],"picked":"SKIP","floor":10},{"not_picked":["Dropkick","Clash","Entrench"],"picked":"SKIP","floor":13},{"not_picked":["Intimidate","Pommel Strike","Clothesline"],"picked":"SKIP","floor":14},{"not_picked":["Whirlwind","Pommel Strike","Perfected Strike+1"],"picked":"SKIP","floor":18},{"not_picked":["Perfected Strike","Pommel Strike","Body Slam"],"picked":"SKIP","floor":20},{"not_picked":["Dual Wield","Evolve","Pommel Strike"],"picked":"SKIP","floor":21},{"not_picked":["Wild Strike","Headbutt+1"],"picked":"Reaper","floor":24},{"not_picked":["Flex","Ghostly Armor","Clash+1"],"picked":"SKIP","floor":29}],"player_experience":1959261,"relics_obtained":[{"floor":7,"key":"Vajra"},{"floor":9,"key":"Shovel"},{"floor":10,"key":"Ice Cream"},{"floor":15,"key":"Blue Candle"},{"floor":22,"key":"Orichalcum"},{"floor":23,"key":"Paper Frog"},{"floor":24,"key":"Bottled Lightning"},{"floor":26,"key":"Frozen Egg 2"}],"event_choices":[{"damage_healed":0,"gold_gain":0,"player_choice":"Entered Light","damage_taken":23,"max_hp_gain":0,"max_hp_loss":0,"event_name":"Shining Light","floor":4,"gold_loss":0,"cards_upgraded":["Defend_R","Strike_R"]},{"damage_healed":0,"gold_gain":0,"player_choice":"Success","damage_taken":18,"relics_obtained":["Ancient Tea Set"],"max_hp_gain":0,"max_hp_loss":0,"event_name":"Scrap Ooze","floor":5,"gold_loss":0},{"cards_removed":["Strike_R"],"damage_healed":0,"gold_gain":0,"player_choice":"Offered Basic","damage_taken":0,"max_hp_gain":0,"max_hp_loss":0,"event_name":"Bonfire Elementals","floor":12,"gold_loss":0},{"cards_removed":["Strike_R"],"damage_healed":0,"gold_gain":0,"player_choice":"Purged","damage_taken":0,"max_hp_gain":0,"max_hp_loss":0,"event_name":"Purifier","floor":19,"gold_loss":0},{"damage_healed":0,"gold_gain":0,"player_choice":"Became a vampire","damage_taken":0,"max_hp_gain":0,"max_hp_loss":23,"event_name":"Vampires","floor":25,"gold_loss":0,"cards_obtained":["Bite","Bite","Bite","Bite","Bite"]},{"damage_healed":10,"gold_gain":0,"player_choice":"Heal","damage_taken":0,"max_hp_gain":0,"max_hp_loss":0,"event_name":"The Library","floor":28,"gold_loss":0}],"is_beta":false,"boss_relics":[{"not_picked":["Philosopher\u0027s Stone","Coffee Dripper"],"picked":"Runic Cube"}],"items_purged_floors":[],"is_endless":false,"potions_floor_spawned":[1,3,13,18,21,29],"killed_by":"Book of Stabbing","ascension_level":20}