{"gold_per_floor":[112,125,49,49,49,75,75,106,106,117,129,129,155,173,173,252,252,271,186,111,111,61,86,46,46],"floor_reached":25,"playtime":659,"items_purged":[],"score":524,"play_id":"c54c632c-b00b-4571-b76e-0d91dd2bee73","local_time":"20221204004656","is_ascension_mode":true,"campfire_choices":[{"data":"Feel No Pain","floor":7,"key":"SMITH"},{"floor":15,"key":"REST"}],"neow_cost":"NONE","seed_source_timestamp":1175824032325800,"circlet_count":0,"master_deck":["AscendersBane","Strike_R","Strike_R","Strike_R","Strike_R","Defend_R","Defend_R","Defend_R","Defend_R","Bash","Feel No Pain+1","Reckless Charge","Disarm","Feel No Pain","Fire Breathing","Evolve","Disarm+1","Exhume+1","Havoc+1","Offering+1","Rupture+1","Feel No Pain"],"relics":["Burning Blood","NeowsBlessing","Torii","Letter Opener","Toxic Egg 2","Question Card","Busted Crown","White Beast Statue","Nilry\u0027s Codex","Juzu Bracelet"],"potions_floor_usage":[8,8,11,13,23,23,25],"damage_taken":[{"damage":0,"enemies":"Small Slimes","floor":1,"turns":1},{"damage":0,"enemies":"Jaw Worm","floor":2,"turns":1},{"damage":0,"enemies":"Gremlin Nob","floor":6,"turns":1},{"damage":32,"enemies":"Lagavulin","floor":8,"turns":7},{"damage":2,"enemies":"Cultist","floor":10,"turns":4},{"damage":24,"enemies":"Exordium Thugs","floor":11,"turns":7},{"damage":26,"enemies":"Gremlin Nob","floor":13,"turns":5},{"damage":3,"enemies":"Exordium Wildlife","floor":14,"turns":5},{"damage":5,"enemies":"Hexaghost","floor":16,"turns":11},{"damage":27,"enemies":"Spheric Guardian","floor":18,"turns":6},{"damage":7,"enemies":"Book of Stabbing","floor":23,"turns":6},{"damage":31,"enemies":"Slavers","floor":25,"turns":5}],"seed_played":"-6885254865986879466","potions_obtained":[{"floor":1,"key":"Explosive Potion"},{"floor":6,"key":"Fire Potion"},{"floor":10,"key":"Block Potion"},{"floor":11,"key":"Block Potion"},{"floor":12,"key":"PowerPotion"},{"floor":14,"key":"GamblersBrew"},{"floor":16,"key":"PowerPotion"},{"floor":23,"key":"Swift Potion"}],"is_trial":false,"path_per_floor":["M","M","$","?","$","E","R","E","T","M","M","?","E","M","R","B",null,"M","?","?","?","?","E","$","E"],"character_chosen":"IRONCLAD","items_purchased":["Disarm","Feel No Pain"],"campfire_rested":1,"item_purchase_floors":[3,24],"current_hp_per_floor":[74,75,75,75,75,75,75,49,49,53,35,35,15,18,40,41,67,46,46,46,25,25,24,24,0],"gold":46,"neow_bonus":"THREE_ENEMY_KILL","is_prod":false,"is_daily":false,"chose_seed":false,"campfire_upgraded":1,"win_rate":0,"timestamp":1670111216,"path_taken":["M","M","$","?","$","E","R","E","T","M","M","?","E","?","R","BOSS","M","?","?","?","?","E","$","E"],"build_version":"2022-12-01","purchased_purges":0,"victory":false,"max_hp_per_floor":[75,75,75,75,75,75,75,75,75,75,75,75,75,75,75,75,75,75,75,75,75,75,75,75,75],"card_choices":[{"not_picked":["Combust","Cleave"],"picked":"Feel No Pain","floor":1},{"not_picked":["Body Slam","True Grit"],"picked":"Reckless Charge","floor":2},{"not_picked":["Anger","Pummel"],"picked":"Feel No Pain","floor":6},{"not_picked":["Burning Pact","Clash"],"picked":"Fire Breathing","floor":8},{"not_picked":["Iron Wave","Cleave"],"picked":"Evolve","floor":10},{"not_picked":["Clothesline","Reckless Charge"],"picked":"Disarm+1","floor":11},{"not_picked":["Whirlwind","Perfected Strike"],"picked":"Exhume+1","floor":13},{"not_picked":["Armaments+1","Perfected Strike","Dark Embrace"],"picked":"Havoc+1","floor":14},{"not_picked":["Demon Form","Berserk","Double Tap+1"],"picked":"Offering+1","floor":16},{"not_picked":["Power Through+1"],"picked":"Rupture+1","floor":18},{"not_picked":["Warcry+1","Entrench+1"],"picked":"SKIP","floor":23}],"player_experience":1966440,"relics_obtained":[{"floor":6,"key":"Torii"},{"floor":8,"key":"Letter Opener"},{"floor":9,"key":"Toxic Egg 2"},{"floor":13,"key":"Question Card"},{"floor":21,"key":"Nilry\u0027s Codex"},{"floor":23,"key":"Juzu Bracelet"}],"event_choices":[{"damage_healed":0,"gold_gain":0,"player_choice":"Leave","damage_taken":0,"max_hp_gain":0,"max_hp_loss":0,"event_name":"The Cleric","floor":4,"gold_loss":0},{"damage_healed":0,"gold_gain":0,"player_choice":"Got Potions","damage_taken":0,"max_hp_gain":0,"max_hp_loss":0,"event_name":"Lab","floor":12,"gold_loss":0},{"damage_healed":0,"gold_gain":0,"player_choice":"Obtained Relic","damage_taken":0,"relics_obtained":["White Beast Statue"],"max_hp_gain":0,"max_hp_loss":0,"event_name":"Addict","floor":19,"gold_loss":85},{"cards_removed":["Strike_R"],"damage_healed":0,"gold_gain":0,"player_choice":"Gave Gold","damage_taken":0,"max_hp_gain":0,"max_hp_loss":0,"event_name":"Beggar","floor":20,"gold_loss":75},{"damage_healed":0,"gold_gain":0,"player_choice":"Obtained Book","damage_taken":21,"max_hp_gain":0,"max_hp_loss":0,"event_name":"Cursed Tome","floor":21,"gold_loss":0},{"damage_healed":0,"gold_gain":0,"player_choice":"Bet on Murderer","damage_taken":0,"max_hp_gain":0,"max_hp_loss":0,"event_name":"The Joust","floor":22,"gold_loss":50}],"is_beta":false,"boss_relics":[{"not_picked":["Runic Dome","Fusion Hammer"],"picked":"Busted Crown"}],"items_purged_floors":[],"is_endless":false,"potions_floor_spawned":[1,6,10,11,14,16,18,23],"killed_by":"Slavers","ascension_level":20}