{"gold_per_floor":[19,19,29,29,29,29,59,59,59,59,79,96,76,104,104,181,181,193,204,124,124,124,124],"floor_reached":23,"playtime":629,"items_purged":[],"score":394,"play_id":"9e9d4473-4c4e-43b2-8fe6-72d8d1c409a9","local_time":"20221211143648","is_ascension_mode":true,"campfire_choices":[{"data":"Strike_R","floor":6,"key":"PURGE"},{"floor":8,"key":"REST"},{"data":"Rupture","floor":10,"key":"SMITH"},{"floor":15,"key":"REST"}],"neow_cost":"NO_GOLD","seed_source_timestamp":1830457183134600,"circlet_count":0,"master_deck":["AscendersBane","Strike_R","Strike_R+1","Defend_R","Defend_R","Defend_R","Bash+1","Pommel Strike","Rupture+1","Bloodletting","Pummel","Thunderclap","Limit Break","Metallicize+1","Rampage+1","Infernal Blade+1","Rupture"],"relics":["Burning Blood","Peace Pipe","Turnip","Champion Belt","Whetstone","Astrolabe","GremlinMask"],"potions_floor_usage":[7,12,14,16,16,19],"damage_taken":[{"damage":1,"enemies":"Small Slimes","floor":1,"turns":5},{"damage":9,"enemies":"Jaw Worm","floor":3,"turns":5},{"damage":43,"enemies":"Lagavulin","floor":7,"turns":8},{"damage":5,"enemies":"Cultist","floor":11,"turns":4},{"damage":3,"enemies":"2 Fungi Beasts","floor":12,"turns":2},{"damage":37,"enemies":"Gremlin Nob","floor":14,"turns":4},{"damage":34,"enemies":"Slime Boss","floor":16,"turns":10},{"damage":33,"enemies":"Chosen","floor":18,"turns":6},{"damage":17,"enemies":"3 Byrds","floor":19,"turns":6},{"damage":0,"enemies":"Slavers","floor":23,"turns":1}],"seed_played":"-6764994531059808116","potions_obtained":[{"floor":1,"key":"FearPotion"},{"floor":7,"key":"Fire Potion"},{"floor":11,"key":"SpeedPotion"},{"floor":13,"key":"DistilledChaos"},{"floor":14,"key":"Block Potion"},{"floor":18,"key":"DistilledChaos"}],"is_trial":false,"path_per_floor":["M","?","M","$","?","R","E","R","T","R","M","M","?","E","R","B",null,"M","M","$","?","$","E"],"character_chosen":"IRONCLAD","items_purchased":["Rupture"],"campfire_rested":2,"item_purchase_floors":[20],"current_hp_per_floor":[73,73,70,70,70,70,33,55,55,55,56,59,59,28,50,22,62,35,24,24,24,24,24],"gold":124,"neow_bonus":"ONE_RARE_RELIC","is_prod":false,"is_daily":false,"chose_seed":false,"campfire_upgraded":1,"win_rate":0,"timestamp":1670765808,"path_taken":["M","?","M","$","?","R","E","R","T","R","M","?","?","E","R","BOSS","M","?","$","?","?","E"],"build_version":"2022-12-01","purchased_purges":0,"victory":false,"max_hp_per_floor":[75,75,75,75,75,75,75,75,75,75,75,75,75,75,75,75,75,75,75,75,75,75,75],"card_choices":[{"not_picked":["Entrench","Twin Strike"],"picked":"Pommel Strike","floor":1},{"not_picked":["Intimidate","Wild Strike","Heavy Blade"],"picked":"SKIP","floor":3},{"not_picked":["Wild Strike","Headbutt"],"picked":"Pummel","floor":7},{"not_picked":["Clash","Heavy Blade","Warcry"],"picked":"SKIP","floor":11},{"not_picked":["Heavy Blade","Clothesline"],"picked":"Thunderclap","floor":12},{"not_picked":["Combust","Rampage"],"picked":"Limit Break","floor":14},{"not_picked":["Heavy Blade","Power Through","Cleave"],"picked":"SKIP","floor":18},{"not_picked":["Twin Strike","Clothesline","Flex"],"picked":"SKIP","floor":19}],"player_experience":1972711,"relics_obtained":[{"floor":7,"key":"Turnip"},{"floor":9,"key":"Champion Belt"},{"floor":14,"key":"Whetstone"}],"event_choices":[{"damage_healed":0,"gold_gain":0,"cards_transformed":["Strike_R"],"player_choice":"Change","damage_taken":0,"max_hp_gain":0,"max_hp_loss":0,"event_name":"Living Wall","floor":2,"gold_loss":0,"cards_obtained":["Rupture"]},{"damage_healed":0,"gold_gain":0,"player_choice":"2 cards matched","damage_taken":0,"max_hp_gain":0,"max_hp_loss":0,"event_name":"Match and Keep!","floor":5,"gold_loss":0,"cards_obtained":["Barricade","Bloodletting"]},{"damage_healed":0,"gold_gain":0,"player_choice":"Bought 1 Potion","damage_taken":0,"max_hp_gain":0,"max_hp_loss":0,"event_name":"The Woman in Blue","floor":13,"gold_loss":0},{"damage_healed":0,"gold_gain":0,"player_choice":"Trade","damage_taken":0,"relics_obtained":["GremlinMask"],"max_hp_gain":0,"max_hp_loss":0,"event_name":"FaceTrader","floor":21,"gold_loss":0}],"is_beta":false,"boss_relics":[{"not_picked":["Tiny House","Runic Dome"],"picked":"Astrolabe"}],"items_purged_floors":[],"is_endless":false,"potions_floor_spawned":[1,7,11,14,18],"killed_by":"Slavers","ascension_level":20}