{"gold_per_floor":[109,125,142,142,67,99,99,126,150,44,55,55],"floor_reached":12,"playtime":232,"items_purged":[],"score":176,"play_id":"929abb63-19b3-4133-8bea-a13e6dd1a6ce","local_time":"20221204001503","is_ascension_mode":true,"campfire_choices":[{"data":"Bash","floor":7,"key":"SMITH"}],"neow_cost":"NONE","seed_source_timestamp":1174338479123400,"circlet_count":0,"master_deck":["AscendersBane","Strike_R","Strike_R","Strike_R","Strike_R","Strike_R","Defend_R","Defend_R","Defend_R","Defend_R","Bash+1","Cleave","Power Through","Ghostly Armor","Jack Of All Trades","Shockwave"],"relics":["Burning Blood","NeowsBlessing","Bag of Preparation","Bronze Scales","Pen Nib","Regal Pillow"],"potions_floor_usage":[6,8],"damage_taken":[{"damage":0,"enemies":"Cultist","floor":1,"turns":1},{"damage":0,"enemies":"2 Louse","floor":2,"turns":1},{"damage":0,"enemies":"Jaw Worm","floor":3,"turns":1},{"damage":37,"enemies":"Gremlin Nob","floor":6,"turns":5},{"damage":30,"enemies":"3 Sentries","floor":8,"turns":9},{"damage":3,"enemies":"Blue Slaver","floor":11,"turns":4},{"damage":25,"enemies":"Gremlin Nob","floor":12,"turns":3}],"seed_played":"-4948949290692548020","potions_obtained":[{"floor":2,"key":"BlessingOfTheForge"},{"floor":3,"key":"SpeedPotion"}],"is_trial":false,"path_per_floor":["M","M","M","?","?","E","R","E","T","$","M","E"],"character_chosen":"IRONCLAD","items_purchased":["Jack Of All Trades"],"campfire_rested":0,"item_purchase_floors":[10],"current_hp_per_floor":[74,75,75,75,75,44,44,20,20,20,23,0],"gold":55,"neow_bonus":"THREE_ENEMY_KILL","is_prod":false,"is_daily":false,"chose_seed":false,"campfire_upgraded":1,"win_rate":0,"timestamp":1670109303,"path_taken":["M","?","M","?","?","E","R","E","T","$","M","E"],"build_version":"2022-12-01","purchased_purges":0,"victory":false,"max_hp_per_floor":[75,75,75,75,75,75,75,75,75,75,75,75],"card_choices":[{"not_picked":["Thunderclap","Flame Barrier"],"picked":"Cleave","floor":1},{"not_picked":["Thunderclap","Wild Strike","Dual Wield"],"picked":"SKIP","floor":2},{"not_picked":["Heavy Blade","Carnage"],"picked":"Power Through","floor":3},{"not_picked":["Bloodletting","Thunderclap"],"picked":"Ghostly Armor","floor":6},{"not_picked":["Blood for Blood","Power Through","Warcry"],"picked":"SKIP","floor":8},{"not_picked":["Wild Strike","Fiend Fire"],"picked":"Shockwave","floor":11}],"player_experience":1965767,"relics_obtained":[{"floor":6,"key":"Bronze Scales"},{"floor":8,"key":"Pen Nib"},{"floor":9,"key":"Regal Pillow"}],"event_choices":[{"damage_healed":0,"gold_gain":0,"player_choice":"Box","damage_taken":0,"relics_obtained":["Bag of Preparation"],"max_hp_gain":0,"max_hp_loss":0,"event_name":"Big Fish","floor":4,"gold_loss":0,"cards_obtained":["Regret"]},{"cards_removed":["Regret"],"damage_healed":0,"gold_gain":0,"player_choice":"Card Removal","damage_taken":0,"max_hp_gain":0,"max_hp_loss":0,"event_name":"The Cleric","floor":5,"gold_loss":75}],"is_beta":false,"boss_relics":[],"items_purged_floors":[],"is_endless":false,"potions_floor_spawned":[2,3],"killed_by":"Gremlin Nob","ascension_level":20}