{"gold_per_floor":[112,125,200,32,32,32,62,62,62,86,119,119,394,430,430,526,526,541,125,125,125,143,143,42,80,80,93,93,93,427,145,145,145],"floor_reached":33,"playtime":735,"items_purged":["Regret"],"score":669,"play_id":"67a1be43-789c-43f7-8eb0-13c0c1fdbb54","local_time":"20221204140829","is_ascension_mode":true,"campfire_choices":[{"data":"Fire Breathing","floor":6,"key":"SMITH"},{"data":"Spot Weakness","floor":12,"key":"SMITH"},{"data":"Bash","floor":15,"key":"SMITH"},{"floor":23,"key":"DIG"},{"floor":28,"key":"DIG"},{"floor":32,"key":"DIG"}],"neow_cost":"NONE","seed_source_timestamp":1223844608233400,"circlet_count":0,"master_deck":["AscendersBane","Bash+1","Pummel","Fire Breathing+1","Hemokinesis","Spot Weakness+1","Injury","Clash","Intimidate","Exhume","Flex","Battle Trance","Bludgeon","Whirlwind","Feed+1","Bandage Up","Disarm","Shrug It Off+1"],"relics":["Burning Blood","NeowsBlessing","Juzu Bracelet","Bronze Scales","Golden Idol","HornCleat","StoneCalendar","Orichalcum","Pandora\u0027s Box","Shovel","Letter Opener","Strawberry","Pantograph","Akabeko","Shuriken","Old Coin","Singing Bowl","Darkstone Periapt"],"potions_floor_usage":[14,18,33],"damage_taken":[{"damage":0,"enemies":"2 Louse","floor":1,"turns":1},{"damage":0,"enemies":"Jaw Worm","floor":2,"turns":1},{"damage":0,"enemies":"Gremlin Nob","floor":7,"turns":1},{"damage":2,"enemies":"Cultist","floor":10,"turns":3},{"damage":6,"enemies":"3 Sentries","floor":11,"turns":4},{"damage":27,"enemies":"Gremlin Nob","floor":14,"turns":4},{"damage":37,"enemies":"Slime Boss","floor":16,"turns":7},{"damage":13,"enemies":"Shell Parasite","floor":18,"turns":2},{"damage":16,"enemies":"Spheric Guardian","floor":22,"turns":4},{"damage":29,"enemies":"Book of Stabbing","floor":25,"turns":4},{"damage":6,"enemies":"3 Cultists","floor":27,"turns":4},{"damage":14,"enemies":"Gremlin Leader","floor":30,"turns":5},{"damage":99,"enemies":"Collector","floor":33,"turns":8}],"seed_played":"-3139101940215167615","potions_obtained":[{"floor":2,"key":"Weak Potion"},{"floor":16,"key":"SkillPotion"},{"floor":25,"key":"LiquidBronze"},{"floor":30,"key":"GamblersBrew"}],"is_trial":false,"path_per_floor":["M","M","?","$","?","R","E","?","T","M","E","R","?","E","R","B",null,"M","$","?","?","M","R","$","E","T","M","R","T","E","$","R","B"],"character_chosen":"IRONCLAD","items_purchased":["Juzu Bracelet","Shovel","Bandage Up","Singing Bowl"],"campfire_rested":0,"item_purchase_floors":[4,19,24,31],"current_hp_per_floor":[74,75,64,64,64,64,70,70,70,74,74,74,74,53,53,22,62,55,55,55,55,49,49,49,37,37,45,45,45,45,45,45,0],"gold":145,"neow_bonus":"THREE_ENEMY_KILL","is_prod":false,"is_daily":false,"chose_seed":false,"campfire_upgraded":3,"win_rate":0,"timestamp":1670159309,"path_taken":["M","M","?","$","?","R","E","?","T","M","E","R","?","E","R","BOSS","M","$","?","?","M","R","?","E","T","M","R","?","E","$","R","BOSS"],"build_version":"2022-12-01","purchased_purges":1,"victory":false,"max_hp_per_floor":[75,75,75,75,75,75,75,75,75,75,75,75,75,75,75,75,75,75,75,75,75,79,79,79,86,86,90,90,90,90,90,90,90],"card_choices":[{"not_picked":["Warcry","Clothesline"],"picked":"Pummel","floor":1},{"not_picked":["Anger","Body Slam"],"picked":"Fire Breathing","floor":2},{"not_picked":["Havoc","Warcry"],"picked":"Spot Weakness","floor":7},{"not_picked":["Exhume","Carnage","Headbutt"],"picked":"SKIP","floor":10},{"not_picked":["Second Wind","Armaments","Warcry"],"picked":"SKIP","floor":11},{"not_picked":["True Grit","Havoc","Headbutt"],"picked":"SKIP","floor":14},{"not_picked":["Combust","Clash","Havoc+1"],"picked":"SKIP","floor":18},{"not_picked":["Dark Embrace","Clothesline","Battle Trance"],"picked":"SKIP","floor":22},{"not_picked":["Sword Boomerang","Body Slam"],"picked":"Disarm","floor":25},{"not_picked":["Power Through+1","Armaments","Headbutt"],"picked":"SKIP","floor":27},{"not_picked":["Havoc+1","Flex"],"picked":"Shrug It Off+1","floor":30}],"player_experience":1967924,"relics_obtained":[{"floor":7,"key":"Bronze Scales"},{"floor":9,"key":"HornCleat"},{"floor":11,"key":"StoneCalendar"},{"floor":14,"key":"Orichalcum"},{"floor":23,"key":"Letter Opener"},{"floor":25,"key":"Strawberry"},{"floor":26,"key":"Pantograph"},{"floor":28,"key":"Akabeko"},{"floor":29,"key":"Shuriken"},{"floor":30,"key":"Old Coin"},{"floor":32,"key":"Darkstone Periapt"}],"event_choices":[{"damage_healed":0,"gold_gain":75,"player_choice":"Gather Gold","damage_taken":11,"max_hp_gain":0,"max_hp_loss":0,"event_name":"World of Goop","floor":3,"gold_loss":0},{"damage_healed":0,"gold_gain":0,"cards_transformed":["Strike_R"],"player_choice":"Change","damage_taken":0,"max_hp_gain":0,"max_hp_loss":0,"event_name":"Living Wall","floor":5,"gold_loss":0,"cards_obtained":["Hemokinesis"]},{"damage_healed":0,"gold_gain":0,"player_choice":"Take Wound","damage_taken":0,"relics_obtained":["Golden Idol"],"max_hp_gain":0,"max_hp_loss":0,"event_name":"Golden Idol","floor":8,"gold_loss":0,"cards_obtained":["Injury"]},{"damage_healed":0,"gold_gain":275,"player_choice":"Desecrate","damage_taken":0,"max_hp_gain":0,"max_hp_loss":0,"event_name":"Golden Shrine","floor":13,"gold_loss":0,"cards_obtained":["Regret"]},{"damage_healed":0,"gold_gain":0,"player_choice":"Ignored","damage_taken":0,"max_hp_gain":0,"max_hp_loss":0,"event_name":"Vampires","floor":20,"gold_loss":0},{"damage_healed":0,"gold_gain":0,"player_choice":"Upgraded","damage_taken":0,"max_hp_gain":0,"max_hp_loss":0,"event_name":"Upgrade Shrine","floor":21,"gold_loss":0,"cards_upgraded":["Feed"]}],"is_beta":false,"boss_relics":[{"not_picked":["SlaversCollar","Coffee Dripper"],"picked":"Pandora\u0027s Box"}],"items_purged_floors":[19],"is_endless":false,"potions_floor_spawned":[2,16,25,30],"killed_by":"Collector","ascension_level":20}