{"gold_per_floor":[109,109,85,100,250,281,281,299,299,317,317,343,69,69,69,69],"floor_reached":16,"playtime":299,"items_purged":[],"score":266,"play_id":"e9018655-52ee-4cc6-ab31-27bb02262081","local_time":"20221204005740","is_ascension_mode":true,"campfire_choices":[{"data":"Rampage","floor":11,"key":"SMITH"},{"data":"Bash","floor":15,"key":"SMITH"}],"neow_cost":"NONE","seed_source_timestamp":1176828530998000,"circlet_count":0,"master_deck":["AscendersBane","Strike_R","Strike_R","Strike_R","Strike_R","Strike_R","Defend_R","Defend_R","Defend_R","Defend_R","Bash+1","Rampage+1","Shrug It Off","Rupture","Reaper"],"relics":["Burning Blood","NeowsBlessing","Pantograph","Orichalcum","StrikeDummy","Oddly Smooth Stone","Pear"],"potions_floor_usage":[12,16],"damage_taken":[{"damage":0,"enemies":"Jaw Worm","floor":1,"turns":1},{"damage":0,"enemies":"2 Louse","floor":4,"turns":1},{"damage":0,"enemies":"3 Sentries","floor":6,"turns":1},{"damage":5,"enemies":"Small Slimes","floor":8,"turns":5},{"damage":17,"enemies":"Red Slaver","floor":10,"turns":5},{"damage":28,"enemies":"Lagavulin","floor":12,"turns":6},{"damage":97,"enemies":"Hexaghost","floor":16,"turns":9}],"seed_played":"4110758095141733082","potions_obtained":[{"floor":1,"key":"Strength Potion"},{"floor":4,"key":"ColorlessPotion"},{"floor":7,"key":"Regen Potion"}],"is_trial":false,"path_per_floor":["M","?","$","M","?","E","?","M","T","M","R","E","$","?","R","B"],"character_chosen":"IRONCLAD","items_purchased":["Shrug It Off","Pear"],"campfire_rested":0,"item_purchase_floors":[3,13],"current_hp_per_floor":[74,63,63,69,69,75,75,75,75,68,68,52,62,62,62,0],"gold":69,"neow_bonus":"THREE_ENEMY_KILL","is_prod":false,"is_daily":false,"chose_seed":false,"campfire_upgraded":2,"win_rate":0,"timestamp":1670111860,"path_taken":["M","?","$","M","?","E","?","M","T","?","R","E","?","?","R","BOSS"],"build_version":"2022-12-01","purchased_purges":0,"victory":false,"max_hp_per_floor":[75,75,75,75,75,75,75,75,75,75,75,75,85,85,85,85],"card_choices":[{"not_picked":["Heavy Blade","Flex"],"picked":"Rampage","floor":1},{"not_picked":["Perfected Strike","Evolve"],"picked":"Rupture","floor":4},{"not_picked":["Fiend Fire","Wild Strike"],"picked":"Reaper","floor":6},{"not_picked":["Thunderclap","Fire Breathing","Reckless Charge"],"picked":"SKIP","floor":8},{"not_picked":["Perfected Strike","Flame Barrier","Anger"],"picked":"SKIP","floor":10},{"not_picked":["Fire Breathing","Rage","Uppercut"],"picked":"SKIP","floor":12}],"player_experience":1967421,"relics_obtained":[{"floor":6,"key":"Orichalcum"},{"floor":9,"key":"StrikeDummy"},{"floor":12,"key":"Oddly Smooth Stone"}],"event_choices":[{"damage_healed":0,"gold_gain":0,"player_choice":"Success","damage_taken":11,"relics_obtained":["Pantograph"],"max_hp_gain":0,"max_hp_loss":0,"event_name":"Scrap Ooze","floor":2,"gold_loss":0},{"damage_healed":0,"gold_gain":150,"player_choice":"AGREE","damage_taken":0,"max_hp_gain":0,"max_hp_loss":0,"event_name":"Liars Game","floor":5,"gold_loss":0,"cards_obtained":["Doubt"]},{"damage_healed":0,"gold_gain":0,"player_choice":"Got Potions","damage_taken":0,"max_hp_gain":0,"max_hp_loss":0,"event_name":"Lab","floor":7,"gold_loss":0},{"cards_removed":["Doubt"],"damage_healed":0,"gold_gain":0,"player_choice":"Forget","damage_taken":0,"max_hp_gain":0,"max_hp_loss":0,"event_name":"Living Wall","floor":14,"gold_loss":0}],"is_beta":false,"boss_relics":[],"items_purged_floors":[],"is_endless":false,"potions_floor_spawned":[1,4,8],"killed_by":"Hexaghost","ascension_level":20}