{"gold_per_floor":[115,95,20,20,35,61,61,90,169,169],"floor_reached":10,"playtime":369,"items_purged":[],"score":198,"play_id":"c066ca0a-f18d-4ca6-865d-3b5bcb575c48","local_time":"20221211141811","is_ascension_mode":true,"campfire_choices":[{"data":"Feel No Pain","floor":7,"key":"SMITH"}],"neow_cost":"NONE","seed_source_timestamp":1829600362446500,"circlet_count":0,"master_deck":["AscendersBane","Strike_R","Strike_R","Strike_R","Strike_R","Defend_R","Defend_R","Defend_R","Defend_R","Bash","Reckless Charge","Feel No Pain+1","True Grit","Dropkick"],"relics":["Burning Blood","NeowsBlessing","Tiny Chest","Bird Faced Urn","Mummified Hand"],"potions_floor_usage":[],"damage_taken":[{"damage":0,"enemies":"Small Slimes","floor":1,"turns":1},{"damage":0,"enemies":"Cultist","floor":5,"turns":1},{"damage":0,"enemies":"Lagavulin","floor":6,"turns":1},{"damage":13,"enemies":"3 Sentries","floor":8,"turns":18},{"damage":107,"enemies":"Lagavulin","floor":10,"turns":11}],"seed_played":"-3659904176340540226","potions_obtained":[{"floor":1,"key":"FairyPotion"},{"floor":2,"key":"SpeedPotion"}],"is_trial":false,"path_per_floor":["M","?","$","?","M","E","R","E","T","E"],"character_chosen":"IRONCLAD","items_purchased":["Feel No Pain"],"campfire_rested":0,"item_purchase_floors":[3],"current_hp_per_floor":[74,74,74,67,73,75,75,68,68,0],"gold":169,"neow_bonus":"THREE_ENEMY_KILL","is_prod":false,"is_daily":false,"chose_seed":false,"campfire_upgraded":1,"win_rate":0,"timestamp":1670764691,"path_taken":["M","?","?","?","M","E","R","E","T","E"],"build_version":"2022-12-01","purchased_purges":0,"victory":false,"max_hp_per_floor":[75,75,75,75,75,75,75,75,75,75],"card_choices":[{"not_picked":["Warcry","Anger"],"picked":"Reckless Charge","floor":1},{"not_picked":["Pommel Strike","Thunderclap"],"picked":"True Grit","floor":5},{"not_picked":["Bloodletting","Pommel Strike","Twin Strike"],"picked":"SKIP","floor":6},{"not_picked":["Twin Strike","Flex"],"picked":"Dropkick","floor":8}],"player_experience":1971886,"relics_obtained":[{"floor":6,"key":"Tiny Chest"},{"floor":8,"key":"Bird Faced Urn"},{"floor":9,"key":"Mummified Hand"}],"event_choices":[{"damage_healed":0,"gold_gain":0,"player_choice":"Bought 1 Potion","damage_taken":0,"max_hp_gain":0,"max_hp_loss":0,"event_name":"The Woman in Blue","floor":2,"gold_loss":0},{"cards_removed":["Strike_R"],"damage_healed":0,"gold_gain":0,"player_choice":"Card Removal","damage_taken":7,"max_hp_gain":0,"max_hp_loss":0,"event_name":"Golden Wing","floor":4,"gold_loss":0}],"is_beta":false,"boss_relics":[],"items_purged_floors":[],"is_endless":false,"potions_floor_spawned":[1],"killed_by":"Lagavulin","ascension_level":20}