{"gold_per_floor":[119,42,42,52,62,90,100,130,130,130],"floor_reached":10,"playtime":294,"items_purged":[],"score":156,"play_id":"30ae6b71-0952-4b18-9ced-b427e939fd02","local_time":"20221211135029","is_ascension_mode":true,"campfire_choices":[],"neow_cost":"NONE","seed_source_timestamp":1828012882000700,"circlet_count":0,"master_deck":["AscendersBane","Strike_R","Strike_R","Strike_R","Strike_R","Strike_R","Defend_R","Defend_R","Defend_R","Defend_R","Bash","Metallicize","Rampage","Battle Trance","Flame Barrier","Double Tap"],"relics":["Burning Blood","NeowsBlessing","Strawberry","Eternal Feather","Magic Flower"],"potions_floor_usage":[8,8],"damage_taken":[{"damage":0,"enemies":"Cultist","floor":1,"turns":1},{"damage":0,"enemies":"Jaw Worm","floor":4,"turns":1},{"damage":0,"enemies":"Small Slimes","floor":5,"turns":1},{"damage":23,"enemies":"Lagavulin","floor":6,"turns":9},{"damage":20,"enemies":"Red Slaver","floor":7,"turns":4},{"damage":36,"enemies":"Gremlin Nob","floor":8,"turns":4},{"damage":27,"enemies":"3 Sentries","floor":10,"turns":4}],"seed_played":"-7027816589466311851","potions_obtained":[{"floor":1,"key":"FearPotion"},{"floor":4,"key":"SteroidPotion"}],"is_trial":false,"path_per_floor":["M","$","?","M","M","E","M","E","T","E"],"character_chosen":"IRONCLAD","items_purchased":["Rampage"],"campfire_rested":0,"item_purchase_floors":[2],"current_hp_per_floor":[74,74,74,75,75,65,51,21,21,0],"gold":130,"neow_bonus":"THREE_ENEMY_KILL","is_prod":false,"is_daily":false,"chose_seed":false,"campfire_upgraded":0,"win_rate":0,"timestamp":1670763029,"path_taken":["M","$","?","?","M","E","M","E","T","E"],"build_version":"2022-12-01","purchased_purges":0,"victory":false,"max_hp_per_floor":[75,75,75,75,75,82,82,82,82,82],"card_choices":[{"not_picked":["Twin Strike","Clash"],"picked":"Metallicize","floor":1},{"not_picked":["Body Slam","Warcry","Combust"],"picked":"SKIP","floor":4},{"not_picked":["Thunderclap","Pommel Strike"],"picked":"Flame Barrier","floor":5},{"not_picked":["Clothesline","Pummel"],"picked":"Double Tap","floor":6},{"not_picked":["Perfected Strike","Thunderclap","Dark Embrace"],"picked":"SKIP","floor":7},{"not_picked":["Exhume","Infernal Blade","Headbutt"],"picked":"SKIP","floor":8}],"player_experience":1970527,"relics_obtained":[{"floor":6,"key":"Strawberry"},{"floor":8,"key":"Eternal Feather"},{"floor":9,"key":"Magic Flower"}],"event_choices":[{"damage_healed":0,"gold_gain":0,"player_choice":"1 cards matched","damage_taken":0,"max_hp_gain":0,"max_hp_loss":0,"event_name":"Match and Keep!","floor":3,"gold_loss":0,"cards_obtained":["Battle Trance"]}],"is_beta":false,"boss_relics":[],"items_purged_floors":[],"is_endless":false,"potions_floor_spawned":[1,4,6],"killed_by":"3 Sentries","ascension_level":20}