{"gold_per_floor":[112,122,122,139,139,139,239,272,322,322,348,358,358,384,384,460,460,473,373,127,143,143,143],"floor_reached":23,"playtime":851,"items_purged":[],"score":414,"play_id":"26851db1-57d6-4d85-aee2-dc66b2449754","local_time":"20221204143225","is_ascension_mode":true,"campfire_choices":[{"data":"Uppercut","floor":6,"key":"SMITH"},{"floor":10,"key":"REST"},{"floor":13,"key":"REST"},{"floor":15,"key":"REST"}],"neow_cost":"NONE","seed_source_timestamp":1225164857504000,"circlet_count":0,"master_deck":["AscendersBane","Strike_R+1","Strike_R+1","Defend_R+1","Defend_R+1","Defend_R+1","Defend_R+1","Bash","Body Slam","Evolve","Uppercut+1","Juggernaut","Disarm+1","Limit Break+1","Rupture+1","Armaments+1","Dropkick+1","True Grit+1","Feel No Pain","Feel No Pain"],"relics":["Burning Blood","NeowsBlessing","Strawberry","White Beast Statue","Anchor","Toxic Egg 2","Bag of Marbles","Astrolabe","Toy Ornithopter"],"potions_floor_usage":[8,14,16,18,19,23],"damage_taken":[{"damage":0,"enemies":"Cultist","floor":1,"turns":1},{"damage":0,"enemies":"2 Louse","floor":2,"turns":1},{"damage":0,"enemies":"Jaw Worm","floor":4,"turns":1},{"damage":40,"enemies":"3 Sentries","floor":8,"turns":10},{"damage":30,"enemies":"Gremlin Nob","floor":11,"turns":4},{"damage":0,"enemies":"Blue Slaver","floor":12,"turns":2},{"damage":45,"enemies":"Lagavulin","floor":14,"turns":8},{"damage":9,"enemies":"The Guardian","floor":16,"turns":11},{"damage":28,"enemies":"3 Byrds","floor":18,"turns":8},{"damage":19,"enemies":"2 Thieves","floor":19,"turns":5},{"damage":12,"enemies":"Snake Plant","floor":21,"turns":7},{"damage":52,"enemies":"Book of Stabbing","floor":23,"turns":8}],"seed_played":"571019283233686044","potions_obtained":[{"floor":1,"key":"Strength Potion"},{"floor":11,"key":"BloodPotion"},{"floor":12,"key":"Explosive Potion"},{"floor":14,"key":"SneckoOil"},{"floor":16,"key":"Weak Potion"},{"floor":18,"key":"LiquidBronze"},{"floor":19,"key":"SpeedPotion"},{"floor":21,"key":"Strength Potion"}],"is_trial":false,"path_per_floor":["M","M","?","M","T","R","?","E","T","R","E","M","R","E","R","B",null,"M","M","$","M","?","E"],"character_chosen":"IRONCLAD","items_purchased":["Toy Ornithopter","Feel No Pain"],"campfire_rested":3,"item_purchase_floors":[20,20],"current_hp_per_floor":[74,75,52,58,65,65,65,31,31,55,31,37,61,22,46,43,72,50,53,53,47,47,0],"gold":143,"neow_bonus":"THREE_ENEMY_KILL","is_prod":false,"is_daily":false,"chose_seed":false,"campfire_upgraded":1,"win_rate":0,"timestamp":1670160745,"path_taken":["M","?","?","M","?","R","?","E","T","R","E","?","R","E","R","BOSS","M","M","$","?","?","E"],"build_version":"2022-12-01","purchased_purges":0,"victory":false,"max_hp_per_floor":[75,75,75,75,82,82,82,82,82,82,82,82,82,82,82,82,82,82,82,82,82,82,82],"card_choices":[{"not_picked":["Sentinel","Evolve"],"picked":"Body Slam","floor":1},{"not_picked":["Clash","Wild Strike"],"picked":"Evolve","floor":2},{"not_picked":["Wild Strike","Bloodletting"],"picked":"Uppercut","floor":4},{"not_picked":["Sever Soul","Headbutt","Perfected Strike"],"picked":"SKIP","floor":8},{"not_picked":["Second Wind+1","Perfected Strike"],"picked":"Juggernaut","floor":11},{"not_picked":["Bloodletting+1","Sword Boomerang","Feel No Pain"],"picked":"SKIP","floor":12},{"not_picked":["Corruption","Pommel Strike"],"picked":"Disarm+1","floor":14},{"not_picked":["Feed","Bludgeon"],"picked":"Limit Break+1","floor":16},{"not_picked":["Iron Wave+1","Dual Wield+1","Headbutt"],"picked":"SKIP","floor":18},{"not_picked":["Twin Strike","Anger"],"picked":"True Grit+1","floor":19},{"not_picked":["Thunderclap","Armaments+1"],"picked":"Feel No Pain","floor":21}],"player_experience":1969215,"relics_obtained":[{"floor":5,"key":"Strawberry"},{"floor":8,"key":"White Beast Statue"},{"floor":9,"key":"Anchor"},{"floor":11,"key":"Toxic Egg 2"},{"floor":14,"key":"Bag of Marbles"}],"event_choices":[{"damage_healed":0,"gold_gain":0,"player_choice":"Entered Light","damage_taken":23,"max_hp_gain":0,"max_hp_loss":0,"event_name":"Shining Light","floor":3,"gold_loss":0,"cards_upgraded":["Strike_R","Strike_R"]},{"damage_healed":0,"gold_gain":100,"player_choice":"Gold","damage_taken":0,"max_hp_gain":0,"max_hp_loss":0,"event_name":"Wheel of Change","floor":7,"gold_loss":0},{"damage_healed":0,"gold_gain":0,"player_choice":"Simplicity","damage_taken":0,"max_hp_gain":0,"max_hp_loss":0,"event_name":"Back to Basics","floor":22,"gold_loss":0,"cards_upgraded":["Defend_R","Defend_R","Defend_R","Defend_R"]}],"is_beta":false,"boss_relics":[{"not_picked":["Coffee Dripper","Runic Cube"],"picked":"Astrolabe"}],"items_purged_floors":[],"is_endless":false,"potions_floor_spawned":[1,11,12,14,16,18,19,21],"killed_by":"Book of Stabbing","ascension_level":20}