{"gold_per_floor":[113,123,123,133,133,133,160,160,213,248,3,17,17],"floor_reached":13,"playtime":219,"items_purged":[],"score":186,"play_id":"ecaa1776-7d59-4bd5-9665-e08b265d77de","local_time":"20221204005233","is_ascension_mode":true,"campfire_choices":[{"data":"Bash","floor":6,"key":"SMITH"},{"data":"Infernal Blade","floor":8,"key":"SMITH"}],"neow_cost":"NONE","seed_source_timestamp":1176601246567500,"circlet_count":0,"master_deck":["AscendersBane","Strike_R+1","Strike_R+1","Strike_R","Strike_R","Strike_R","Defend_R","Defend_R","Defend_R","Defend_R","Bash+1","Hemokinesis+1","Infernal Blade+1","Armaments","Reaper"],"relics":["Burning Blood","NeowsBlessing","Anchor","Oddly Smooth Stone","Dream Catcher","ClockworkSouvenir"],"potions_floor_usage":[7,7],"damage_taken":[{"damage":0,"enemies":"Cultist","floor":1,"turns":1},{"damage":0,"enemies":"Jaw Worm","floor":2,"turns":1},{"damage":0,"enemies":"Small Slimes","floor":4,"turns":1},{"damage":22,"enemies":"Lagavulin","floor":7,"turns":4},{"damage":20,"enemies":"3 Sentries","floor":10,"turns":8},{"damage":8,"enemies":"Blue Slaver","floor":12,"turns":4},{"damage":32,"enemies":"Gremlin Nob","floor":13,"turns":3}],"seed_played":"-7833641659772115235","potions_obtained":[{"floor":2,"key":"Strength Potion"},{"floor":4,"key":"Explosive Potion"}],"is_trial":false,"path_per_floor":["M","M","?","M","?","R","E","R","T","E","$","M","E"],"character_chosen":"IRONCLAD","items_purchased":["ClockworkSouvenir","Reaper"],"campfire_rested":0,"item_purchase_floors":[11,11],"current_hp_per_floor":[74,75,75,75,52,52,36,36,36,22,22,24,0],"gold":17,"neow_bonus":"THREE_ENEMY_KILL","is_prod":false,"is_daily":false,"chose_seed":false,"campfire_upgraded":2,"win_rate":0,"timestamp":1670111553,"path_taken":["M","?","?","M","?","R","E","R","T","E","$","?","E"],"build_version":"2022-12-01","purchased_purges":0,"victory":false,"max_hp_per_floor":[75,75,75,75,75,75,75,75,75,75,75,75,75],"card_choices":[{"not_picked":["Heavy Blade","Iron Wave"],"picked":"Hemokinesis","floor":1},{"not_picked":["Thunderclap","Pommel Strike"],"picked":"Infernal Blade","floor":2},{"not_picked":["Heavy Blade","Iron Wave","Evolve"],"picked":"SKIP","floor":4},{"not_picked":["Feel No Pain","Warcry","Intimidate"],"picked":"SKIP","floor":7},{"not_picked":["Second Wind","Perfected Strike"],"picked":"Armaments","floor":10},{"not_picked":["Clash","Pummel","Feel No Pain"],"picked":"SKIP","floor":12}],"player_experience":1967202,"relics_obtained":[{"floor":7,"key":"Anchor"},{"floor":9,"key":"Oddly Smooth Stone"},{"floor":10,"key":"Dream Catcher"}],"event_choices":[{"damage_healed":0,"gold_gain":0,"player_choice":"Grow","damage_taken":0,"max_hp_gain":0,"max_hp_loss":0,"event_name":"Living Wall","floor":3,"gold_loss":0,"cards_upgraded":["Hemokinesis"]},{"damage_healed":0,"gold_gain":0,"player_choice":"Entered Light","damage_taken":23,"max_hp_gain":0,"max_hp_loss":0,"event_name":"Shining Light","floor":5,"gold_loss":0,"cards_upgraded":["Strike_R","Strike_R"]}],"is_beta":false,"boss_relics":[],"items_purged_floors":[],"is_endless":false,"potions_floor_spawned":[2,4],"killed_by":"Gremlin Nob","ascension_level":20}