{"gold_per_floor":[117,128,98,116,135,170,170,170,193,158,1,36,36,68,68,145,145,158,158,170,3,3],"floor_reached":22,"playtime":708,"items_purged":[],"score":404,"play_id":"bc358c9d-233d-4530-a3fd-e4dfd3c7b6d5","local_time":"20221211140902","is_ascension_mode":true,"campfire_choices":[{"data":"Feed","floor":8,"key":"SMITH"},{"floor":15,"key":"REST"}],"neow_cost":"NONE","seed_source_timestamp":1828711254967900,"circlet_count":0,"master_deck":["AscendersBane","Strike_R","Strike_R+1","Strike_R","Strike_R","Strike_R","Defend_R","Defend_R","Defend_R","Defend_R","Bash","Pommel Strike+1","Intimidate","Shrug It Off","Feed+1","Feed","Demon Form"],"relics":["Burning Blood","NeowsBlessing","Whetstone","Art of War","PreservedInsect","Kunai","Bronze Scales","SacredBark","Lantern"],"potions_floor_usage":[6,16,20],"damage_taken":[{"damage":0,"enemies":"Cultist","floor":1,"turns":1},{"damage":0,"enemies":"2 Louse","floor":2,"turns":1},{"damage":0,"enemies":"Jaw Worm","floor":4,"turns":1},{"damage":7,"enemies":"2 Fungi Beasts","floor":5,"turns":4},{"damage":34,"enemies":"3 Sentries","floor":6,"turns":10},{"damage":20,"enemies":"Lagavulin","floor":12,"turns":6},{"damage":23,"enemies":"Gremlin Nob","floor":14,"turns":4},{"damage":44,"enemies":"The Guardian","floor":16,"turns":13},{"damage":28,"enemies":"Chosen","floor":18,"turns":7},{"damage":0,"enemies":"3 Byrds","floor":20,"turns":1},{"damage":65,"enemies":"Centurion and Healer","floor":22,"turns":7}],"seed_played":"-1977443070693924061","potions_obtained":[{"floor":4,"key":"SteroidPotion"},{"floor":6,"key":"Ancient Potion"},{"floor":12,"key":"PowerPotion"},{"floor":16,"key":"LiquidBronze"}],"is_trial":false,"path_per_floor":["M","M","$","M","M","E","?","R","T","?","$","E","?","E","R","B",null,"M","?","M","$","M"],"character_chosen":"IRONCLAD","items_purchased":["Shrug It Off","PreservedInsect","Lantern"],"campfire_rested":1,"item_purchase_floors":[3,11,21],"current_hp_per_floor":[74,75,75,75,74,46,35,35,35,53,53,43,43,29,53,15,65,43,59,65,65,0],"gold":3,"neow_bonus":"THREE_ENEMY_KILL","is_prod":false,"is_daily":false,"chose_seed":false,"campfire_upgraded":1,"win_rate":0,"timestamp":1670764142,"path_taken":["M","M","$","M","?","E","?","R","T","?","$","E","?","E","R","BOSS","M","?","M","$","M"],"build_version":"2022-12-01","purchased_purges":0,"victory":false,"max_hp_per_floor":[75,75,75,75,75,75,75,75,75,75,75,79,79,82,82,82,82,82,82,82,82,82],"card_choices":[{"not_picked":["Armaments","Anger"],"picked":"Pommel Strike","floor":1},{"not_picked":["Thunderclap","Twin Strike"],"picked":"Intimidate","floor":2},{"not_picked":["True Grit","Cleave","Heavy Blade"],"picked":"SKIP","floor":4},{"not_picked":["Entrench","Thunderclap","Headbutt"],"picked":"SKIP","floor":5},{"not_picked":["Fire Breathing","Thunderclap"],"picked":"Feed","floor":6},{"not_picked":["Pummel","Iron Wave","Thunderclap"],"picked":"SKIP","floor":12},{"not_picked":["Whirlwind","Armaments","Corruption"],"picked":"SKIP","floor":14},{"not_picked":["Offering","Impervious"],"picked":"Demon Form","floor":16},{"not_picked":["Flex","Searing Blow","Battle Trance"],"picked":"SKIP","floor":18},{"not_picked":["Clothesline","Iron Wave","True Grit"],"picked":"SKIP","floor":20}],"player_experience":1971024,"relics_obtained":[{"floor":6,"key":"Whetstone"},{"floor":12,"key":"Kunai"},{"floor":14,"key":"Bronze Scales"}],"event_choices":[{"damage_healed":0,"gold_gain":0,"player_choice":"Success","damage_taken":11,"relics_obtained":["Art of War"],"max_hp_gain":0,"max_hp_loss":0,"event_name":"Scrap Ooze","floor":7,"gold_loss":0},{"damage_healed":18,"gold_gain":0,"player_choice":"Healed","damage_taken":0,"max_hp_gain":0,"max_hp_loss":0,"event_name":"The Cleric","floor":10,"gold_loss":35},{"damage_healed":0,"gold_gain":0,"player_choice":"1 cards matched","damage_taken":0,"max_hp_gain":0,"max_hp_loss":0,"event_name":"Match and Keep!","floor":13,"gold_loss":0,"cards_obtained":["Feed"]},{"damage_healed":16,"gold_gain":0,"player_choice":"Heal","damage_taken":0,"max_hp_gain":0,"max_hp_loss":0,"event_name":"The Library","floor":19,"gold_loss":0}],"is_beta":false,"boss_relics":[{"not_picked":["Runic Dome","Sozu"],"picked":"SacredBark"}],"items_purged_floors":[],"is_endless":false,"potions_floor_spawned":[4,6,12,16],"killed_by":"Centurion and Healer","ascension_level":20}