{"gold_per_floor":[110,35,35,54,70,95,95,95,95,112,112],"floor_reached":11,"playtime":290,"items_purged":[],"score":146,"play_id":"73fe5dfb-f459-4c4f-8fde-5c1e564e141e","local_time":"20221204002001","is_ascension_mode":true,"campfire_choices":[{"floor":7,"key":"REST"}],"neow_cost":"NONE","seed_source_timestamp":1174578656949800,"circlet_count":0,"master_deck":["AscendersBane","Strike_R","Strike_R","Strike_R","Defend_R","Defend_R","Defend_R","Defend_R","Bash","Shrug It Off","Pommel Strike","Bloodletting","Exhume","Spot Weakness","Metallicize"],"relics":["Burning Blood","NeowsBlessing","InkBottle","MealTicket"],"potions_floor_usage":[10,11],"damage_taken":[{"damage":0,"enemies":"Small Slimes","floor":1,"turns":1},{"damage":0,"enemies":"2 Louse","floor":4,"turns":1},{"damage":0,"enemies":"Cultist","floor":5,"turns":1},{"damage":63,"enemies":"3 Sentries","floor":6,"turns":16},{"damage":22,"enemies":"Large Slime","floor":10,"turns":9},{"damage":32,"enemies":"Gremlin Nob","floor":11,"turns":3}],"seed_played":"-5496225511850804481","potions_obtained":[{"floor":1,"key":"GamblersBrew"},{"floor":6,"key":"SkillPotion"}],"is_trial":false,"path_per_floor":["M","?","?","M","M","E","R","?","T","M","E"],"character_chosen":"IRONCLAD","items_purchased":[],"campfire_rested":1,"item_purchase_floors":[],"current_hp_per_floor":[74,74,74,75,75,18,40,40,40,24,0],"gold":112,"neow_bonus":"THREE_ENEMY_KILL","is_prod":false,"is_daily":false,"chose_seed":false,"campfire_upgraded":0,"win_rate":0,"timestamp":1670109601,"path_taken":["M","?","?","?","M","E","R","?","T","?","E"],"build_version":"2022-12-01","purchased_purges":0,"victory":false,"max_hp_per_floor":[75,75,75,75,75,75,75,75,75,75,75],"card_choices":[{"not_picked":["Seeing Red","Iron Wave"],"picked":"Shrug It Off","floor":1},{"not_picked":["Anger","Wild Strike"],"picked":"Pommel Strike","floor":4},{"not_picked":["Iron Wave","Thunderclap"],"picked":"Bloodletting","floor":5},{"not_picked":["Sword Boomerang","Carnage"],"picked":"Exhume","floor":6},{"not_picked":["Iron Wave","Thunderclap"],"picked":"Metallicize","floor":10}],"player_experience":1965999,"relics_obtained":[{"floor":6,"key":"InkBottle"},{"floor":9,"key":"MealTicket"}],"event_choices":[{"cards_removed":["Strike_R"],"damage_healed":0,"gold_gain":0,"player_choice":"Card Removal","damage_taken":0,"max_hp_gain":0,"max_hp_loss":0,"event_name":"The Cleric","floor":2,"gold_loss":75},{"damage_healed":0,"gold_gain":0,"player_choice":"0 cards matched","damage_taken":0,"max_hp_gain":0,"max_hp_loss":0,"event_name":"Match and Keep!","floor":3,"gold_loss":0,"cards_obtained":[]},{"damage_healed":0,"gold_gain":0,"cards_transformed":["Strike_R"],"player_choice":"Transformed","damage_taken":0,"max_hp_gain":0,"max_hp_loss":0,"event_name":"Transmorgrifier","floor":8,"gold_loss":0,"cards_obtained":["Spot Weakness"]}],"is_beta":false,"boss_relics":[],"items_purged_floors":[],"is_endless":false,"potions_floor_spawned":[1,6],"killed_by":"Gremlin Nob","ascension_level":20}