{"gold_per_floor":[115,115,40,88,99,99,127,127,127,144,100,175,193,224,224,224],"floor_reached":16,"playtime":431,"items_purged":[],"score":216,"play_id":"b4c12692-ab65-4a3e-af5f-75e16a67c83f","local_time":"20221204141553","is_ascension_mode":true,"campfire_choices":[{"data":"Bash","floor":6,"key":"SMITH"},{"data":"Shrug It Off","floor":8,"key":"SMITH"},{"data":"Thunderclap","floor":15,"key":"SMITH"}],"neow_cost":"CURSE","seed_source_timestamp":1224593448872900,"circlet_count":0,"master_deck":["AscendersBane","Strike_R+1","Strike_R","Strike_R","Strike_R","Defend_R","Defend_R","Defend_R","Bash+1","Writhe","Shrug It Off+1","Thunderclap+1","Pummel+1","Dark Embrace+1"],"relics":["Burning Blood","Du-Vu Doll","Akabeko","Frozen Egg 2","Pen Nib","Whetstone"],"potions_floor_usage":[13,16,16],"damage_taken":[{"damage":4,"enemies":"Jaw Worm","floor":1,"turns":4},{"damage":0,"enemies":"Small Slimes","floor":5,"turns":3},{"damage":28,"enemies":"Gremlin Nob","floor":7,"turns":4},{"damage":0,"enemies":"2 Louse","floor":10,"turns":3},{"damage":0,"enemies":"Gremlin Gang","floor":13,"turns":4},{"damage":15,"enemies":"3 Sentries","floor":14,"turns":6},{"damage":39,"enemies":"Slime Boss","floor":16,"turns":5}],"seed_played":"7579545103991414867","potions_obtained":[{"floor":7,"key":"GamblersBrew"},{"floor":10,"key":"PowerPotion"},{"floor":14,"key":"AttackPotion"}],"is_trial":false,"path_per_floor":["M","?","?","T","M","R","E","R","T","M","$","?","M","E","R","B"],"character_chosen":"IRONCLAD","items_purchased":["Dark Embrace+1"],"campfire_rested":0,"item_purchase_floors":[11],"current_hp_per_floor":[70,63,63,63,69,69,47,47,47,53,53,42,48,39,39,0],"gold":224,"neow_bonus":"ONE_RARE_RELIC","is_prod":false,"is_daily":false,"chose_seed":false,"campfire_upgraded":3,"win_rate":0,"timestamp":1670159753,"path_taken":["M","?","?","?","M","R","E","R","T","?","$","?","M","E","R","BOSS"],"build_version":"2022-12-01","purchased_purges":0,"victory":false,"max_hp_per_floor":[75,75,75,75,75,75,75,75,75,75,75,75,75,75,75,75],"card_choices":[{"not_picked":["True Grit","Thunderclap"],"picked":"Shrug It Off","floor":1},{"not_picked":["Spot Weakness","Clothesline","Sentinel"],"picked":"SKIP","floor":5},{"not_picked":["Iron Wave","Headbutt"],"picked":"Thunderclap","floor":7},{"not_picked":["Anger","Clash"],"picked":"Pummel","floor":10},{"not_picked":["Thunderclap","Havoc","Infernal Blade"],"picked":"SKIP","floor":13},{"not_picked":["Dark Embrace+1","Searing Blow","Clash"],"picked":"SKIP","floor":14}],"player_experience":1968659,"relics_obtained":[{"floor":4,"key":"Akabeko"},{"floor":7,"key":"Frozen Egg 2"},{"floor":9,"key":"Pen Nib"},{"floor":14,"key":"Whetstone"}],"event_choices":[{"cards_removed":["Defend_R"],"damage_healed":0,"gold_gain":0,"player_choice":"Card Removal","damage_taken":7,"max_hp_gain":0,"max_hp_loss":0,"event_name":"Golden Wing","floor":2,"gold_loss":0},{"cards_removed":["Strike_R"],"damage_healed":0,"gold_gain":0,"player_choice":"Card Removal","damage_taken":0,"max_hp_gain":0,"max_hp_loss":0,"event_name":"The Cleric","floor":3,"gold_loss":75},{"damage_healed":0,"gold_gain":75,"player_choice":"Gather Gold","damage_taken":11,"max_hp_gain":0,"max_hp_loss":0,"event_name":"World of Goop","floor":12,"gold_loss":0}],"is_beta":false,"boss_relics":[],"items_purged_floors":[],"is_endless":false,"potions_floor_spawned":[7,10,14],"killed_by":"Slime Boss","ascension_level":20}