{"gold_per_floor":[18,18,18,38,3,3,36,36],"floor_reached":8,"playtime":461,"items_purged":[],"score":108,"play_id":"ee7e75f6-f230-492e-b9ca-2ea7e86f0dec","local_time":"20221211134520","is_ascension_mode":true,"campfire_choices":[{"data":"Inflame","floor":6,"key":"SMITH"}],"neow_cost":"NO_GOLD","seed_source_timestamp":1827537514667900,"circlet_count":0,"master_deck":["AscendersBane","Strike_R","Strike_R","Strike_R","Strike_R","Strike_R","Defend_R","Defend_R","Defend_R","Defend_R","Bash","Feed+1","Shockwave","Injury","Inflame+1"],"relics":["Burning Blood","Golden Idol","Kunai"],"potions_floor_usage":[],"damage_taken":[{"damage":19,"enemies":"Cultist","floor":1,"turns":6},{"damage":13,"enemies":"Small Slimes","floor":4,"turns":3},{"damage":75,"enemies":"3 Sentries","floor":7,"turns":15},{"damage":11,"enemies":"Jaw Worm","floor":8,"turns":3}],"seed_played":"6815106197445468170","potions_obtained":[],"is_trial":false,"path_per_floor":["M","?","?","M","?","R","E","M"],"character_chosen":"IRONCLAD","items_purchased":[],"campfire_rested":0,"item_purchase_floors":[],"current_hp_per_floor":[58,58,58,55,75,75,10,0],"gold":36,"neow_bonus":"THREE_RARE_CARDS","is_prod":false,"is_daily":false,"chose_seed":false,"campfire_upgraded":1,"win_rate":0,"timestamp":1670762720,"path_taken":["M","?","?","M","?","R","E","M"],"build_version":"2022-12-01","purchased_purges":0,"victory":false,"max_hp_per_floor":[78,78,78,82,82,82,86,86],"card_choices":[{"not_picked":["Berserk","Bludgeon"],"picked":"Feed","floor":0},{"not_picked":["Pommel Strike","Thunderclap"],"picked":"Shockwave","floor":1},{"not_picked":["Anger","Evolve"],"picked":"Inflame","floor":4},{"not_picked":["True Grit","Dual Wield","Headbutt"],"picked":"SKIP","floor":7}],"player_experience":1970066,"relics_obtained":[{"floor":7,"key":"Kunai"}],"event_choices":[{"damage_healed":0,"gold_gain":0,"player_choice":"Take Wound","damage_taken":0,"relics_obtained":["Golden Idol"],"max_hp_gain":0,"max_hp_loss":0,"event_name":"Golden Idol","floor":2,"gold_loss":0,"cards_obtained":["Injury"]},{"damage_healed":0,"gold_gain":0,"player_choice":"Grow","damage_taken":0,"max_hp_gain":0,"max_hp_loss":0,"event_name":"Living Wall","floor":3,"gold_loss":0,"cards_upgraded":["Feed"]},{"damage_healed":20,"gold_gain":0,"player_choice":"Healed","damage_taken":0,"max_hp_gain":0,"max_hp_loss":0,"event_name":"The Cleric","floor":5,"gold_loss":35}],"is_beta":false,"boss_relics":[],"items_purged_floors":[],"is_endless":false,"potions_floor_spawned":[],"killed_by":"Jaw Worm","ascension_level":20}