{"gold_per_floor":[113,113,188,201,43,43,69,69,149,149,162,162,162,207,219,304,316,348,21,21,21,0],"floor_reached":22,"playtime":438,"items_purged":[],"score":451,"play_id":"028ec806-2657-4108-9e90-c5199dfd5621","local_time":"20221211142609","is_ascension_mode":true,"campfire_choices":[{"data":"Rupture","floor":6,"key":"SMITH"},{"floor":8,"key":"DIG"},{"floor":15,"key":"DIG"}],"neow_cost":"NONE","seed_source_timestamp":1830008442273300,"circlet_count":0,"master_deck":["AscendersBane","Defend_R","Defend_R+1","Defend_R","Defend_R+1","Bash","Rampage","Regret","Rupture+1","Offering","Shrug It Off","Demon Form","Cleave+1","Bite","Bite","Bite","Bite","Bite"],"relics":["Burning Blood","NeowsBlessing","Pen Nib","PreservedInsect","Shovel","TungstenRod","Pear","MawBank","Shuriken","Tiny Chest","Black Star","Red Skull","War Paint","MutagenicStrength"],"potions_floor_usage":[1,14],"damage_taken":[{"damage":0,"enemies":"Jaw Worm","floor":1,"turns":1},{"damage":0,"enemies":"2 Louse","floor":4,"turns":1},{"damage":0,"enemies":"Gremlin Nob","floor":7,"turns":1},{"damage":10,"enemies":"Small Slimes","floor":11,"turns":5},{"damage":16,"enemies":"3 Sentries","floor":14,"turns":4},{"damage":24,"enemies":"Slime Boss","floor":16,"turns":9},{"damage":66,"enemies":"Spheric Guardian","floor":18,"turns":10},{"damage":22,"enemies":"2 Thieves","floor":22,"turns":2}],"seed_played":"5700282471949506189","potions_obtained":[{"floor":1,"key":"EntropicBrew"},{"floor":14,"key":"Strength Potion"}],"is_trial":false,"path_per_floor":["M","?","?","M","$","R","E","R","T","?","M","?","?","E","R","B",null,"M","$","?","?","M"],"character_chosen":"IRONCLAD","items_purchased":["PreservedInsect","Red Skull","War Paint"],"campfire_rested":0,"item_purchase_floors":[5,19,19],"current_hp_per_floor":[74,74,63,69,69,69,75,75,85,85,81,75,71,61,61,43,75,15,15,15,15,0],"gold":0,"neow_bonus":"THREE_ENEMY_KILL","is_prod":false,"is_daily":false,"chose_seed":false,"campfire_upgraded":1,"win_rate":0,"timestamp":1670765169,"path_taken":["M","?","?","M","$","R","E","R","T","?","?","?","?","E","R","BOSS","M","$","?","?","M"],"build_version":"2022-12-01","purchased_purges":0,"victory":false,"max_hp_per_floor":[75,75,75,75,75,75,75,75,85,85,85,85,85,85,85,85,85,85,85,59,59,59],"card_choices":[{"not_picked":["Intimidate","Entrench"],"picked":"Rampage","floor":1},{"not_picked":["Bloodletting","Twin Strike"],"picked":"Rupture","floor":4},{"not_picked":["Cleave","Wild Strike","Warcry"],"picked":"SKIP","floor":7},{"not_picked":["Pommel Strike","Cleave"],"picked":"Shrug It Off","floor":11},{"not_picked":["Searing Blow","Flex","Hemokinesis"],"picked":"SKIP","floor":14},{"not_picked":["Double Tap","Bludgeon"],"picked":"Demon Form","floor":16},{"not_picked":["True Grit","Clothesline"],"picked":"Cleave+1","floor":18}],"player_experience":1972273,"relics_obtained":[{"floor":7,"key":"Shovel"},{"floor":8,"key":"TungstenRod"},{"floor":9,"key":"Pear"},{"floor":14,"key":"Shuriken"},{"floor":15,"key":"Tiny Chest"}],"event_choices":[{"damage_healed":0,"gold_gain":0,"player_choice":"Box","damage_taken":0,"relics_obtained":["Pen Nib"],"max_hp_gain":0,"max_hp_loss":0,"event_name":"Big Fish","floor":2,"gold_loss":0,"cards_obtained":["Regret"]},{"damage_healed":0,"gold_gain":75,"player_choice":"Gather Gold","damage_taken":11,"max_hp_gain":0,"max_hp_loss":0,"event_name":"World of Goop","floor":3,"gold_loss":0},{"damage_healed":0,"gold_gain":0,"cards_transformed":["Strike_R"],"player_choice":"Change","damage_taken":0,"max_hp_gain":0,"max_hp_loss":0,"event_name":"Living Wall","floor":10,"gold_loss":0,"cards_obtained":["Offering"]},{"cards_removed":["Strike_R"],"damage_healed":0,"gold_gain":0,"player_choice":"Card Removal","damage_taken":7,"max_hp_gain":0,"max_hp_loss":0,"event_name":"Golden Wing","floor":12,"gold_loss":0},{"damage_healed":0,"gold_gain":0,"player_choice":"Success","damage_taken":5,"relics_obtained":["MawBank"],"max_hp_gain":0,"max_hp_loss":0,"event_name":"Scrap Ooze","floor":13,"gold_loss":0},{"damage_healed":0,"gold_gain":0,"player_choice":"Became a vampire","damage_taken":0,"max_hp_gain":0,"max_hp_loss":26,"event_name":"Vampires","floor":20,"gold_loss":0,"cards_obtained":["Bite","Bite","Bite","Bite","Bite"]},{"damage_healed":0,"gold_gain":0,"player_choice":"Inject Mutagens","damage_taken":0,"relics_obtained":["MutagenicStrength"],"max_hp_gain":0,"max_hp_loss":0,"event_name":"Drug Dealer","floor":21,"gold_loss":0}],"is_beta":false,"boss_relics":[{"not_picked":["Coffee Dripper","Astrolabe"],"picked":"Black Star"}],"items_purged_floors":[],"is_endless":false,"potions_floor_spawned":[1,14,18],"killed_by":"2 Thieves","ascension_level":20}