{"gold_per_floor":[115,125,145,145,220,220,253,230,256,256,276,276],"floor_reached":12,"playtime":801,"items_purged":[],"score":160,"play_id":"3599b8ac-c097-4bd4-a9ac-b64e27042276","local_time":"20221219174305","is_ascension_mode":true,"campfire_choices":[{"data":"Feed","floor":6,"key":"SMITH"}],"neow_cost":"TEN_PERCENT_HP_LOSS","seed_source_timestamp":0,"circlet_count":0,"master_deck":["AscendersBane","Strike_R","Strike_R","Strike_R","Strike_R","Strike_R","Defend_R","Defend_R","Defend_R","Defend_R","Bash","Feed+1","Metallicize","Rage","Cleave"],"special_seed":0,"relics":["Burning Blood","Boot","Tiny Chest","FaceOfCleric"],"potions_floor_usage":[7,11,12],"damage_taken":[{"damage":2,"enemies":"2 Louse","floor":1,"turns":3},{"damage":13,"enemies":"Small Slimes","floor":2,"turns":6},{"damage":9,"enemies":"Jaw Worm","floor":3,"turns":5},{"damage":47,"enemies":"Gremlin Nob","floor":7,"turns":5},{"damage":17,"enemies":"Exordium Thugs","floor":8,"turns":4},{"damage":6,"enemies":"Lots of Slimes","floor":11,"turns":6},{"damage":48,"enemies":"Lagavulin","floor":12,"turns":7}],"seed_played":"6233468178954521485","potions_obtained":[{"floor":3,"key":"DistilledChaos"},{"floor":7,"key":"LiquidBronze"},{"floor":8,"key":"Energy Potion"},{"floor":11,"key":"BloodPotion"}],"is_trial":false,"path_per_floor":["M","M","M","?","?","R","E","M","T","?","M","E"],"character_chosen":"IRONCLAD","items_purchased":[],"campfire_rested":0,"item_purchase_floors":[],"current_hp_per_floor":[71,67,67,72,61,61,20,13,13,13,18,0],"gold":276,"neow_bonus":"THREE_RARE_CARDS","is_prod":false,"is_daily":false,"chose_seed":false,"campfire_upgraded":1,"win_rate":0,"timestamp":1671468185,"path_taken":["M","M","M","?","?","R","E","M","T","?","M","E"],"build_version":"2022-12-01","purchased_purges":0,"victory":false,"max_hp_per_floor":[71,74,77,82,82,82,82,86,86,86,91,91],"card_choices":[{"not_picked":["Bludgeon","Immolate"],"picked":"Feed","floor":0.0},{"not_picked":["Pommel Strike","Dual Wield","Clothesline"],"picked":"SKIP","floor":1},{"not_picked":["Anger","Body Slam"],"picked":"Metallicize","floor":2},{"not_picked":["Havoc","Pommel Strike","Anger"],"picked":"SKIP","floor":3},{"not_picked":["Disarm","Sentinel"],"picked":"Rage","floor":7},{"not_picked":["Armaments","True Grit","Warcry"],"picked":"SKIP","floor":8},{"not_picked":["Havoc","Battle Trance"],"picked":"Cleave","floor":11}],"player_experience":1973340,"relics_obtained":[{"floor":7,"key":"Boot"},{"floor":9,"key":"Tiny Chest"}],"event_choices":[{"damage_healed":0,"gold_gain":0,"player_choice":"Donut","damage_taken":0,"max_hp_gain":5,"max_hp_loss":0,"event_name":"Big Fish","floor":4,"gold_loss":0},{"damage_healed":0,"gold_gain":75,"player_choice":"Gather Gold","damage_taken":11,"max_hp_gain":0,"max_hp_loss":0,"event_name":"World of Goop","floor":5,"gold_loss":0},{"damage_healed":0,"gold_gain":0,"player_choice":"Trade","damage_taken":0,"relics_obtained":["FaceOfCleric"],"max_hp_gain":0,"max_hp_loss":0,"event_name":"FaceTrader","floor":10,"gold_loss":0}],"is_beta":false,"boss_relics":[],"items_purged_floors":[],"is_endless":false,"potions_floor_spawned":[3,7,8,11],"killed_by":"Lagavulin","ascension_level":20}