{"gold_per_floor":[111,36,36,36,55,88,88,98,150,150,162,193,193,220,220,220],"floor_reached":16,"playtime":428,"items_purged":["Strike_R"],"score":236,"play_id":"9e2d5c0b-2229-4c61-b743-71b41cce58fc","local_time":"20230101214026","is_ascension_mode":true,"campfire_choices":[{"floor":7,"key":"REST"},{"data":"Double Tap","floor":15,"key":"SMITH"}],"neow_cost":"NONE","seed_source_timestamp":966508067223700,"circlet_count":0,"master_deck":["AscendersBane","Strike_R","Strike_R","Strike_R","Defend_R","Defend_R","Defend_R","Bash","Hemokinesis","Double Tap+1","Ghostly Armor","Dropkick","Parasite"],"relics":["Empty Cage","CultistMask","Boot","Pen Nib","Blue Candle","MealTicket","Gremlin Horn"],"potions_floor_usage":[6,12,14],"damage_taken":[{"damage":4,"enemies":"Jaw Worm","floor":1,"turns":5},{"damage":3,"enemies":"Cultist","floor":5,"turns":3},{"damage":34,"enemies":"Lagavulin","floor":6,"turns":6},{"damage":2,"enemies":"2 Louse","floor":8,"turns":2},{"damage":35,"enemies":"Lots of Slimes","floor":11,"turns":6},{"damage":34,"enemies":"Gremlin Nob","floor":12,"turns":4},{"damage":24,"enemies":"3 Sentries","floor":14,"turns":8},{"damage":16,"enemies":"Hexaghost","floor":16,"turns":7}],"seed_played":"9202113813226665580","potions_obtained":[{"floor":1,"key":"FairyPotion"},{"floor":5,"key":"PowerPotion"},{"floor":6,"key":"PowerPotion"},{"floor":12,"key":"AttackPotion"}],"is_trial":false,"path_per_floor":["M","$","?","$","M","E","R","M","T","T","M","E","?","E","R","B"],"character_chosen":"IRONCLAD","items_purchased":[],"campfire_rested":1,"item_purchase_floors":[],"current_hp_per_floor":[64,64,64,64,61,27,49,47,47,47,12,22,40,16,16,0],"gold":220,"neow_bonus":"BOSS_RELIC","is_prod":false,"is_daily":false,"chose_seed":false,"campfire_upgraded":1,"win_rate":0,"timestamp":1672605626,"path_taken":["M","$","?","$","?","E","R","M","T","?","?","E","?","E","R","BOSS"],"build_version":"2022-12-18","purchased_purges":1,"victory":false,"max_hp_per_floor":[75,75,75,75,75,75,75,75,75,75,75,75,75,75,75,75],"card_choices":[{"not_picked":["Intimidate","Havoc"],"picked":"Hemokinesis","floor":1},{"not_picked":["Sever Soul","Warcry","Havoc"],"picked":"SKIP","floor":5},{"not_picked":["Pommel Strike","True Grit"],"picked":"Double Tap","floor":6},{"not_picked":["Warcry","Pommel Strike","Perfected Strike"],"picked":"SKIP","floor":8},{"not_picked":["Havoc","Flex"],"picked":"Ghostly Armor","floor":11},{"not_picked":["Pommel Strike","Thunderclap"],"picked":"Dropkick","floor":12},{"not_picked":["Pummel","Blood for Blood","Heavy Blade"],"picked":"SKIP","floor":14}],"player_experience":1977698,"relics_obtained":[{"floor":6,"key":"Boot"},{"floor":9,"key":"Pen Nib"},{"floor":10,"key":"Blue Candle"},{"floor":12,"key":"MealTicket"},{"floor":14,"key":"Gremlin Horn"}],"event_choices":[{"damage_healed":0,"gold_gain":0,"player_choice":"Trade","damage_taken":0,"relics_obtained":["CultistMask"],"max_hp_gain":0,"max_hp_loss":0,"event_name":"FaceTrader","floor":3,"gold_loss":0},{"damage_healed":18,"gold_gain":0,"player_choice":"Healed and dodged fight","damage_taken":0,"max_hp_gain":0,"max_hp_loss":0,"event_name":"Mushrooms","floor":13,"gold_loss":0,"cards_obtained":["Parasite"]}],"is_beta":false,"boss_relics":[],"items_purged_floors":[2],"is_endless":false,"potions_floor_spawned":[1,5,6,12],"killed_by":"Hexaghost","ascension_level":20}