{"gold_per_floor":[114,131,131,55,73,108,128,128,128,37,50,50],"floor_reached":12,"playtime":355,"items_purged":[],"score":160,"play_id":"c8224fb9-058b-46c8-b401-b7286505ffe1","local_time":"20230101212530","is_ascension_mode":true,"campfire_choices":[{"floor":8,"key":"REST"}],"neow_cost":"TEN_PERCENT_HP_LOSS","seed_source_timestamp":965670384140500,"circlet_count":0,"master_deck":["AscendersBane","Strike_R","Strike_R","Strike_R","Strike_R","Strike_R","Defend_R","Defend_R","Defend_R","Defend_R","Bash","Mayhem+1","Body Slam","Rage","Impervious","Cleave","Inflame","Feel No Pain","Shrug It Off"],"special_seed":0,"relics":["Burning Blood","Molten Egg 2","Prayer Wheel"],"potions_floor_usage":[6,12],"damage_taken":[{"damage":7.0,"enemies":"Small Slimes","floor":1.0,"turns":3.0},{"damage":2.0,"enemies":"Cultist","floor":2.0,"turns":4.0},{"damage":1.0,"enemies":"Jaw Worm","floor":5.0,"turns":5.0},{"damage":29,"enemies":"Lagavulin","floor":6,"turns":8},{"damage":22,"enemies":"Gremlin Gang","floor":7,"turns":4},{"damage":8,"enemies":"Blue Slaver","floor":11,"turns":5},{"damage":59,"enemies":"Gremlin Nob","floor":12,"turns":4}],"seed_played":"-8394747114735352041","potions_obtained":[{"floor":5.0,"key":"Ancient Potion"},{"floor":11,"key":"Swift Potion"}],"is_trial":false,"path_per_floor":["M","M","?","$","M","E","M","R","T","$","M","E"],"character_chosen":"IRONCLAD","items_purchased":["Impervious","Feel No Pain","Shrug It Off"],"campfire_rested":1,"item_purchase_floors":[4,10,10],"current_hp_per_floor":[67,68,68,68,68,45,29,49,49,49,47,0],"gold":50,"neow_bonus":"RANDOM_COLORLESS_2","is_prod":false,"is_daily":false,"chose_seed":false,"campfire_upgraded":0,"win_rate":0,"timestamp":1672604730,"path_taken":["M","M","?","$","?","E","M","R","T","?","M","E"],"build_version":"2022-12-18","purchased_purges":0,"victory":false,"max_hp_per_floor":[68,68,68,68,68,68,68,68,68,68,68,68],"card_choices":[{"not_picked":["The Bomb","Chrysalis"],"picked":"Mayhem","floor":0.0},{"not_picked":["Headbutt","Anger"],"picked":"Body Slam","floor":1.0},{"not_picked":["Blood for Blood","Iron Wave"],"picked":"Rage","floor":2.0},{"not_picked":["Cleave","Spot Weakness","Searing Blow"],"picked":"SKIP","floor":5.0},{"not_picked":["Spot Weakness","Searing Blow"],"picked":"Cleave","floor":5.0},{"not_picked":["Headbutt+1","Perfected Strike+1","Sword Boomerang+1"],"picked":"SKIP","floor":6},{"not_picked":["Wild Strike+1","Reaper+1"],"picked":"Inflame","floor":7},{"not_picked":["Shrug It Off","Armaments","Havoc"],"picked":"SKIP","floor":11},{"not_picked":["Havoc","Twin Strike+1","Fire Breathing"],"picked":"SKIP","floor":11}],"player_experience":1976903,"relics_obtained":[{"floor":6,"key":"Molten Egg 2"},{"floor":9,"key":"Prayer Wheel"}],"event_choices":[{"damage_healed":0.0,"max_hp_gain":0.0,"max_hp_loss":0.0,"gold_gain":0.0,"event_name":"Upgrade Shrine","player_choice":"Upgraded","floor":3.0,"gold_loss":0.0,"damage_taken":0.0,"cards_upgraded":["Mayhem"]}],"is_beta":false,"boss_relics":[],"items_purged_floors":[],"is_endless":false,"potions_floor_spawned":[5,11],"killed_by":"Gremlin Nob","ascension_level":20}