{"gold_per_floor":[366,366,379,454,15,40,40,40,40,40,59,71,71,108,108,180,180,193,272,272,272,289,289,314,326,351,94,125,125,125,51,51,51],"floor_reached":33,"playtime":1043,"items_purged":[],"score":530,"play_id":"625c3d7d-8721-4498-b632-c1ec6071f3b7","local_time":"20230104224455","is_ascension_mode":true,"campfire_choices":[{"data":"Magnetism","floor":7,"key":"SMITH"},{"data":"Panacea","floor":10,"key":"SMITH"},{"floor":15,"key":"REST"},{"floor":23,"key":"REST"},{"data":"Juggernaut","floor":32,"key":"SMITH"}],"neow_cost":"TEN_PERCENT_HP_LOSS","seed_source_timestamp":1228969188739400,"circlet_count":0,"master_deck":["AscendersBane","Strike_R","Strike_R","Strike_R","Strike_R","Defend_R","Defend_R","Defend_R","Defend_R","Bash","Magnetism+1","Panacea+1","Reaper","Shrug It Off","Juggernaut+1","Immolate","Battle Trance","Inflame","Finesse"],"relics":["Burning Blood","CultistMask","Akabeko","The Courier","Ancient Tea Set","Question Card","Busted Crown","Bronze Scales","PreservedInsect","Vajra","Omamori"],"potions_floor_usage":[14,16,22],"damage_taken":[{"damage":4,"enemies":"Small Slimes","floor":1,"turns":4},{"damage":6,"enemies":"Cultist","floor":3,"turns":3},{"damage":28,"enemies":"Lagavulin","floor":6,"turns":8},{"damage":9,"enemies":"Jaw Worm","floor":11,"turns":2},{"damage":7,"enemies":"Exordium Thugs","floor":12,"turns":4},{"damage":32,"enemies":"Large Slime","floor":14,"turns":5},{"damage":19,"enemies":"The Guardian","floor":16,"turns":15},{"damage":17,"enemies":"Chosen","floor":18,"turns":5},{"damage":56,"enemies":"3 Byrds","floor":19,"turns":8},{"damage":23,"enemies":"Snecko","floor":22,"turns":4},{"damage":45,"enemies":"Slavers","floor":24,"turns":4},{"damage":18,"enemies":"3 Cultists","floor":25,"turns":3},{"damage":22,"enemies":"Snake Plant","floor":28,"turns":4},{"damage":70,"enemies":"Collector","floor":33,"turns":7}],"seed_played":"3760572371886162931","potions_obtained":[{"floor":1,"key":"FearPotion"},{"floor":6,"key":"BloodPotion"},{"floor":11,"key":"BlessingOfTheForge"},{"floor":19,"key":"PowerPotion"},{"floor":24,"key":"AttackPotion"},{"floor":25,"key":"BloodPotion"},{"floor":28,"key":"SteroidPotion"}],"is_trial":false,"path_per_floor":["M","?","M","?","$","E","R","?","T","R","M","M","$","M","R","B",null,"M","M","?","?","M","R","E","M","T","$","M","?","?","$","R","B"],"character_chosen":"IRONCLAD","items_purchased":["Magnetism","Panacea","Akabeko","Vajra","Omamori","Finesse"],"campfire_rested":2,"item_purchase_floors":[5,5,5,27,27,31],"current_hp_per_floor":[68,68,68,57,57,35,35,35,35,35,32,31,31,13,33,24,57,46,14,14,14,9,29,26,50,50,50,34,34,68,68,68,0],"gold":51,"neow_bonus":"TWO_FIFTY_GOLD","is_prod":false,"is_daily":false,"chose_seed":false,"campfire_upgraded":3,"win_rate":0,"timestamp":1672868695,"path_taken":["M","?","?","?","?","E","R","?","T","R","M","?","?","M","R","BOSS","M","M","?","?","?","R","E","M","T","$","M","?","?","$","R","BOSS"],"build_version":"2022-12-18","purchased_purges":0,"victory":false,"max_hp_per_floor":[68,68,68,68,68,68,68,68,68,68,68,68,68,68,68,68,68,68,68,68,68,68,68,68,68,68,68,68,68,68,68,68,68],"card_choices":[{"not_picked":["Rage","Thunderclap"],"picked":"Uppercut","floor":1},{"not_picked":["Combust","Clash","Carnage"],"picked":"SKIP","floor":3},{"not_picked":["Warcry","Uppercut","Heavy Blade"],"picked":"SKIP","floor":6},{"not_picked":["Body Slam","Iron Wave","Rage","Hemokinesis"],"picked":"SKIP","floor":11},{"not_picked":["Body Slam","Shockwave","Wild Strike"],"picked":"Reaper","floor":12},{"not_picked":["Cleave","Twin Strike","Dual Wield"],"picked":"Shrug It Off","floor":14},{"not_picked":["Reaper","Barricade","Limit Break"],"picked":"Juggernaut","floor":16},{"not_picked":["Rupture","Warcry"],"picked":"SKIP","floor":18},{"not_picked":["Cleave","Headbutt"],"picked":"SKIP","floor":19},{"not_picked":["Clothesline","Uppercut"],"picked":"SKIP","floor":22},{"not_picked":["Heavy Blade","Clothesline"],"picked":"SKIP","floor":24},{"not_picked":["Shockwave"],"picked":"Battle Trance","floor":25},{"not_picked":["Warcry"],"picked":"Inflame","floor":28}],"player_experience":1978126,"relics_obtained":[{"floor":6,"key":"The Courier"},{"floor":9,"key":"Question Card"},{"floor":24,"key":"Bronze Scales"},{"floor":26,"key":"PreservedInsect"}],"event_choices":[{"damage_healed":0,"gold_gain":0,"player_choice":"Trade","damage_taken":0,"relics_obtained":["CultistMask"],"max_hp_gain":0,"max_hp_loss":0,"event_name":"FaceTrader","floor":2,"gold_loss":0},{"damage_healed":0,"gold_gain":75,"player_choice":"Gather Gold","damage_taken":11,"max_hp_gain":0,"max_hp_loss":0,"event_name":"World of Goop","floor":4,"gold_loss":0},{"damage_healed":0,"gold_gain":0,"player_choice":"Gave Potion","damage_taken":0,"relics_obtained":["Ancient Tea Set"],"max_hp_gain":0,"max_hp_loss":0,"event_name":"WeMeetAgain","floor":8,"gold_loss":0},{"damage_healed":0,"gold_gain":0,"player_choice":"Ignored","damage_taken":0,"max_hp_gain":0,"max_hp_loss":0,"event_name":"Ghosts","floor":20,"gold_loss":0},{"damage_healed":0,"gold_gain":0,"cards_transformed":["Strike_R"],"player_choice":"Transformed","damage_taken":0,"max_hp_gain":0,"max_hp_loss":0,"event_name":"Transmorgrifier","floor":21,"gold_loss":0,"cards_obtained":["Immolate"]},{"damage_healed":0,"gold_gain":0,"player_choice":"Ignored","damage_taken":0,"max_hp_gain":0,"max_hp_loss":0,"event_name":"Vampires","floor":29,"gold_loss":0},{"cards_removed":["Uppercut"],"damage_healed":34,"gold_gain":0,"player_choice":"Offered Uncommon","damage_taken":0,"max_hp_gain":0,"max_hp_loss":0,"event_name":"Bonfire Elementals","floor":30,"gold_loss":0}],"is_beta":false,"boss_relics":[{"not_picked":["SacredBark","Fusion Hammer"],"picked":"Busted Crown"}],"items_purged_floors":[],"is_endless":false,"potions_floor_spawned":[1,6,11,19,24,25,28],"killed_by":"Collector","ascension_level":20}