{"gold_per_floor":[109,120,120,120,120,151,169,202,202,202,30,30,105,135,135,135],"floor_reached":16,"playtime":268,"items_purged":[],"score":282,"play_id":"2a34bf65-e535-454a-b582-e684231597ac","local_time":"20230105232846","is_ascension_mode":true,"campfire_choices":[{"data":"Fire Breathing","floor":10,"key":"SMITH"},{"data":"Wild Strike","floor":12,"key":"SMITH"},{"floor":15,"key":"REST"}],"neow_cost":"NONE","seed_source_timestamp":1318776244009000,"circlet_count":0,"master_deck":["AscendersBane","Strike_R","Strike_R","Strike_R","Strike_R","Defend_R","Defend_R","Defend_R","Defend_R","Bash","Sword Boomerang","Shrug It Off","Fire Breathing+1","Wild Strike+1"],"relics":["Burning Blood","NeowsBlessing","Juzu Bracelet","Matryoshka","Pear","Regal Pillow","Omamori","Ornamental Fan"],"potions_floor_usage":[14,16],"damage_taken":[{"damage":0,"enemies":"Cultist","floor":1,"turns":1},{"damage":0,"enemies":"Jaw Worm","floor":2,"turns":1},{"damage":0,"enemies":"Gremlin Nob","floor":6,"turns":1},{"damage":6,"enemies":"2 Louse","floor":7,"turns":3},{"damage":25,"enemies":"3 Sentries","floor":8,"turns":5},{"damage":31,"enemies":"Gremlin Nob","floor":14,"turns":4},{"damage":51,"enemies":"Hexaghost","floor":16,"turns":9}],"seed_played":"4231379111043466726","potions_obtained":[{"floor":2,"key":"ColorlessPotion"},{"floor":4,"key":"SteroidPotion"}],"is_trial":false,"path_per_floor":["M","M","?","?","?","E","M","E","T","R","$","R","?","E","R","B"],"character_chosen":"IRONCLAD","items_purchased":["Omamori"],"campfire_rested":1,"item_purchase_floors":[11],"current_hp_per_floor":[74,75,57,57,50,56,56,47,47,47,47,47,36,11,51,0],"gold":135,"neow_bonus":"THREE_ENEMY_KILL","is_prod":false,"is_daily":false,"chose_seed":false,"campfire_upgraded":2,"win_rate":0,"timestamp":1672957726,"path_taken":["M","?","?","?","?","E","M","E","T","R","$","R","?","E","R","BOSS"],"build_version":"2022-12-18","purchased_purges":0,"victory":false,"max_hp_per_floor":[75,75,75,75,75,75,75,85,85,85,85,85,85,85,85,85],"card_choices":[{"not_picked":["Armaments","Havoc","Headbutt"],"picked":"SKIP","floor":1},{"not_picked":["Flex","Clothesline"],"picked":"Sword Boomerang","floor":2},{"not_picked":["Iron Wave","True Grit"],"picked":"Shrug It Off","floor":6},{"not_picked":["Offering","Bloodletting"],"picked":"Fire Breathing","floor":7},{"not_picked":["Cleave","Intimidate"],"picked":"Wild Strike","floor":8},{"not_picked":["True Grit","Exhume","Sword Boomerang"],"picked":"SKIP","floor":14}],"player_experience":1979979,"relics_obtained":[{"floor":6,"key":"Matryoshka"},{"floor":8,"key":"Pear"},{"floor":9,"key":"Regal Pillow"},{"floor":14,"key":"Ornamental Fan"}],"event_choices":[{"damage_healed":0,"gold_gain":0,"player_choice":"Success","damage_taken":18,"relics_obtained":["Juzu Bracelet"],"max_hp_gain":0,"max_hp_loss":0,"event_name":"Scrap Ooze","floor":3,"gold_loss":0},{"damage_healed":0,"gold_gain":0,"player_choice":"Got Potions","damage_taken":0,"max_hp_gain":0,"max_hp_loss":0,"event_name":"Lab","floor":4,"gold_loss":0},{"cards_removed":["Strike_R"],"damage_healed":0,"gold_gain":0,"player_choice":"Card Removal","damage_taken":7,"max_hp_gain":0,"max_hp_loss":0,"event_name":"Golden Wing","floor":5,"gold_loss":0},{"damage_healed":0,"gold_gain":75,"player_choice":"Gather Gold","damage_taken":11,"max_hp_gain":0,"max_hp_loss":0,"event_name":"World of Goop","floor":13,"gold_loss":0}],"is_beta":false,"boss_relics":[],"items_purged_floors":[],"is_endless":false,"potions_floor_spawned":[2,7],"killed_by":"Hexaghost","ascension_level":20}