{"gold_per_floor":[13,25,25,25,41,73,73,91,91,16,16,50,50,79,79,79],"floor_reached":16,"playtime":469,"items_purged":["Pain"],"score":236,"play_id":"1c4d4bcc-354a-4dde-be39-16a4e1e333eb","local_time":"20230105231749","is_ascension_mode":true,"campfire_choices":[{"floor":7,"key":"REST"},{"data":"Fiend Fire","floor":11,"key":"SMITH"},{"data":"Feel No Pain","floor":15,"key":"SMITH"}],"neow_cost":"NO_GOLD","seed_source_timestamp":1317918196922200,"circlet_count":0,"master_deck":["AscendersBane","Strike_R","Strike_R","Strike_R","Strike_R","Strike_R","Defend_R","Defend_R","Defend_R","Defend_R","Bash","Fiend Fire+1","Shrug It Off","Feel No Pain+1","Bloodletting"],"relics":["Burning Blood","WarpedTongs","HornCleat","Meat on the Bone","Bottled Flame","Ancient Tea Set"],"potions_floor_usage":[16],"damage_taken":[{"damage":2,"enemies":"Jaw Worm","floor":1,"turns":4},{"damage":1,"enemies":"Cultist","floor":2,"turns":3},{"damage":5,"enemies":"2 Louse","floor":5,"turns":2},{"damage":53,"enemies":"Gremlin Nob","floor":6,"turns":5},{"damage":10,"enemies":"Large Slime","floor":8,"turns":4},{"damage":10,"enemies":"3 Sentries","floor":12,"turns":11},{"damage":36,"enemies":"Lagavulin","floor":14,"turns":8},{"damage":52,"enemies":"Hexaghost","floor":16,"turns":11}],"seed_played":"-8929636781256939517","potions_obtained":[{"floor":2,"key":"BlessingOfTheForge"},{"floor":8,"key":"Dexterity Potion"},{"floor":14,"key":"Regen Potion"}],"is_trial":false,"path_per_floor":["M","M","?","$","M","E","R","M","T","$","R","E","$","E","R","B"],"character_chosen":"IRONCLAD","items_purchased":[],"campfire_rested":1,"item_purchase_floors":[],"current_hp_per_floor":[72,75,75,75,75,28,50,46,46,46,46,54,54,36,36,0],"gold":79,"neow_bonus":"THREE_RARE_CARDS","is_prod":false,"is_daily":false,"chose_seed":false,"campfire_upgraded":2,"win_rate":0,"timestamp":1672957069,"path_taken":["M","M","?","$","?","E","R","M","T","$","R","E","$","E","R","BOSS"],"build_version":"2022-12-18","purchased_purges":1,"victory":false,"max_hp_per_floor":[75,75,75,75,75,75,75,75,75,75,75,75,75,75,75,75],"card_choices":[{"not_picked":["Barricade","Limit Break"],"picked":"Fiend Fire","floor":0},{"not_picked":["Dual Wield","Havoc"],"picked":"Shrug It Off","floor":1},{"not_picked":["Twin Strike","Sword Boomerang","Reckless Charge"],"picked":"SKIP","floor":2},{"not_picked":["Clash","Exhume"],"picked":"Feel No Pain","floor":5},{"not_picked":["Twin Strike","Evolve"],"picked":"Bloodletting","floor":6},{"not_picked":["Pommel Strike","Warcry","Evolve"],"picked":"SKIP","floor":8},{"not_picked":["Armaments","Entrench","Body Slam"],"picked":"SKIP","floor":12},{"not_picked":["Bloodletting","Cleave","Heavy Blade"],"picked":"SKIP","floor":14}],"player_experience":1979169,"relics_obtained":[{"floor":6,"key":"HornCleat"},{"floor":9,"key":"Meat on the Bone"},{"floor":12,"key":"Bottled Flame"},{"floor":14,"key":"Ancient Tea Set"}],"event_choices":[{"damage_healed":0,"gold_gain":0,"player_choice":"Rummage","damage_taken":0,"relics_obtained":["WarpedTongs"],"max_hp_gain":0,"max_hp_loss":0,"event_name":"Accursed Blacksmith","floor":3,"gold_loss":0,"cards_obtained":["Pain"]}],"is_beta":false,"boss_relics":[],"items_purged_floors":[10],"is_endless":false,"potions_floor_spawned":[2,8,14],"killed_by":"Hexaghost","ascension_level":20}