{"gold_per_floor":[115,115,80,98,98,98,98,132,132,147,180,90,108,108,108,108],"floor_reached":16,"playtime":440,"items_purged":[],"score":266,"play_id":"0e6fad46-1913-42d7-8c0a-7f0ec2d8775a","local_time":"20230101213306","is_ascension_mode":true,"campfire_choices":[{"data":"Bash","floor":6,"key":"SMITH"},{"data":"Metallicize","floor":15,"key":"SMITH"}],"neow_cost":"NONE","seed_source_timestamp":966056744796100,"circlet_count":0,"master_deck":["AscendersBane","Strike_R","Strike_R","Strike_R","Strike_R","Defend_R","Defend_R","Defend_R","Bash+1","Bloodletting","Shrug It Off","Metallicize+1","Searing Blow","Flash of Steel","Rupture+1"],"relics":["Burning Blood","NeowsBlessing","HornCleat","MealTicket","Shuriken","Blood Vial"],"potions_floor_usage":[11],"damage_taken":[{"damage":0,"enemies":"Cultist","floor":1,"turns":1},{"damage":0,"enemies":"Small Slimes","floor":4,"turns":1},{"damage":0,"enemies":"Gremlin Nob","floor":8,"turns":1},{"damage":0,"enemies":"2 Louse","floor":10,"turns":2},{"damage":38,"enemies":"3 Sentries","floor":11,"turns":13},{"damage":0,"enemies":"Large Slime","floor":13,"turns":5},{"damage":71,"enemies":"Hexaghost","floor":16,"turns":9}],"seed_played":"2384588853344341939","potions_obtained":[{"floor":8,"key":"Swift Potion"},{"floor":11,"key":"SpeedPotion"}],"is_trial":false,"path_per_floor":["M","?","?","M","?","R","?","E","T","M","E","$","M","?","R","B"],"character_chosen":"IRONCLAD","items_purchased":["Flash of Steel"],"campfire_rested":0,"item_purchase_floors":[12],"current_hp_per_floor":[74,56,74,75,68,68,68,74,74,75,43,58,66,66,66,0],"gold":108,"neow_bonus":"THREE_ENEMY_KILL","is_prod":false,"is_daily":false,"chose_seed":false,"campfire_upgraded":2,"win_rate":0,"timestamp":1672605186,"path_taken":["M","?","?","M","?","R","?","E","T","M","E","$","M","?","R","BOSS"],"build_version":"2022-12-18","purchased_purges":0,"victory":false,"max_hp_per_floor":[75,75,75,75,75,75,75,75,75,75,75,75,75,75,75,75],"card_choices":[{"not_picked":["Headbutt","Reckless Charge"],"picked":"Bloodletting","floor":1},{"not_picked":["Havoc","Clothesline"],"picked":"Shrug It Off","floor":4},{"not_picked":["Hemokinesis","Havoc","Dark Embrace"],"picked":"SKIP","floor":8},{"not_picked":["Heavy Blade","Sentinel"],"picked":"Metallicize","floor":10},{"not_picked":["Headbutt","Reckless Charge"],"picked":"Searing Blow","floor":11},{"not_picked":["Metallicize","Pummel"],"picked":"Rupture","floor":13}],"player_experience":1977258,"relics_obtained":[{"floor":8,"key":"MealTicket"},{"floor":9,"key":"Shuriken"},{"floor":11,"key":"Blood Vial"}],"event_choices":[{"damage_healed":0,"gold_gain":0,"player_choice":"Success","damage_taken":18,"relics_obtained":["HornCleat"],"max_hp_gain":0,"max_hp_loss":0,"event_name":"Scrap Ooze","floor":2,"gold_loss":0},{"damage_healed":18,"gold_gain":0,"player_choice":"Healed","damage_taken":0,"max_hp_gain":0,"max_hp_loss":0,"event_name":"The Cleric","floor":3,"gold_loss":35},{"cards_removed":["Defend_R"],"damage_healed":0,"gold_gain":0,"player_choice":"Card Removal","damage_taken":7,"max_hp_gain":0,"max_hp_loss":0,"event_name":"Golden Wing","floor":5,"gold_loss":0},{"cards_removed":["Strike_R"],"damage_healed":0,"gold_gain":0,"player_choice":"Forget","damage_taken":0,"max_hp_gain":0,"max_hp_loss":0,"event_name":"Living Wall","floor":7,"gold_loss":0},{"damage_healed":0,"gold_gain":0,"player_choice":"Upgraded","damage_taken":0,"max_hp_gain":0,"max_hp_loss":0,"event_name":"Upgrade Shrine","floor":14,"gold_loss":0,"cards_upgraded":["Rupture"]}],"is_beta":false,"boss_relics":[],"items_purged_floors":[],"is_endless":false,"potions_floor_spawned":[8,11],"killed_by":"Hexaghost","ascension_level":20}