{"gold_per_floor":[114,114,128,146,146,176,176,203,227,243,263,282,313,333,333,405,405,345,345,345,345,345,345,162,162,162,162,162,162,162,162],"floor_reached":31,"playtime":1125,"items_purged":[],"score":615,"play_id":"a0fcca72-19de-4e6f-8c0e-ac3ebb35b3bc","local_time":"20230117205542","is_ascension_mode":true,"campfire_choices":[{"data":"Cleave","floor":7,"key":"SMITH"},{"floor":15,"key":"REST"},{"data":"Feed","floor":23,"key":"SMITH"},{"data":"Chrysalis","floor":28,"key":"SMITH"}],"neow_cost":"NONE","seed_source_timestamp":92005638284300,"circlet_count":0,"master_deck":["AscendersBane","Defend_R","Defend_R","Defend_R","Defend_R","Bash","Infernal Blade","Cleave+1","Shockwave","Carnage","Fire Breathing","Sword Boomerang","Feed+1","Inflame","Bite","Bite","Bite","Bite","Bite","Chrysalis+1","Feel No Pain","Writhe"],"relics":["Burning Blood","Bag of Marbles","CultistMask","Juzu Bracelet","Vajra","Strawberry","CaptainsWheel","Ectoplasm","Red Mask","Sundial","Torii","Tiny Chest","MealTicket"],"potions_floor_usage":[11,12,19,25,27],"damage_taken":[{"damage":3,"enemies":"2 Louse","floor":1,"turns":3},{"damage":18,"enemies":"Cultist","floor":3,"turns":5},{"damage":7,"enemies":"Small Slimes","floor":4,"turns":2},{"damage":11,"enemies":"Gremlin Nob","floor":6,"turns":3},{"damage":30,"enemies":"3 Sentries","floor":8,"turns":6},{"damage":4,"enemies":"Exordium Wildlife","floor":10,"turns":3},{"damage":0,"enemies":"Lots of Slimes","floor":11,"turns":1},{"damage":0,"enemies":"Gremlin Gang","floor":12,"turns":2},{"damage":32,"enemies":"Lagavulin","floor":13,"turns":8},{"damage":10,"enemies":"Blue Slaver","floor":14,"turns":4},{"damage":19,"enemies":"Slime Boss","floor":16,"turns":9},{"damage":11,"enemies":"2 Thieves","floor":18,"turns":5},{"damage":7,"enemies":"Masked Bandits","floor":19,"turns":3},{"damage":20,"enemies":"Shell Parasite","floor":21,"turns":4},{"damage":24,"enemies":"Slavers","floor":25,"turns":4},{"damage":28,"enemies":"Book of Stabbing","floor":27,"turns":7},{"damage":39,"enemies":"Centurion and Healer","floor":29,"turns":10},{"damage":37,"enemies":"Gremlin Leader","floor":31,"turns":5}],"seed_played":"6156831557153458632","potions_obtained":[{"floor":1,"key":"Strength Potion"},{"floor":6,"key":"Explosive Potion"},{"floor":8,"key":"SpeedPotion"},{"floor":10,"key":"Strength Potion"},{"floor":11,"key":"Swift Potion"},{"floor":16,"key":"SteroidPotion"},{"floor":19,"key":"Weak Potion"}],"is_trial":false,"path_per_floor":["M","?","M","M","?","E","R","E","T","M","M","M","E","M","R","B",null,"M","?","?","M","?","R","$","E","T","E","R","M","?","E"],"character_chosen":"IRONCLAD","items_purchased":["Chrysalis"],"campfire_rested":1,"item_purchase_floors":[24],"current_hp_per_floor":[71,71,59,58,58,53,53,29,36,38,44,50,24,20,44,31,69,67,66,59,54,54,54,54,48,48,38,38,21,21,0],"gold":162,"neow_bonus":"RANDOM_COMMON_RELIC","is_prod":false,"is_daily":false,"chose_seed":false,"campfire_upgraded":3,"win_rate":0,"timestamp":1673985342,"path_taken":["M","?","M","?","?","E","R","E","T","M","M","M","E","M","R","BOSS","M","?","?","M","?","R","?","E","T","E","R","M","?","E"],"build_version":"2022-12-18","purchased_purges":0,"victory":false,"max_hp_per_floor":[75,75,75,75,75,75,75,75,82,82,82,82,82,82,82,82,82,85,85,59,62,62,62,62,66,66,66,66,66,66,66],"card_choices":[{"not_picked":["Wild Strike","Twin Strike"],"picked":"Infernal Blade","floor":1},{"not_picked":["Flex","Shrug It Off"],"picked":"Cleave","floor":3},{"not_picked":["Perfected Strike","Twin Strike","Rupture"],"picked":"SKIP","floor":4},{"not_picked":["Impervious","Infernal Blade","Pommel Strike"],"picked":"SKIP","floor":6},{"not_picked":["Armaments","Thunderclap","Burning Pact"],"picked":"SKIP","floor":8},{"not_picked":["Wild Strike","Havoc","Anger"],"picked":"SKIP","floor":10},{"not_picked":["Heavy Blade","Armaments"],"picked":"Carnage","floor":11},{"not_picked":["Anger","Perfected Strike","Armaments"],"picked":"SKIP","floor":12},{"not_picked":["Clothesline","Infernal Blade"],"picked":"Fire Breathing","floor":13},{"not_picked":["Heavy Blade","Offering"],"picked":"Sword Boomerang","floor":14},{"not_picked":["Exhume","Immolate"],"picked":"Feed","floor":16},{"not_picked":["Pummel","Headbutt"],"picked":"Inflame","floor":18},{"not_picked":["Heavy Blade","Flex","Wild Strike+1"],"picked":"SKIP","floor":21},{"not_picked":["Brutality","Cleave+1","Shockwave"],"picked":"SKIP","floor":25},{"not_picked":["Second Wind","Hemokinesis","Thunderclap"],"picked":"SKIP","floor":27},{"not_picked":["Perfected Strike","Warcry"],"picked":"Feel No Pain","floor":29}],"player_experience":2005428,"relics_obtained":[{"floor":6,"key":"Juzu Bracelet"},{"floor":8,"key":"Vajra"},{"floor":9,"key":"Strawberry"},{"floor":13,"key":"CaptainsWheel"},{"floor":19,"key":"Red Mask"},{"floor":25,"key":"Sundial"},{"floor":26,"key":"Torii"},{"floor":27,"key":"Tiny Chest"}],"event_choices":[{"damage_healed":0,"gold_gain":0,"player_choice":"Trade","damage_taken":0,"relics_obtained":["CultistMask"],"max_hp_gain":0,"max_hp_loss":0,"event_name":"FaceTrader","floor":2,"gold_loss":0},{"damage_healed":0,"gold_gain":0,"cards_transformed":["Strike_R"],"player_choice":"Transformed","damage_taken":0,"max_hp_gain":0,"max_hp_loss":0,"event_name":"Transmorgrifier","floor":5,"gold_loss":0,"cards_obtained":["Shockwave"]},{"damage_healed":0,"gold_gain":0,"player_choice":"Fought Bandits","damage_taken":0,"max_hp_gain":0,"max_hp_loss":0,"event_name":"Masked Bandits","floor":19,"gold_loss":0},{"damage_healed":0,"gold_gain":0,"player_choice":"Became a vampire","damage_taken":0,"max_hp_gain":0,"max_hp_loss":26,"event_name":"Vampires","floor":20,"gold_loss":0,"cards_obtained":["Bite","Bite","Bite","Bite","Bite"]},{"damage_healed":0,"gold_gain":0,"player_choice":"0 cards matched","damage_taken":0,"max_hp_gain":0,"max_hp_loss":0,"event_name":"Match and Keep!","floor":22,"gold_loss":0,"cards_obtained":[]},{"damage_healed":0,"gold_gain":0,"player_choice":"Opened","damage_taken":0,"relics_obtained":["MealTicket"],"max_hp_gain":0,"max_hp_loss":0,"event_name":"The Mausoleum","floor":30,"gold_loss":0,"cards_obtained":["Writhe"]}],"is_beta":false,"boss_relics":[{"not_picked":["Tiny House","Coffee Dripper"],"picked":"Ectoplasm"}],"items_purged_floors":[],"is_endless":false,"potions_floor_spawned":[1,6,8,10,11,16,19],"killed_by":"Gremlin Leader","ascension_level":20}