{"gold_per_floor":[117,192,192,192,192,192,18,43,43,78,90,9,9,34,34,108,108,128,141,46,46,46,46],"floor_reached":23,"playtime":688,"items_purged":[],"score":531,"play_id":"19bf7818-8a3f-4ed3-a342-2393bd6c3ea4","local_time":"20230112220019","is_ascension_mode":true,"campfire_choices":[{"floor":6.0,"key":"REST"},{"data":"Feed","floor":13.0,"key":"SMITH"},{"data":"Berserk","floor":15.0,"key":"SMITH"}],"neow_cost":"NONE","seed_source_timestamp":0,"circlet_count":0,"master_deck":["AscendersBane","Defend_R+1","Defend_R+1","Defend_R+1","Defend_R+1","Bash","Shrug It Off","Feed+1","Berserk+1","Cleave","Shrug It Off","Demon Form","Panacea","Bite","Bite","Bite","Bite","Bite"],"special_seed":0,"relics":["Burning Blood","NeowsBlessing","Sundial","Darkstone Periapt","Pear","Bronze Scales","Gremlin Horn","Busted Crown"],"potions_floor_usage":[],"damage_taken":[{"damage":0.0,"enemies":"Small Slimes","floor":1.0,"turns":1.0},{"damage":0.0,"enemies":"Gremlin Nob","floor":8.0,"turns":2.0},{"damage":0.0,"enemies":"Lagavulin","floor":10.0,"turns":2.0},{"damage":7.0,"enemies":"2 Louse","floor":11.0,"turns":3.0},{"damage":39.0,"enemies":"3 Sentries","floor":14.0,"turns":9.0},{"damage":41.0,"enemies":"The Guardian","floor":16.0,"turns":14.0},{"damage":22.0,"enemies":"Spheric Guardian","floor":18.0,"turns":5.0},{"damage":19.0,"enemies":"Chosen","floor":19.0,"turns":7.0},{"damage":75,"enemies":"Slavers","floor":23,"turns":5}],"seed_played":"-7904668138924720986","potions_obtained":[{"floor":8.0,"key":"SteroidPotion"},{"floor":11.0,"key":"FearPotion"},{"floor":14.0,"key":"CultistPotion"}],"is_trial":false,"path_per_floor":["M","?","?","?","?","R","$","E","T","E","M","$","R","E","R","B",null,"M","M","$","?","?","E"],"character_chosen":"IRONCLAD","items_purchased":["Feed","Shrug It Off","Strength Potion","Panacea"],"campfire_rested":1,"item_purchase_floors":[7,12,12,20],"current_hp_per_floor":[74,63,56,21,21,43,43,52,62,71,73,73,73,44,44,13,80,68,55,55,55,55,0],"gold":46,"neow_bonus":"THREE_ENEMY_KILL","is_prod":false,"is_daily":false,"chose_seed":false,"campfire_upgraded":2,"win_rate":0,"timestamp":1673557219,"path_taken":["M","?","?","?","?","R","$","E","T","E","M","?","R","E","R","BOSS","M","M","$","?","?","E"],"build_version":"2022-12-18","purchased_purges":0,"victory":false,"max_hp_per_floor":[75,75,75,75,75,75,75,78,88,91,94,94,94,98,98,102,102,106,106,106,74,74,78],"card_choices":[{"not_picked":["Thunderclap","Headbutt"],"picked":"Shrug It Off","floor":1.0},{"not_picked":["Pummel","Searing Blow"],"picked":"Berserk","floor":8.0},{"not_picked":["Searing Blow","Body Slam","Rage"],"picked":"SKIP","floor":10.0},{"not_picked":["Second Wind","Perfected Strike"],"picked":"Cleave","floor":11.0},{"not_picked":["Body Slam","Havoc","Clothesline"],"picked":"SKIP","floor":14.0},{"not_picked":["Exhume","Bludgeon"],"picked":"Demon Form","floor":16.0},{"not_picked":["Iron Wave"],"picked":"SKIP","floor":18.0},{"not_picked":["Warcry"],"picked":"SKIP","floor":19.0}],"player_experience":1984310,"relics_obtained":[{"floor":8.0,"key":"Darkstone Periapt"},{"floor":9.0,"key":"Pear"},{"floor":10.0,"key":"Bronze Scales"},{"floor":14.0,"key":"Gremlin Horn"}],"event_choices":[{"damage_healed":0.0,"max_hp_gain":0.0,"max_hp_loss":0.0,"gold_gain":75.0,"event_name":"World of Goop","player_choice":"Gather Gold","floor":2.0,"gold_loss":0.0,"damage_taken":11.0},{"cards_removed":["Strike_R"],"damage_healed":0.0,"max_hp_gain":0.0,"max_hp_loss":0.0,"gold_gain":0.0,"event_name":"Golden Wing","player_choice":"Card Removal","floor":3.0,"gold_loss":0.0,"damage_taken":7.0},{"damage_healed":0.0,"max_hp_gain":0.0,"max_hp_loss":0.0,"gold_gain":0.0,"event_name":"Scrap Ooze","player_choice":"Success","floor":4.0,"gold_loss":0.0,"damage_taken":35.0,"relics_obtained":["Sundial"]},{"damage_healed":0.0,"max_hp_gain":0.0,"max_hp_loss":0.0,"gold_gain":0.0,"event_name":"Shining Light","player_choice":"Ignored","floor":5.0,"gold_loss":0.0,"damage_taken":0.0},{"damage_healed":0,"gold_gain":0,"player_choice":"Became a vampire","damage_taken":0,"max_hp_gain":0,"max_hp_loss":32,"event_name":"Vampires","floor":21,"gold_loss":0,"cards_obtained":["Bite","Bite","Bite","Bite","Bite"]},{"damage_healed":0,"gold_gain":0,"player_choice":"Simplicity","damage_taken":0,"max_hp_gain":0,"max_hp_loss":0,"event_name":"Back to Basics","floor":22,"gold_loss":0,"cards_upgraded":["Defend_R","Defend_R","Defend_R","Defend_R"]}],"is_beta":false,"boss_relics":[{"not_picked":["Runic Dome","SacredBark"],"picked":"Busted Crown"}],"items_purged_floors":[],"is_endless":false,"potions_floor_spawned":[8,11,14],"killed_by":"Slavers","ascension_level":20}