{"gold_per_floor":[109,109,259,259,334,334,358,358,358,401,401,417,20,59,59,59],"floor_reached":16,"playtime":287,"items_purged":["Doubt"],"score":262,"play_id":"5adf9f74-6e18-4df9-b24d-ee7742b3ed26","local_time":"20230116202837","is_ascension_mode":true,"campfire_choices":[{"data":"Disarm","floor":6,"key":"SMITH"},{"data":"Rupture","floor":8,"key":"SMITH"},{"data":"Bash","floor":11,"key":"SMITH"},{"data":"Rupture","floor":15,"key":"SMITH"}],"neow_cost":"NONE","seed_source_timestamp":4815912848600,"circlet_count":0,"master_deck":["AscendersBane","Strike_R","Strike_R","Strike_R","Strike_R","Defend_R","Defend_R","Defend_R","Defend_R","Bash+1","Disarm+1","Injury","Rupture+1","Reaper","Rupture+1"],"relics":["Burning Blood","NeowsBlessing","Golden Idol","Bottled Lightning","Question Card","Red Skull","ClockworkSouvenir","Unceasing Top"],"potions_floor_usage":[14],"damage_taken":[{"damage":0,"enemies":"Cultist","floor":1,"turns":1},{"damage":0,"enemies":"2 Louse","floor":7,"turns":1},{"damage":0,"enemies":"Gremlin Nob","floor":10,"turns":1},{"damage":8,"enemies":"Jaw Worm","floor":12,"turns":6},{"damage":48,"enemies":"Lagavulin","floor":14,"turns":10},{"damage":61,"enemies":"Hexaghost","floor":16,"turns":11}],"seed_played":"3443918775091754679","potions_obtained":[{"floor":7,"key":"Swift Potion"}],"is_trial":false,"path_per_floor":["M","?","?","?","?","R","M","R","T","E","R","M","$","E","R","B"],"character_chosen":"IRONCLAD","items_purchased":["Red Skull","ClockworkSouvenir"],"campfire_rested":0,"item_purchase_floors":[13,13],"current_hp_per_floor":[74,67,67,67,56,56,62,62,62,68,68,66,66,30,30,0],"gold":59,"neow_bonus":"THREE_ENEMY_KILL","is_prod":false,"is_daily":false,"chose_seed":false,"campfire_upgraded":4,"win_rate":0,"timestamp":1673897317,"path_taken":["M","?","?","?","?","R","?","R","T","E","R","M","$","E","R","BOSS"],"build_version":"2022-12-18","purchased_purges":1,"victory":false,"max_hp_per_floor":[75,75,75,75,75,75,75,75,75,75,75,75,75,75,75,75],"card_choices":[{"not_picked":["Anger","Whirlwind"],"picked":"Disarm","floor":1},{"not_picked":["Pommel Strike","Seeing Red"],"picked":"Rupture","floor":7},{"not_picked":["Searing Blow","Corruption","True Grit"],"picked":"SKIP","floor":10},{"not_picked":["Cleave","Flex","Sword Boomerang"],"picked":"Reaper","floor":12},{"not_picked":["Flex","Entrench","Havoc"],"picked":"Rupture","floor":14}],"player_experience":1998942,"relics_obtained":[{"floor":9,"key":"Bottled Lightning"},{"floor":10,"key":"Question Card"},{"floor":14,"key":"Unceasing Top"}],"event_choices":[{"cards_removed":["Strike_R"],"damage_healed":0,"gold_gain":0,"player_choice":"Card Removal","damage_taken":7,"max_hp_gain":0,"max_hp_loss":0,"event_name":"Golden Wing","floor":2,"gold_loss":0},{"damage_healed":0,"gold_gain":150,"player_choice":"AGREE","damage_taken":0,"max_hp_gain":0,"max_hp_loss":0,"event_name":"Liars Game","floor":3,"gold_loss":0,"cards_obtained":["Doubt"]},{"damage_healed":0,"gold_gain":0,"player_choice":"Take Wound","damage_taken":0,"relics_obtained":["Golden Idol"],"max_hp_gain":0,"max_hp_loss":0,"event_name":"Golden Idol","floor":4,"gold_loss":0,"cards_obtained":["Injury"]},{"damage_healed":0,"gold_gain":75,"player_choice":"Gather Gold","damage_taken":11,"max_hp_gain":0,"max_hp_loss":0,"event_name":"World of Goop","floor":5,"gold_loss":0}],"is_beta":false,"boss_relics":[],"items_purged_floors":[13],"is_endless":false,"potions_floor_spawned":[7],"killed_by":"Hexaghost","ascension_level":20}