{"gold_per_floor":[113,188,204,15,15,15,56,56,56,90,3,22,22,22,22,117,117,136,3,3,3,27,58,70,121,133,185,25,25,41,66,66,156,156,174,174,136,160,160],"floor_reached":39,"playtime":1010,"items_purged":["Strike_R"],"score":940,"play_id":"580611f2-8333-46eb-b9b1-b004bc449658","local_time":"20230115121037","is_ascension_mode":true,"campfire_choices":[{"data":"Sadistic Nature","floor":6,"key":"SMITH"},{"data":"Thunderclap","floor":8,"key":"SMITH"},{"data":"Demon Form","floor":15,"key":"SMITH"},{"data":"Disarm","floor":24,"key":"SMITH"},{"floor":29,"key":"REST"},{"floor":32,"key":"REST"}],"neow_cost":"NONE","seed_source_timestamp":406820683594000,"circlet_count":0,"master_deck":["AscendersBane","Strike_R","Strike_R","Strike_R","Defend_R","Defend_R","Defend_R","Defend_R","Bash","Shrug It Off","Thunderclap+1","Sadistic Nature+1","Injury","Cleave","Disarm+1","Demon Form+1","CurseOfTheBell","Shrug It Off","Thunderclap","Feed","Trip","Berserk","Sword Boomerang","Shockwave"],"relics":["Burning Blood","NeowsBlessing","Golden Idol","MealTicket","Regal Pillow","Self Forming Clay","Kunai","Calling Bell","Bag of Preparation","The Courier","Gambling Chip","Sling","Enchiridion","MawBank","Calipers","Letter Opener","Lantern","Membership Card","Busted Crown"],"potions_floor_usage":[10,14,16,23,25,31,33,35,39],"damage_taken":[{"damage":0,"enemies":"Jaw Worm","floor":1,"turns":1},{"damage":0,"enemies":"Small Slimes","floor":3,"turns":1},{"damage":0,"enemies":"Lagavulin","floor":7,"turns":1},{"damage":32,"enemies":"Gremlin Nob","floor":10,"turns":4},{"damage":0,"enemies":"2 Louse","floor":12,"turns":2},{"damage":0,"enemies":"Lots of Slimes","floor":14,"turns":1},{"damage":57,"enemies":"Hexaghost","floor":16,"turns":10},{"damage":14,"enemies":"3 Byrds","floor":18,"turns":5},{"damage":5,"enemies":"Shell Parasite","floor":22,"turns":4},{"damage":31,"enemies":"Book of Stabbing","floor":23,"turns":5},{"damage":15,"enemies":"Slavers","floor":25,"turns":4},{"damage":40,"enemies":"Book of Stabbing","floor":27,"turns":5},{"damage":19,"enemies":"Sentry and Sphere","floor":30,"turns":5},{"damage":12,"enemies":"Snecko","floor":31,"turns":5},{"damage":21,"enemies":"Champ","floor":33,"turns":9},{"damage":40,"enemies":"3 Shapes","floor":35,"turns":5},{"damage":33,"enemies":"3 Darklings","floor":38,"turns":4},{"damage":57,"enemies":"Jaw Worm Horde","floor":39,"turns":2}],"seed_played":"4617114800483741429","potions_obtained":[{"floor":1,"key":"SmokeBomb"},{"floor":7,"key":"Explosive Potion"},{"floor":10,"key":"Block Potion"},{"floor":16,"key":"AttackPotion"},{"floor":18,"key":"Fire Potion"},{"floor":30,"key":"Energy Potion"},{"floor":31,"key":"Weak Potion"},{"floor":33,"key":"SteroidPotion"},{"floor":38,"key":"SteroidPotion"}],"is_trial":false,"path_per_floor":["M","?","M","$","?","R","E","R","T","E","$","M","T","M","R","B",null,"M","$","?","?","M","E","R","E","T","E","$","R","M","M","R","B",null,"M","?","$","M","M"],"character_chosen":"IRONCLAD","items_purchased":["Sadistic Nature","Disarm","Sling","Membership Card","Trip"],"campfire_rested":2,"item_purchase_floors":[4,11,19,28,28],"current_hp_per_floor":[74,63,69,69,69,69,75,75,75,49,64,70,70,75,75,24,62,57,72,51,88,88,63,63,54,54,20,35,76,66,60,91,76,87,56,56,71,44,0],"gold":160,"neow_bonus":"THREE_ENEMY_KILL","is_prod":false,"is_daily":false,"chose_seed":false,"campfire_upgraded":4,"win_rate":0,"timestamp":1673781037,"path_taken":["M","?","M","$","?","R","E","R","T","E","$","M","?","M","R","BOSS","M","$","?","?","M","E","R","E","T","E","$","R","?","M","R","BOSS","M","?","$","M","?"],"build_version":"2022-12-18","purchased_purges":1,"victory":false,"max_hp_per_floor":[75,75,75,75,75,75,75,75,75,75,75,75,75,75,75,75,75,78,78,78,88,88,88,88,88,88,88,88,88,91,91,91,91,91,94,94,94,94,94],"card_choices":[{"not_picked":["Perfected Strike","Clothesline"],"picked":"Shrug It Off","floor":1},{"not_picked":["Clash","Heavy Blade"],"picked":"Thunderclap","floor":3},{"not_picked":["Clothesline","Iron Wave"],"picked":"Cleave","floor":7},{"not_picked":["Cleave","Power Through","True Grit"],"picked":"SKIP","floor":10},{"not_picked":["Shrug It Off","Heavy Blade"],"picked":"Demon Form","floor":12},{"not_picked":["Fiend Fire","Limit Break"],"picked":"Feed","floor":16},{"not_picked":["Clothesline","Whirlwind"],"picked":"Shrug It Off","floor":18},{"not_picked":["Bloodletting","Cleave"],"picked":"Thunderclap","floor":22},{"not_picked":["Pommel Strike","Inflame","Metallicize"],"picked":"SKIP","floor":23},{"not_picked":["Carnage","Havoc","Second Wind+1"],"picked":"SKIP","floor":25},{"not_picked":["True Grit","Clash"],"picked":"Feed","floor":27},{"not_picked":["Wild Strike","Armaments","Bloodletting"],"picked":"SKIP","floor":30},{"not_picked":["Iron Wave","Clash","Infernal Blade"],"picked":"SKIP","floor":31},{"not_picked":["Immolate","Barricade"],"picked":"Berserk","floor":33},{"not_picked":[],"picked":"Sword Boomerang","floor":35},{"not_picked":["Armaments"],"picked":"SKIP","floor":38}],"player_experience":1988939,"relics_obtained":[{"floor":7,"key":"MealTicket"},{"floor":9,"key":"Regal Pillow"},{"floor":10,"key":"Self Forming Clay"},{"floor":13,"key":"Kunai"},{"floor":17,"key":"Bag of Preparation"},{"floor":17,"key":"The Courier"},{"floor":17,"key":"Gambling Chip"},{"floor":20,"key":"Enchiridion"},{"floor":23,"key":"MawBank"},{"floor":25,"key":"Calipers"},{"floor":26,"key":"Letter Opener"},{"floor":27,"key":"Lantern"}],"event_choices":[{"damage_healed":0,"gold_gain":75,"player_choice":"Gather Gold","damage_taken":11,"max_hp_gain":0,"max_hp_loss":0,"event_name":"World of Goop","floor":2,"gold_loss":0},{"damage_healed":0,"gold_gain":0,"player_choice":"Take Wound","damage_taken":0,"relics_obtained":["Golden Idol"],"max_hp_gain":0,"max_hp_loss":0,"event_name":"Golden Idol","floor":5,"gold_loss":0,"cards_obtained":["Injury"]},{"damage_healed":0,"gold_gain":0,"player_choice":"Obtained Book","damage_taken":21,"max_hp_gain":0,"max_hp_loss":0,"event_name":"Cursed Tome","floor":20,"gold_loss":0},{"cards_removed":["Feed"],"damage_healed":27,"gold_gain":0,"player_choice":"Offered Rare","damage_taken":0,"max_hp_gain":10,"max_hp_loss":0,"event_name":"Bonfire Elementals","floor":21,"gold_loss":0},{"damage_healed":0,"gold_gain":0,"cards_transformed":["Strike_R"],"player_choice":"Transformed","damage_taken":0,"max_hp_gain":0,"max_hp_loss":0,"event_name":"Transmorgrifier","floor":36,"gold_loss":0,"cards_obtained":["Shockwave"]}],"is_beta":false,"boss_relics":[{"not_picked":["SacredBark","Mark of Pain"],"picked":"Calling Bell"},{"not_picked":["Black Blood","Sozu"],"picked":"Busted Crown"}],"items_purged_floors":[37],"is_endless":false,"potions_floor_spawned":[1,7,10,16,18,30,31,33,38],"killed_by":"Jaw Worm Horde","ascension_level":20}