{"gold_per_floor":[109,123,123,137,36,62,62,93,93,107,107,124,19,39,39,110,110,128,128,72,92,110,110,110],"floor_reached":24,"playtime":622,"items_purged":[],"score":416,"play_id":"12526795-cb02-4e41-8bb3-0f5e4beebc62","local_time":"20230114220349","is_ascension_mode":true,"campfire_choices":[{"data":"Whirlwind","floor":11,"key":"SMITH"},{"data":"Trip","floor":15,"key":"SMITH"},{"floor":23,"key":"REST"}],"neow_cost":"NONE","seed_source_timestamp":356399362323300,"circlet_count":0,"master_deck":["AscendersBane","Strike_R","Strike_R","Strike_R","Strike_R","Strike_R","Defend_R","Defend_R","Defend_R","Defend_R","Bash+1","Dropkick","Dark Shackles","Whirlwind+1","Trip+1","Limit Break","Shrug It Off","Inflame"],"relics":["Black Blood","NeowsBlessing","Toy Ornithopter","Mango","Eternal Feather"],"potions_floor_usage":[6,10,16,18,24],"damage_taken":[{"damage":0,"enemies":"Jaw Worm","floor":1,"turns":1},{"damage":0,"enemies":"Cultist","floor":2,"turns":1},{"damage":0,"enemies":"2 Louse","floor":4,"turns":1},{"damage":28,"enemies":"3 Sentries","floor":6,"turns":7},{"damage":43,"enemies":"Lagavulin","floor":8,"turns":7},{"damage":19,"enemies":"Exordium Thugs","floor":10,"turns":4},{"damage":3,"enemies":"Large Slime","floor":12,"turns":4},{"damage":8,"enemies":"Blue Slaver","floor":14,"turns":3},{"damage":53,"enemies":"Slime Boss","floor":16,"turns":11},{"damage":27,"enemies":"3 Byrds","floor":18,"turns":4},{"damage":56,"enemies":"Spheric Guardian","floor":21,"turns":7},{"damage":12,"enemies":"3 Cultists","floor":22,"turns":4},{"damage":65,"enemies":"Slavers","floor":24,"turns":4}],"seed_played":"1431896021387079027","potions_obtained":[{"floor":1,"key":"Dexterity Potion"},{"floor":4,"key":"ColorlessPotion"},{"floor":8,"key":"DuplicationPotion"},{"floor":14,"key":"Explosive Potion"},{"floor":16,"key":"Fire Potion"}],"is_trial":false,"path_per_floor":["M","M","?","M","$","E","?","E","T","M","R","M","$","M","R","B",null,"M","?","$","M","M","R","E"],"character_chosen":"IRONCLAD","items_purchased":["Dark Shackles","Trip","Shrug It Off"],"campfire_rested":1,"item_purchase_floors":[5,13,20],"current_hp_per_floor":[74,75,75,75,75,53,75,52,52,44,50,53,53,51,60,18,71,61,61,61,17,17,52,0],"gold":110,"neow_bonus":"THREE_ENEMY_KILL","is_prod":false,"is_daily":false,"chose_seed":false,"campfire_upgraded":2,"win_rate":0,"timestamp":1673730229,"path_taken":["M","M","?","?","$","E","?","E","T","?","R","M","$","M","R","BOSS","M","?","$","M","M","R","E"],"build_version":"2022-12-18","purchased_purges":0,"victory":false,"max_hp_per_floor":[75,75,75,75,75,75,75,89,89,89,89,89,89,89,89,89,89,89,89,89,89,89,89,89],"card_choices":[{"not_picked":["Armaments","Anger"],"picked":"Dropkick","floor":1},{"not_picked":["Heavy Blade","Searing Blow"],"picked":"Bloodletting","floor":2},{"not_picked":["Havoc","Perfected Strike","Iron Wave"],"picked":"SKIP","floor":4},{"not_picked":["Havoc","Sentinel","Bloodletting"],"picked":"SKIP","floor":6},{"not_picked":["Havoc","Twin Strike","Sever Soul"],"picked":"SKIP","floor":8},{"not_picked":["Pommel Strike","Anger"],"picked":"Whirlwind","floor":10},{"not_picked":["True Grit","Sentinel","Seeing Red"],"picked":"SKIP","floor":12},{"not_picked":["Headbutt","Iron Wave","Wild Strike"],"picked":"SKIP","floor":14},{"not_picked":["Fiend Fire","Offering"],"picked":"Limit Break","floor":16},{"not_picked":["Rage+1","Dual Wield","Power Through"],"picked":"SKIP","floor":18},{"not_picked":["Sword Boomerang","Havoc","Searing Blow"],"picked":"SKIP","floor":21},{"not_picked":["Fire Breathing","Thunderclap"],"picked":"Inflame","floor":22}],"player_experience":1987321,"relics_obtained":[{"floor":6,"key":"Toy Ornithopter"},{"floor":8,"key":"Mango"},{"floor":9,"key":"Eternal Feather"}],"event_choices":[{"damage_healed":0,"gold_gain":0,"player_choice":"Upgraded","damage_taken":0,"max_hp_gain":0,"max_hp_loss":0,"event_name":"Upgrade Shrine","floor":3,"gold_loss":0,"cards_upgraded":["Bash"]},{"cards_removed":["Bloodletting"],"damage_healed":22,"gold_gain":0,"player_choice":"Offered Uncommon","damage_taken":0,"max_hp_gain":0,"max_hp_loss":0,"event_name":"Bonfire Elementals","floor":7,"gold_loss":0},{"damage_healed":0,"gold_gain":0,"player_choice":"Ignored","damage_taken":0,"max_hp_gain":0,"max_hp_loss":0,"event_name":"Vampires","floor":19,"gold_loss":0}],"is_beta":false,"boss_relics":[{"not_picked":["Fusion Hammer","Mark of Pain"],"picked":"Black Blood"}],"items_purged_floors":[],"is_endless":false,"potions_floor_spawned":[1,4,8,14,16],"killed_by":"Slavers","ascension_level":20}