{"gold_per_floor":[111,111,111,36,36,79,99,133,133,151,184,197,197,197,197,292,292,308,308,324,377,377,421,433,445,483,526,538,550,562,587,599,611],"floor_reached":33,"playtime":895,"items_purged":[],"score":628,"play_id":"03e31d9e-1c35-4b29-9028-8759041d6243","local_time":"20230106124136","is_ascension_mode":true,"campfire_choices":[{"data":"Inflame","floor":13,"key":"SMITH"},{"data":"Hemokinesis","floor":15,"key":"SMITH"},{"floor":25,"key":"REST"},{"floor":28,"key":"REST"},{"data":"Hemokinesis","floor":30,"key":"SMITH"},{"data":"Hemokinesis","floor":32,"key":"SMITH"}],"neow_cost":"NONE","seed_source_timestamp":1365721558104600,"circlet_count":0,"master_deck":["AscendersBane","Strike_R+1","Strike_R+1","Strike_R+1","Strike_R+1","Defend_R+1","Defend_R+1","Defend_R+1","Defend_R+1","Bash","Hemokinesis+1","Hemokinesis+1","Blood for Blood","Ghostly Armor+1","Inflame+1","Hemokinesis+1","Battle Trance"],"relics":["Burning Blood","NeowsBlessing","Golden Idol","Shuriken","Self Forming Clay","Smiling Mask","War Paint","Odd Mushroom","Busted Crown","Vajra","Nilry\u0027s Codex","MawBank","Centennial Puzzle","Gremlin Horn"],"potions_floor_usage":[1,16,16,20,23,23,23],"damage_taken":[{"damage":0,"enemies":"2 Louse","floor":1,"turns":1},{"damage":0,"enemies":"3 Sentries","floor":6,"turns":1},{"damage":2,"enemies":"Small Slimes","floor":7,"turns":1},{"damage":9,"enemies":"Gremlin Nob","floor":8,"turns":3},{"damage":2,"enemies":"Cultist","floor":10,"turns":3},{"damage":5,"enemies":"The Mushroom Lair","floor":11,"turns":4},{"damage":4,"enemies":"Large Slime","floor":12,"turns":5},{"damage":33,"enemies":"Hexaghost","floor":16,"turns":6},{"damage":11,"enemies":"Spheric Guardian","floor":18,"turns":5},{"damage":17,"enemies":"2 Thieves","floor":20,"turns":3},{"damage":29,"enemies":"Slavers","floor":23,"turns":6},{"damage":33,"enemies":"Book of Stabbing","floor":27,"turns":4},{"damage":4,"enemies":"Cultist and Chosen","floor":31,"turns":3},{"damage":64,"enemies":"Champ","floor":33,"turns":8}],"seed_played":"4639891702951302709","potions_obtained":[{"floor":1,"key":"EntropicBrew"},{"floor":7,"key":"Block Potion"},{"floor":18,"key":"Explosive Potion"},{"floor":19,"key":"Regen Potion"},{"floor":19,"key":"EntropicBrew"}],"is_trial":false,"path_per_floor":["M","$","?","?","?","E","M","E","T","M","?","M","R","?","R","B",null,"M","?","M","T","?","E","?","R","T","E","R","?","R","M","R","B"],"character_chosen":"IRONCLAD","items_purchased":[],"campfire_rested":2,"item_purchase_floors":[],"current_hp_per_floor":[74,74,74,74,74,75,75,72,72,75,75,75,75,75,75,48,68,63,63,61,61,40,32,32,54,54,27,49,49,49,51,51,0],"gold":611,"neow_bonus":"THREE_ENEMY_KILL","is_prod":false,"is_daily":false,"chose_seed":false,"campfire_upgraded":4,"win_rate":0,"timestamp":1673005296,"path_taken":["M","$","?","?","?","E","M","E","T","?","?","M","R","?","R","BOSS","M","?","?","?","?","E","?","R","T","E","R","?","R","M","R","BOSS"],"build_version":"2022-12-18","purchased_purges":0,"victory":false,"max_hp_per_floor":[75,75,75,75,75,75,75,75,75,75,75,75,75,75,75,75,75,75,75,75,75,75,75,75,75,75,75,75,75,75,75,75,75],"card_choices":[{"not_picked":["Havoc","Heavy Blade"],"picked":"Hemokinesis","floor":1},{"not_picked":["Flame Barrier","Cleave"],"picked":"Hemokinesis","floor":6},{"not_picked":["Flame Barrier","Shrug It Off"],"picked":"Blood for Blood","floor":7},{"not_picked":["Juggernaut","Whirlwind"],"picked":"Ghostly Armor","floor":8},{"not_picked":["Wild Strike","Warcry","Pommel Strike"],"picked":"SKIP","floor":10},{"not_picked":["Rage","Warcry"],"picked":"Inflame","floor":12},{"not_picked":[],"picked":"Hemokinesis","floor":18},{"not_picked":["Burning Pact"],"picked":"SKIP","floor":20},{"not_picked":["Flex+1"],"picked":"SKIP","floor":23},{"not_picked":["Immolate"],"picked":"SKIP","floor":27},{"not_picked":[],"picked":"Battle Trance","floor":31}],"player_experience":1981306,"relics_obtained":[{"floor":6,"key":"Self Forming Clay"},{"floor":8,"key":"Smiling Mask"},{"floor":9,"key":"War Paint"},{"floor":11,"key":"Odd Mushroom"},{"floor":21,"key":"Vajra"},{"floor":22,"key":"Nilry\u0027s Codex"},{"floor":23,"key":"MawBank"},{"floor":26,"key":"Centennial Puzzle"},{"floor":27,"key":"Gremlin Horn"}],"event_choices":[{"damage_healed":0,"gold_gain":0,"player_choice":"Take Wound","damage_taken":0,"relics_obtained":["Golden Idol"],"max_hp_gain":0,"max_hp_loss":0,"event_name":"Golden Idol","floor":3,"gold_loss":0,"cards_obtained":["Injury"]},{"cards_removed":["Injury"],"damage_healed":0,"gold_gain":0,"player_choice":"Card Removal","damage_taken":0,"max_hp_gain":0,"max_hp_loss":0,"event_name":"The Cleric","floor":4,"gold_loss":75},{"damage_healed":0,"gold_gain":0,"player_choice":"Gave Potion","damage_taken":0,"relics_obtained":["Shuriken"],"max_hp_gain":0,"max_hp_loss":0,"event_name":"WeMeetAgain","floor":5,"gold_loss":0},{"damage_healed":0,"gold_gain":0,"player_choice":"Fought Mushrooms","damage_taken":0,"max_hp_gain":0,"max_hp_loss":0,"event_name":"Mushrooms","floor":11,"gold_loss":0},{"cards_removed":["Strike_R"],"damage_healed":0,"gold_gain":0,"player_choice":"Forget","damage_taken":0,"max_hp_gain":0,"max_hp_loss":0,"event_name":"Living Wall","floor":14,"gold_loss":0},{"damage_healed":0,"gold_gain":0,"player_choice":"Got Potions","damage_taken":0,"max_hp_gain":0,"max_hp_loss":0,"event_name":"Lab","floor":19,"gold_loss":0},{"damage_healed":0,"gold_gain":0,"player_choice":"Obtained Book","damage_taken":21,"max_hp_gain":0,"max_hp_loss":0,"event_name":"Cursed Tome","floor":22,"gold_loss":0},{"damage_healed":0,"gold_gain":0,"player_choice":"Simplicity","damage_taken":0,"max_hp_gain":0,"max_hp_loss":0,"event_name":"Back to Basics","floor":24,"gold_loss":0,"cards_upgraded":["Strike_R","Strike_R","Strike_R","Strike_R","Defend_R","Defend_R","Defend_R"]},{"damage_healed":0,"gold_gain":0,"player_choice":"Ignored","damage_taken":0,"max_hp_gain":0,"max_hp_loss":0,"event_name":"Vampires","floor":29,"gold_loss":0}],"is_beta":false,"boss_relics":[{"not_picked":["Fusion Hammer","Sozu"],"picked":"Busted Crown"}],"items_purged_floors":[],"is_endless":false,"potions_floor_spawned":[1,7,10,18],"killed_by":"Champ","ascension_level":20}