{"gold_per_floor":[115,135,135,43,43,43,81,106,158,192,215,215],"floor_reached":12,"playtime":348,"items_purged":[],"score":226,"play_id":"4faf62bd-5b26-4b39-9d71-9922dc1c0446","local_time":"20230116202337","is_ascension_mode":true,"campfire_choices":[{"data":"Trip","floor":6,"key":"SMITH"}],"neow_cost":"NONE","seed_source_timestamp":4455289669600,"circlet_count":0,"master_deck":["AscendersBane","Strike_R","Strike_R","Strike_R","Strike_R","Defend_R","Defend_R","Defend_R","Defend_R","Bash","Clash","Evolve","Injury","Trip+1","Flame Barrier","True Grit","Wild Strike","Feel No Pain"],"relics":["Burning Blood","NeowsBlessing","Golden Idol","Bronze Scales","Strawberry","Centennial Puzzle"],"potions_floor_usage":[11,12],"damage_taken":[{"damage":2,"enemies":"2 Louse","floor":1,"turns":2},{"damage":0,"enemies":"Small Slimes","floor":2,"turns":1},{"damage":0,"enemies":"Lagavulin","floor":7,"turns":1},{"damage":12,"enemies":"Cultist","floor":8,"turns":4},{"damage":30,"enemies":"3 Sentries","floor":10,"turns":8},{"damage":16,"enemies":"Large Slime","floor":11,"turns":5},{"damage":66,"enemies":"Lagavulin","floor":12,"turns":12}],"seed_played":"5127818416291309292","potions_obtained":[{"floor":2,"key":"Weak Potion"},{"floor":8,"key":"Regen Potion"},{"floor":10,"key":"SteroidPotion"}],"is_trial":false,"path_per_floor":["M","M","?","$","?","R","E","M","T","E","M","E"],"character_chosen":"IRONCLAD","items_purchased":["Trip"],"campfire_rested":0,"item_purchase_floors":[4],"current_hp_per_floor":[72,75,75,75,75,75,75,69,76,52,42,0],"gold":215,"neow_bonus":"THREE_ENEMY_KILL","is_prod":false,"is_daily":false,"chose_seed":false,"campfire_upgraded":1,"win_rate":0,"timestamp":1673897017,"path_taken":["M","M","?","$","?","R","E","M","T","E","M","E"],"build_version":"2022-12-18","purchased_purges":0,"victory":false,"max_hp_per_floor":[75,75,75,75,75,75,75,75,82,82,82,82],"card_choices":[{"not_picked":["Havoc","Anger"],"picked":"Clash","floor":1},{"not_picked":["Armaments","Hemokinesis"],"picked":"Evolve","floor":2},{"not_picked":["Sword Boomerang","Twin Strike","Rupture"],"picked":"SKIP","floor":7},{"not_picked":["Entrench","Hemokinesis"],"picked":"True Grit","floor":8},{"not_picked":["Bloodletting","Bludgeon"],"picked":"Wild Strike","floor":10},{"not_picked":["Twin Strike","Body Slam"],"picked":"Feel No Pain","floor":11}],"player_experience":1998594,"relics_obtained":[{"floor":7,"key":"Bronze Scales"},{"floor":9,"key":"Strawberry"},{"floor":10,"key":"Centennial Puzzle"}],"event_choices":[{"damage_healed":0,"gold_gain":0,"player_choice":"Take Wound","damage_taken":0,"relics_obtained":["Golden Idol"],"max_hp_gain":0,"max_hp_loss":0,"event_name":"Golden Idol","floor":3,"gold_loss":0,"cards_obtained":["Injury"]},{"damage_healed":0,"gold_gain":0,"cards_transformed":["Strike_R"],"player_choice":"Transformed","damage_taken":0,"max_hp_gain":0,"max_hp_loss":0,"event_name":"Transmorgrifier","floor":5,"gold_loss":0,"cards_obtained":["Flame Barrier"]}],"is_beta":false,"boss_relics":[],"items_purged_floors":[],"is_endless":false,"potions_floor_spawned":[2,8,10],"killed_by":"Lagavulin","ascension_level":20}