{"gold_per_floor":[109,109,119,32,32,62,77,91,118,78,78,153,35,47,47,126,126,100,0,0,0,15,15],"floor_reached":23,"playtime":654,"items_purged":["Regret","Strike_R"],"score":378,"play_id":"e3a414d6-832d-457f-b821-91bcfff08ef1","local_time":"20230116201047","is_ascension_mode":true,"campfire_choices":[{"data":"Demon Form","floor":15,"key":"SMITH"}],"neow_cost":"TEN_PERCENT_HP_LOSS","seed_source_timestamp":3378806013600,"circlet_count":0,"master_deck":["AscendersBane","Strike_R+1","Strike_R+1","Strike_R+1","Strike_R+1","Defend_R+1","Defend_R+1","Defend_R+1","Defend_R+1","Bash","Entrench","Demon Form+1","Feel No Pain","Warcry","Barricade","Metallicize","Infernal Blade","Offering"],"relics":["Burning Blood","Gambling Chip","War Paint","Potion Belt","Toy Ornithopter","Pen Nib","SacredBark"],"potions_floor_usage":[10,16,22],"damage_taken":[{"damage":18,"enemies":"Small Slimes","floor":1,"turns":5},{"damage":1,"enemies":"Cultist","floor":3,"turns":3},{"damage":14,"enemies":"Lagavulin","floor":6,"turns":7},{"damage":12,"enemies":"Jaw Worm","floor":7,"turns":6},{"damage":11,"enemies":"3 Louse","floor":8,"turns":5},{"damage":3,"enemies":"Looter","floor":10,"turns":4},{"damage":7,"enemies":"Blue Slaver","floor":14,"turns":8},{"damage":27,"enemies":"Hexaghost","floor":16,"turns":8},{"damage":39,"enemies":"2 Thieves","floor":18,"turns":4},{"damage":33,"enemies":"Shell Parasite","floor":22,"turns":11},{"damage":36,"enemies":"Gremlin Leader","floor":23,"turns":2}],"seed_played":"7479675728390326200","potions_obtained":[{"floor":6,"key":"BloodPotion"},{"floor":7,"key":"SteroidPotion"},{"floor":8,"key":"PowerPotion"}],"is_trial":false,"path_per_floor":["M","?","M","$","?","E","M","M","T","M","?","?","$","M","R","B",null,"M","$","?","?","M","E"],"character_chosen":"IRONCLAD","items_purchased":["Demon Form","Metallicize"],"campfire_rested":0,"item_purchase_floors":[4,13],"current_hp_per_floor":[56,51,56,56,68,60,54,49,49,57,57,46,46,45,45,29,58,25,25,25,25,30,0],"gold":15,"neow_bonus":"ONE_RARE_RELIC","is_prod":false,"is_daily":false,"chose_seed":false,"campfire_upgraded":1,"win_rate":0,"timestamp":1673896247,"path_taken":["M","?","M","$","?","E","M","?","T","M","?","?","$","M","R","BOSS","M","$","?","?","M","E"],"build_version":"2022-12-18","purchased_purges":2,"victory":false,"max_hp_per_floor":[68,68,68,68,68,68,68,68,68,68,68,68,68,68,68,68,68,68,68,68,68,68,68],"card_choices":[{"not_picked":["Headbutt","Power Through","Anger"],"picked":"SKIP","floor":1},{"not_picked":["Havoc","Perfected Strike"],"picked":"Entrench","floor":3},{"not_picked":["Havoc","Perfected Strike","Headbutt"],"picked":"SKIP","floor":6},{"not_picked":["Warcry","Clothesline"],"picked":"Feel No Pain","floor":7},{"not_picked":["Carnage","Flex"],"picked":"Warcry","floor":8},{"not_picked":["Seeing Red","Clothesline"],"picked":"Barricade","floor":10},{"not_picked":["Perfected Strike","Clash"],"picked":"Infernal Blade","floor":14},{"not_picked":["Berserk","Reaper"],"picked":"Offering","floor":16},{"not_picked":["Dual Wield+1","Cleave","Rampage"],"picked":"SKIP","floor":18},{"not_picked":["Wild Strike","Iron Wave","Clash"],"picked":"SKIP","floor":22}],"player_experience":1997540,"relics_obtained":[{"floor":6,"key":"Potion Belt"},{"floor":9,"key":"Toy Ornithopter"}],"event_choices":[{"damage_healed":0,"gold_gain":0,"player_choice":"Success","damage_taken":5,"relics_obtained":["War Paint"],"max_hp_gain":0,"max_hp_loss":0,"event_name":"Scrap Ooze","floor":2,"gold_loss":0},{"damage_healed":12,"gold_gain":0,"player_choice":"Full Heal","damage_taken":0,"max_hp_gain":0,"max_hp_loss":0,"event_name":"Wheel of Change","floor":5,"gold_loss":0},{"damage_healed":0,"gold_gain":0,"player_choice":"Box","damage_taken":0,"relics_obtained":["Pen Nib"],"max_hp_gain":0,"max_hp_loss":0,"event_name":"Big Fish","floor":11,"gold_loss":0,"cards_obtained":["Regret"]},{"damage_healed":0,"gold_gain":75,"player_choice":"Gather Gold","damage_taken":11,"max_hp_gain":0,"max_hp_loss":0,"event_name":"World of Goop","floor":12,"gold_loss":0},{"damage_healed":0,"gold_gain":0,"player_choice":"Ignored","damage_taken":0,"max_hp_gain":0,"max_hp_loss":0,"event_name":"Ghosts","floor":20,"gold_loss":0},{"damage_healed":0,"gold_gain":0,"player_choice":"Simplicity","damage_taken":0,"max_hp_gain":0,"max_hp_loss":0,"event_name":"Back to Basics","floor":21,"gold_loss":0,"cards_upgraded":["Strike_R","Strike_R","Strike_R","Strike_R","Defend_R","Defend_R"]}],"is_beta":false,"boss_relics":[{"not_picked":["Sozu","Cursed Key"],"picked":"SacredBark"}],"items_purged_floors":[13,19],"is_endless":false,"potions_floor_spawned":[6,7,8],"killed_by":"Gremlin Leader","ascension_level":20}