{"gold_per_floor":[19,39,114,114,125,125,125,166,166,166,184,184,204,240,240,240],"floor_reached":16,"playtime":472,"items_purged":[],"score":220,"play_id":"3f5d6908-4036-4c47-b60a-dab630fdfa3d","local_time":"20230114221149","is_ascension_mode":true,"campfire_choices":[{"data":"Uppercut","floor":6,"key":"SMITH"},{"floor":10,"key":"REST"},{"data":"Disarm","floor":15,"key":"SMITH"}],"neow_cost":"NO_GOLD","seed_source_timestamp":357030606791400,"circlet_count":0,"master_deck":["AscendersBane","Strike_R","Strike_R","Strike_R","Strike_R","Strike_R","Defend_R","Defend_R","Defend_R","Defend_R","Bash","Disarm+1","Uppercut+1","Injury","Feel No Pain","Disarm","Reaper"],"relics":["Burning Blood","Gambling Chip","Golden Idol","Mango","Gremlin Horn","Meat on the Bone","MealTicket"],"potions_floor_usage":[13,14,16],"damage_taken":[{"damage":8,"enemies":"Cultist","floor":1,"turns":5},{"damage":1,"enemies":"Small Slimes","floor":2,"turns":4},{"damage":7,"enemies":"2 Louse","floor":5,"turns":3},{"damage":52,"enemies":"3 Sentries","floor":8,"turns":12},{"damage":8,"enemies":"Exordium Wildlife","floor":11,"turns":5},{"damage":10,"enemies":"Exordium Thugs","floor":13,"turns":5},{"damage":26,"enemies":"Gremlin Nob","floor":14,"turns":6},{"damage":53,"enemies":"Hexaghost","floor":16,"turns":14}],"seed_played":"832178624787287883","potions_obtained":[{"floor":5,"key":"FearPotion"},{"floor":11,"key":"BlessingOfTheForge"},{"floor":14,"key":"EssenceOfSteel"}],"is_trial":false,"path_per_floor":["M","M","?","?","M","R","?","E","T","R","M","T","M","E","R","B"],"character_chosen":"IRONCLAD","items_purchased":[],"campfire_rested":1,"item_purchase_floors":[],"current_hp_per_floor":[66,71,60,65,64,64,64,32,32,60,58,58,54,46,46,0],"gold":240,"neow_bonus":"ONE_RARE_RELIC","is_prod":false,"is_daily":false,"chose_seed":false,"campfire_upgraded":2,"win_rate":0,"timestamp":1673730709,"path_taken":["M","M","?","?","M","R","?","E","T","R","M","?","M","E","R","BOSS"],"build_version":"2022-12-18","purchased_purges":0,"victory":false,"max_hp_per_floor":[75,75,75,80,80,80,80,94,94,94,94,94,94,94,94,94],"card_choices":[{"not_picked":["Thunderclap","Flex"],"picked":"Disarm","floor":1},{"not_picked":["Flex","Warcry"],"picked":"Uppercut","floor":2},{"not_picked":["True Grit","Infernal Blade","Thunderclap"],"picked":"SKIP","floor":5},{"not_picked":["Shockwave","Battle Trance"],"picked":"Feel No Pain","floor":8},{"not_picked":["Sever Soul","Body Slam"],"picked":"Disarm","floor":11},{"not_picked":["Headbutt","Battle Trance","Anger"],"picked":"SKIP","floor":13},{"not_picked":["Shrug It Off","Body Slam"],"picked":"Reaper","floor":14}],"player_experience":1987943,"relics_obtained":[{"floor":8,"key":"Mango"},{"floor":9,"key":"Gremlin Horn"},{"floor":12,"key":"Meat on the Bone"},{"floor":14,"key":"MealTicket"}],"event_choices":[{"damage_healed":0,"gold_gain":75,"player_choice":"Gather Gold","damage_taken":11,"max_hp_gain":0,"max_hp_loss":0,"event_name":"World of Goop","floor":3,"gold_loss":0},{"damage_healed":0,"gold_gain":0,"player_choice":"Donut","damage_taken":0,"max_hp_gain":5,"max_hp_loss":0,"event_name":"Big Fish","floor":4,"gold_loss":0},{"damage_healed":0,"gold_gain":0,"player_choice":"Take Wound","damage_taken":0,"relics_obtained":["Golden Idol"],"max_hp_gain":0,"max_hp_loss":0,"event_name":"Golden Idol","floor":7,"gold_loss":0,"cards_obtained":["Injury"]}],"is_beta":false,"boss_relics":[],"items_purged_floors":[],"is_endless":false,"potions_floor_spawned":[5,11,14],"killed_by":"Hexaghost","ascension_level":20}