{"gold_per_floor":[119,269,239,251,52,62,120,120],"floor_reached":8,"playtime":222,"items_purged":[],"score":92,"play_id":"33eceb0c-b7f8-410e-b95c-2eb7c9876b4b","local_time":"20230107154450","is_ascension_mode":true,"campfire_choices":[],"neow_cost":"NONE","seed_source_timestamp":1463790340867800,"circlet_count":0,"master_deck":["AscendersBane","Strike_R","Strike_R","Strike_R","Strike_R","Strike_R","Defend_R","Defend_R","Defend_R","Defend_R","Bash","Disarm","Doubt","Rupture","Apotheosis","Dropkick"],"relics":["Burning Blood","NeowsBlessing","Bottled Tornado"],"potions_floor_usage":[7,8],"damage_taken":[{"damage":0,"enemies":"Jaw Worm","floor":1,"turns":1},{"damage":0,"enemies":"2 Louse","floor":4,"turns":1},{"damage":0,"enemies":"Cultist","floor":6,"turns":1},{"damage":46,"enemies":"3 Sentries","floor":7,"turns":10},{"damage":43,"enemies":"3 Sentries","floor":8,"turns":6}],"seed_played":"-3462063608952888936","potions_obtained":[{"floor":3,"key":"DuplicationPotion"},{"floor":3,"key":"FearPotion"},{"floor":4,"key":"AttackPotion"}],"is_trial":false,"path_per_floor":["M","?","?","M","$","M","?","E"],"character_chosen":"IRONCLAD","items_purchased":["Apotheosis"],"campfire_rested":0,"item_purchase_floors":[5],"current_hp_per_floor":[74,74,74,75,75,75,35,0],"gold":120,"neow_bonus":"THREE_ENEMY_KILL","is_prod":false,"is_daily":false,"chose_seed":false,"campfire_upgraded":0,"win_rate":0,"timestamp":1673102690,"path_taken":["M","?","?","?","$","M","?","E"],"build_version":"2022-12-18","purchased_purges":0,"victory":false,"max_hp_per_floor":[75,75,75,75,75,75,75,75],"card_choices":[{"not_picked":["Clothesline","Ghostly Armor"],"picked":"Disarm","floor":1},{"not_picked":["Heavy Blade","Flex"],"picked":"Rupture","floor":4},{"not_picked":["Burning Pact","Power Through"],"picked":"Dropkick","floor":6}],"player_experience":1984080,"relics_obtained":[{"floor":7,"key":"Bottled Tornado"}],"event_choices":[{"damage_healed":0,"gold_gain":150,"player_choice":"AGREE","damage_taken":0,"max_hp_gain":0,"max_hp_loss":0,"event_name":"Liars Game","floor":2,"gold_loss":0,"cards_obtained":["Doubt"]},{"damage_healed":0,"gold_gain":0,"player_choice":"Bought 2 Potions","damage_taken":0,"max_hp_gain":0,"max_hp_loss":0,"event_name":"The Woman in Blue","floor":3,"gold_loss":0},{"damage_healed":0,"gold_gain":0,"player_choice":"Searched \u00271\u0027 times","damage_taken":0,"max_hp_gain":0,"max_hp_loss":0,"event_name":"Dead Adventurer","floor":7,"gold_loss":0}],"is_beta":false,"boss_relics":[],"items_purged_floors":[],"is_endless":false,"potions_floor_spawned":[4],"killed_by":"3 Sentries","ascension_level":20}