{"gold_per_floor":[117,141,66,66,85,119,119,119],"floor_reached":8,"playtime":182,"items_purged":[],"score":158,"play_id":"afc3c96f-df69-46ef-b22d-3121a7364310","local_time":"20230117172550","is_ascension_mode":true,"campfire_choices":[],"neow_cost":"NONE","seed_source_timestamp":80354704363200,"circlet_count":0,"master_deck":["AscendersBane","Strike_R","Strike_R+1","Strike_R+1","Defend_R","Defend_R","Defend_R","Defend_R","Bash","Havoc","Wild Strike"],"relics":["Burning Blood","NeowsBlessing","Whetstone","The Courier"],"potions_floor_usage":[8],"damage_taken":[{"damage":0,"enemies":"Cultist","floor":1,"turns":1},{"damage":0,"enemies":"Jaw Worm","floor":5,"turns":1},{"damage":0,"enemies":"Gremlin Nob","floor":6,"turns":1},{"damage":75,"enemies":"3 Sentries","floor":8,"turns":12}],"seed_played":"-3749881615996447306","potions_obtained":[{"floor":5,"key":"Swift Potion"},{"floor":6,"key":"LiquidBronze"}],"is_trial":false,"path_per_floor":["M","T","?","?","M","E","?","E"],"character_chosen":"IRONCLAD","items_purchased":[],"campfire_rested":0,"item_purchase_floors":[],"current_hp_per_floor":[74,74,74,75,75,75,75,0],"gold":119,"neow_bonus":"THREE_ENEMY_KILL","is_prod":false,"is_daily":false,"chose_seed":false,"campfire_upgraded":0,"win_rate":0,"timestamp":1673972750,"path_taken":["M","?","?","?","?","E","?","E"],"build_version":"2022-12-18","purchased_purges":0,"victory":false,"max_hp_per_floor":[75,75,75,75,75,75,75,75],"card_choices":[{"not_picked":["Clash","Dual Wield"],"picked":"Havoc","floor":1},{"not_picked":["Flex","Power Through"],"picked":"Wild Strike","floor":5},{"not_picked":["True Grit","Burning Pact","Power Through"],"picked":"SKIP","floor":6}],"player_experience":2002019,"relics_obtained":[{"floor":2,"key":"Whetstone"},{"floor":6,"key":"The Courier"}],"event_choices":[{"cards_removed":["Strike_R"],"damage_healed":0,"gold_gain":0,"player_choice":"Card Removal","damage_taken":0,"max_hp_gain":0,"max_hp_loss":0,"event_name":"The Cleric","floor":3,"gold_loss":75},{"damage_healed":1,"gold_gain":0,"player_choice":"Full Heal","damage_taken":0,"max_hp_gain":0,"max_hp_loss":0,"event_name":"Wheel of Change","floor":4,"gold_loss":0},{"cards_removed":["Strike_R"],"damage_healed":0,"gold_gain":0,"player_choice":"Purged","damage_taken":0,"max_hp_gain":0,"max_hp_loss":0,"event_name":"Purifier","floor":7,"gold_loss":0}],"is_beta":false,"boss_relics":[],"items_purged_floors":[],"is_endless":false,"potions_floor_spawned":[5,6],"killed_by":"3 Sentries","ascension_level":20}