{"gold_per_floor":[115,125,138,208,44,75,75,103,181,181,196,196,196,206,206,206],"floor_reached":16,"playtime":344,"items_purged":[],"score":220,"play_id":"d532ddfd-4366-4ff0-8065-8d6ca4bc1895","local_time":"20230114214739","is_ascension_mode":true,"campfire_choices":[{"data":"Barricade","floor":7,"key":"SMITH"},{"data":"Shrug It Off","floor":15,"key":"SMITH"}],"neow_cost":"NONE","seed_source_timestamp":355708143015200,"circlet_count":0,"master_deck":["AscendersBane","Strike_R","Strike_R","Strike_R","Strike_R","Strike_R","Defend_R","Defend_R","Defend_R","Defend_R","Bash","Clash","Shrug It Off+1","Cleave","Barricade+1","Body Slam","Ghostly Armor"],"relics":["Burning Blood","NeowsBlessing","Red Skull","FossilizedHelix","Bronze Scales","Mummified Hand","Paper Frog","Akabeko"],"potions_floor_usage":[6,16],"damage_taken":[{"damage":0,"enemies":"Cultist","floor":1,"turns":1},{"damage":0,"enemies":"2 Louse","floor":2,"turns":1},{"damage":0,"enemies":"Small Slimes","floor":3,"turns":1},{"damage":32,"enemies":"3 Sentries","floor":6,"turns":9},{"damage":48,"enemies":"Gremlin Nob","floor":8,"turns":5},{"damage":0,"enemies":"Gremlin Gang","floor":11,"turns":3},{"damage":0,"enemies":"Blue Slaver","floor":14,"turns":2},{"damage":17,"enemies":"Hexaghost","floor":16,"turns":9}],"seed_played":"5478340409401331213","potions_obtained":[{"floor":3,"key":"Block Potion"},{"floor":6,"key":"PowerPotion"}],"is_trial":false,"path_per_floor":["M","M","M","?","$","E","R","E","T","?","M","?","T","M","R","B"],"character_chosen":"IRONCLAD","items_purchased":["Red Skull"],"campfire_rested":0,"item_purchase_floors":[5],"current_hp_per_floor":[74,75,75,75,75,49,49,7,7,7,13,8,8,14,14,0],"gold":206,"neow_bonus":"THREE_ENEMY_KILL","is_prod":false,"is_daily":false,"chose_seed":false,"campfire_upgraded":2,"win_rate":0,"timestamp":1673729259,"path_taken":["M","M","?","?","$","E","R","E","T","?","?","?","?","M","R","BOSS"],"build_version":"2022-12-18","purchased_purges":0,"victory":false,"max_hp_per_floor":[75,75,75,75,75,75,75,75,75,75,75,75,75,75,75,75],"card_choices":[{"not_picked":["Armaments","Heavy Blade"],"picked":"Clash","floor":1},{"not_picked":["Evolve","Sword Boomerang"],"picked":"Shrug It Off","floor":2},{"not_picked":["Wild Strike","Havoc"],"picked":"Cleave","floor":3},{"not_picked":["Feel No Pain","Clothesline"],"picked":"Barricade","floor":6},{"not_picked":["Twin Strike","Bludgeon","Havoc"],"picked":"SKIP","floor":8},{"not_picked":["Anger","Seeing Red","Flex"],"picked":"SKIP","floor":11},{"not_picked":["Warcry","Sword Boomerang"],"picked":"Ghostly Armor","floor":14}],"player_experience":1986653,"relics_obtained":[{"floor":6,"key":"FossilizedHelix"},{"floor":8,"key":"Bronze Scales"},{"floor":9,"key":"Mummified Hand"},{"floor":13,"key":"Akabeko"}],"event_choices":[{"damage_healed":0,"gold_gain":70,"player_choice":"Gained Gold","damage_taken":0,"max_hp_gain":0,"max_hp_loss":0,"event_name":"Golden Wing","floor":4,"gold_loss":0},{"damage_healed":0,"gold_gain":0,"player_choice":"1 cards matched","damage_taken":0,"max_hp_gain":0,"max_hp_loss":0,"event_name":"Match and Keep!","floor":10,"gold_loss":0,"cards_obtained":["Body Slam"]},{"damage_healed":0,"gold_gain":0,"player_choice":"Success","damage_taken":5,"relics_obtained":["Paper Frog"],"max_hp_gain":0,"max_hp_loss":0,"event_name":"Scrap Ooze","floor":12,"gold_loss":0}],"is_beta":false,"boss_relics":[],"items_purged_floors":[],"is_endless":false,"potions_floor_spawned":[3,6],"killed_by":"Hexaghost","ascension_level":20}