{"gold_per_floor":[118,118,30,30,30,30,65,65,65,65,99,99],"floor_reached":12,"playtime":171,"items_purged":[],"score":164,"play_id":"5a02fd25-7070-4058-891f-f4e1b06bdd76","local_time":"20230114221447","is_ascension_mode":true,"campfire_choices":[{"data":"Sadistic Nature","floor":6,"key":"SMITH"},{"data":"Shockwave","floor":8,"key":"SMITH"},{"floor":10,"key":"REST"}],"neow_cost":"CURSE","seed_source_timestamp":357509533299500,"circlet_count":0,"master_deck":["AscendersBane","Strike_R","Strike_R","Strike_R+1","Strike_R","Defend_R","Defend_R","Defend_R","Defend_R","Bash","Sadistic Nature+1","Cleave+1","Shockwave+1"],"relics":["Burning Blood","Juzu Bracelet","Whetstone","Singing Bowl"],"potions_floor_usage":[7],"damage_taken":[{"damage":6,"enemies":"Small Slimes","floor":1,"turns":5},{"damage":30,"enemies":"Lagavulin","floor":7,"turns":6},{"damage":58,"enemies":"Gremlin Nob","floor":11,"turns":5},{"damage":10,"enemies":"2 Louse","floor":12,"turns":2}],"seed_played":"2475846004462804288","potions_obtained":[{"floor":1,"key":"DuplicationPotion"}],"is_trial":false,"path_per_floor":["M","?","$","?","$","R","E","R","T","R","E","M"],"character_chosen":"IRONCLAD","items_purchased":["Shockwave"],"campfire_rested":1,"item_purchase_floors":[3],"current_hp_per_floor":[68,68,68,61,61,61,37,37,37,59,9,0],"gold":99,"neow_bonus":"RANDOM_COLORLESS_2","is_prod":false,"is_daily":false,"chose_seed":false,"campfire_upgraded":2,"win_rate":0,"timestamp":1673730887,"path_taken":["M","?","$","?","$","R","E","R","T","R","E","M"],"build_version":"2022-12-18","purchased_purges":0,"victory":false,"max_hp_per_floor":[75,75,75,75,75,75,75,75,75,75,77,77],"card_choices":[{"not_picked":["Transmutation","Apotheosis"],"picked":"Sadistic Nature","floor":0},{"not_picked":["Headbutt","Havoc"],"picked":"Cleave","floor":1},{"not_picked":["Armaments","True Grit","Warcry"],"picked":"SKIP","floor":7},{"not_picked":["Blood for Blood","Perfected Strike","Shrug It Off"],"picked":"Singing Bowl","floor":11}],"player_experience":1988415,"relics_obtained":[{"floor":7,"key":"Juzu Bracelet"},{"floor":9,"key":"Whetstone"},{"floor":11,"key":"Singing Bowl"}],"event_choices":[{"cards_removed":["Shame"],"damage_healed":0,"gold_gain":0,"player_choice":"Forget","damage_taken":0,"max_hp_gain":0,"max_hp_loss":0,"event_name":"Living Wall","floor":2,"gold_loss":0},{"cards_removed":["Strike_R"],"damage_healed":0,"gold_gain":0,"player_choice":"Card Removal","damage_taken":7,"max_hp_gain":0,"max_hp_loss":0,"event_name":"Golden Wing","floor":4,"gold_loss":0}],"is_beta":false,"boss_relics":[],"items_purged_floors":[],"is_endless":false,"potions_floor_spawned":[1],"killed_by":"2 Louse","ascension_level":20}