{"gold_per_floor":[109,259,259,271,271,271,291,291,343,377,377,396,428,428],"floor_reached":14,"playtime":217,"items_purged":[],"score":196,"play_id":"d64cc417-8caa-4441-a620-c085927f99c4","local_time":"20230106131541","is_ascension_mode":true,"campfire_choices":[{"data":"Bash","floor":6,"key":"SMITH"},{"data":"Warcry","floor":8,"key":"SMITH"},{"floor":11,"key":"REST"}],"neow_cost":"NONE","seed_source_timestamp":1368444383394300,"circlet_count":0,"master_deck":["AscendersBane","Strike_R","Strike_R","Strike_R","Strike_R+1","Strike_R","Defend_R","Defend_R","Defend_R","Defend_R","Bash+1","Whirlwind+1","Warcry+1","Juggernaut","Feel No Pain"],"relics":["Burning Blood","NeowsBlessing","MealTicket","Juzu Bracelet","Bag of Preparation"],"potions_floor_usage":[13,13],"damage_taken":[{"damage":0,"enemies":"2 Louse","floor":1,"turns":1},{"damage":0,"enemies":"Small Slimes","floor":4,"turns":1},{"damage":0,"enemies":"Jaw Worm","floor":7,"turns":1},{"damage":32,"enemies":"Gremlin Nob","floor":10,"turns":4},{"damage":6,"enemies":"3 Louse","floor":12,"turns":2},{"damage":25,"enemies":"Lagavulin","floor":13,"turns":7},{"damage":18,"enemies":"Large Slime","floor":14,"turns":2}],"seed_played":"8674502128549907995","potions_obtained":[{"floor":4,"key":"SkillPotion"},{"floor":7,"key":"Swift Potion"},{"floor":12,"key":"DuplicationPotion"}],"is_trial":false,"path_per_floor":["M","?","?","M","?","R","M","R","T","E","R","M","E","M"],"character_chosen":"IRONCLAD","items_purchased":[],"campfire_rested":1,"item_purchase_floors":[],"current_hp_per_floor":[74,74,67,73,50,50,56,56,56,30,52,52,33,15],"gold":428,"neow_bonus":"THREE_ENEMY_KILL","is_prod":false,"is_daily":false,"chose_seed":false,"campfire_upgraded":2,"win_rate":0,"timestamp":1673007341,"path_taken":["M","?","?","M","?","R","?","R","T","E","R","M","E","M"],"build_version":"2022-12-18","purchased_purges":0,"victory":false,"max_hp_per_floor":[75,75,75,75,75,75,75,75,75,75,75,75,75,75],"card_choices":[{"not_picked":["Wild Strike","Entrench"],"picked":"Whirlwind","floor":1},{"not_picked":["Twin Strike","Dual Wield","Heavy Blade"],"picked":"SKIP","floor":4},{"not_picked":["Infernal Blade","Pommel Strike"],"picked":"Warcry","floor":7},{"not_picked":["Pommel Strike","Thunderclap"],"picked":"Juggernaut","floor":10},{"not_picked":["Iron Wave","Warcry","Power Through"],"picked":"SKIP","floor":12},{"not_picked":["Immolate","Iron Wave"],"picked":"Feel No Pain","floor":13}],"player_experience":1983863,"relics_obtained":[{"floor":9,"key":"MealTicket"},{"floor":10,"key":"Juzu Bracelet"},{"floor":13,"key":"Bag of Preparation"}],"event_choices":[{"damage_healed":0,"gold_gain":150,"player_choice":"AGREE","damage_taken":0,"max_hp_gain":0,"max_hp_loss":0,"event_name":"Liars Game","floor":2,"gold_loss":0,"cards_obtained":["Doubt"]},{"cards_removed":["Doubt"],"damage_healed":0,"gold_gain":0,"player_choice":"Card Removal","damage_taken":7,"max_hp_gain":0,"max_hp_loss":0,"event_name":"Golden Wing","floor":3,"gold_loss":0},{"damage_healed":0,"gold_gain":0,"player_choice":"Entered Light","damage_taken":23,"max_hp_gain":0,"max_hp_loss":0,"event_name":"Shining Light","floor":5,"gold_loss":0,"cards_upgraded":["Strike_R","Whirlwind"]}],"is_beta":false,"boss_relics":[],"items_purged_floors":[],"is_endless":false,"potions_floor_spawned":[4,7,12],"killed_by":"Large Slime","ascension_level":20}