{"gold_per_floor":[116,24,34,34,34,61,61,89,136,136,166,216,216,227,227,301,301,301],"floor_reached":18,"playtime":427,"items_purged":[],"score":382,"play_id":"f2bab3c7-1afd-47c7-b763-93dfc91f2a32","local_time":"20230106130224","is_ascension_mode":true,"campfire_choices":[{"data":"Discovery","floor":7,"key":"SMITH"},{"data":"Inflame","floor":13,"key":"SMITH"},{"data":"Inflame","floor":15,"key":"SMITH"}],"neow_cost":"NONE","seed_source_timestamp":1367438772557000,"circlet_count":0,"master_deck":["AscendersBane","Strike_R","Strike_R","Strike_R","Defend_R","Defend_R","Defend_R","Defend_R","Bash","Inflame+1","Discovery+1","Cleave","Inflame+1","Berserk"],"relics":["Burning Blood","NeowsBlessing","Vajra","Juzu Bracelet","Tiny Chest","Empty Cage"],"potions_floor_usage":[16,16],"damage_taken":[{"damage":0,"enemies":"Small Slimes","floor":1,"turns":1},{"damage":0,"enemies":"Cultist","floor":3,"turns":1},{"damage":0,"enemies":"Lagavulin","floor":6,"turns":1},{"damage":56,"enemies":"Gremlin Nob","floor":8,"turns":5},{"damage":4,"enemies":"Jaw Worm","floor":14,"turns":3},{"damage":41,"enemies":"The Guardian","floor":16,"turns":13},{"damage":57,"enemies":"Shell Parasite","floor":18,"turns":5}],"seed_played":"-3644808874100963356","potions_obtained":[{"floor":1,"key":"SkillPotion"},{"floor":3,"key":"Strength Potion"}],"is_trial":false,"path_per_floor":["M","$","M","?","$","E","R","E","T","?","?","?","R","M","R","B",null,"M"],"character_chosen":"IRONCLAD","items_purchased":["Discovery"],"campfire_rested":0,"item_purchase_floors":[2],"current_hp_per_floor":[74,74,75,68,68,74,74,24,24,42,42,42,42,44,44,9,56,0],"gold":301,"neow_bonus":"THREE_ENEMY_KILL","is_prod":false,"is_daily":false,"chose_seed":false,"campfire_upgraded":3,"win_rate":0,"timestamp":1673006544,"path_taken":["M","$","M","?","$","E","R","E","T","?","?","?","R","M","R","BOSS","M"],"build_version":"2022-12-18","purchased_purges":0,"victory":false,"max_hp_per_floor":[75,75,75,75,75,75,75,75,75,75,75,75,75,75,75,75,72,72],"card_choices":[{"not_picked":["Uppercut","Armaments"],"picked":"Inflame","floor":1},{"not_picked":["Pummel","Warcry"],"picked":"Cleave","floor":3},{"not_picked":["Clash","Iron Wave","Twin Strike"],"picked":"SKIP","floor":6},{"not_picked":["Searing Blow","Body Slam","Wild Strike"],"picked":"SKIP","floor":8},{"not_picked":["Wild Strike","Sword Boomerang"],"picked":"Inflame","floor":14},{"not_picked":["Immolate","Exhume"],"picked":"Berserk","floor":16}],"player_experience":1982981,"relics_obtained":[{"floor":6,"key":"Vajra"},{"floor":8,"key":"Juzu Bracelet"},{"floor":9,"key":"Tiny Chest"}],"event_choices":[{"cards_removed":["Strike_R"],"damage_healed":0,"gold_gain":0,"player_choice":"Card Removal","damage_taken":7,"max_hp_gain":0,"max_hp_loss":0,"event_name":"Golden Wing","floor":4,"gold_loss":0},{"damage_healed":18,"gold_gain":0,"player_choice":"Healed and dodged fight","damage_taken":0,"max_hp_gain":0,"max_hp_loss":0,"event_name":"Mushrooms","floor":10,"gold_loss":0,"cards_obtained":["Parasite"]},{"damage_healed":0,"gold_gain":30,"player_choice":"Searched \u00271\u0027 times","damage_taken":0,"max_hp_gain":0,"max_hp_loss":0,"event_name":"Dead Adventurer","floor":11,"gold_loss":0},{"damage_healed":0,"gold_gain":50,"player_choice":"Pray","damage_taken":0,"max_hp_gain":0,"max_hp_loss":0,"event_name":"Golden Shrine","floor":12,"gold_loss":0}],"is_beta":false,"boss_relics":[{"not_picked":["Runic Pyramid","Mark of Pain"],"picked":"Empty Cage"}],"items_purged_floors":[],"is_endless":false,"potions_floor_spawned":[1,3,6,14],"killed_by":"Shell Parasite","ascension_level":20}