{"gold_per_floor":[115,115,127,127,127,159,159,185,212,238,2,14,0,0],"floor_reached":14,"playtime":400,"items_purged":[],"score":212,"play_id":"244af1e8-18f7-4880-b4c5-5afa69c309eb","local_time":"20230116201739","is_ascension_mode":true,"campfire_choices":[{"floor":7,"key":"REST"}],"neow_cost":"PERCENT_DAMAGE","seed_source_timestamp":4045142773400,"circlet_count":0,"master_deck":["AscendersBane","Strike_R","Strike_R","Strike_R","Strike_R","Defend_R","Defend_R","Defend_R","Defend_R","Bash","Mayhem","Feel No Pain","Inflame+1","Ghostly Armor","Dropkick","Dropkick","Panache","Havoc"],"relics":["Burning Blood","Bag of Preparation","WingedGreaves","Nunchaku","Centennial Puzzle"],"potions_floor_usage":[12,14],"damage_taken":[{"damage":11,"enemies":"Small Slimes","floor":1,"turns":4},{"damage":3,"enemies":"Cultist","floor":3,"turns":5},{"damage":32,"enemies":"Gremlin Nob","floor":6,"turns":4},{"damage":25,"enemies":"Lagavulin","floor":8,"turns":7},{"damage":17,"enemies":"3 Sentries","floor":10,"turns":13},{"damage":1,"enemies":"2 Louse","floor":12,"turns":2},{"damage":67,"enemies":"Gremlin Nob","floor":14,"turns":4}],"seed_played":"-428656253327710376","potions_obtained":[{"floor":6,"key":"ElixirPotion"},{"floor":10,"key":"AttackPotion"},{"floor":12,"key":"BloodPotion"}],"is_trial":false,"path_per_floor":["M","?","M","?","?","E","R","E","T","E","$","M","?","E"],"character_chosen":"IRONCLAD","items_purchased":["Panache","Havoc"],"campfire_rested":1,"item_purchase_floors":[11,11],"current_hp_per_floor":[45,45,48,53,53,27,51,32,32,21,21,26,26,0],"gold":0,"neow_bonus":"RANDOM_COLORLESS_2","is_prod":false,"is_daily":false,"chose_seed":false,"campfire_upgraded":0,"win_rate":0,"timestamp":1673896659,"path_taken":["M","?","?","?","?","E","R","E","T","E","?","M","?","E"],"build_version":"2022-12-18","purchased_purges":0,"victory":false,"max_hp_per_floor":[75,75,75,80,80,80,80,80,80,80,80,80,80,80],"card_choices":[{"not_picked":["Violence","Metamorphosis"],"picked":"Mayhem","floor":0},{"not_picked":["Havoc","Evolve"],"picked":"Feel No Pain","floor":1},{"not_picked":["Sword Boomerang","Headbutt"],"picked":"Inflame","floor":3},{"not_picked":["Seeing Red","Perfected Strike"],"picked":"Ghostly Armor","floor":6},{"not_picked":["Ghostly Armor","Anger"],"picked":"Dropkick","floor":8},{"not_picked":["Metallicize","Headbutt"],"picked":"Dropkick","floor":10},{"not_picked":["Hemokinesis","True Grit","Flex"],"picked":"SKIP","floor":12}],"player_experience":1998194,"relics_obtained":[{"floor":6,"key":"Bag of Preparation"},{"floor":8,"key":"WingedGreaves"},{"floor":9,"key":"Nunchaku"},{"floor":10,"key":"Centennial Puzzle"}],"event_choices":[{"cards_removed":["Strike_R"],"damage_healed":0,"gold_gain":0,"player_choice":"Purged","damage_taken":0,"max_hp_gain":0,"max_hp_loss":0,"event_name":"Purifier","floor":2,"gold_loss":0},{"damage_healed":0,"gold_gain":0,"player_choice":"Donut","damage_taken":0,"max_hp_gain":5,"max_hp_loss":0,"event_name":"Big Fish","floor":4,"gold_loss":0},{"damage_healed":0,"gold_gain":0,"player_choice":"Grow","damage_taken":0,"max_hp_gain":0,"max_hp_loss":0,"event_name":"Living Wall","floor":5,"gold_loss":0,"cards_upgraded":["Inflame"]},{"damage_healed":0,"gold_gain":0,"player_choice":"Left Gold","damage_taken":0,"max_hp_gain":0,"max_hp_loss":0,"event_name":"World of Goop","floor":13,"gold_loss":14}],"is_beta":false,"boss_relics":[],"items_purged_floors":[],"is_endless":false,"potions_floor_spawned":[6,10,12],"killed_by":"Gremlin Nob","ascension_level":20}