{"gold_per_floor":[368,87,162,162,222,222,267,376,376,428,466,466,530,600,600,600],"floor_reached":16,"playtime":611,"items_purged":["Normality"],"score":224,"play_id":"adda2598-9c67-4408-ae5d-3d8a1866badd","local_time":"20230106125203","is_ascension_mode":true,"campfire_choices":[{"data":"HandOfGreed","floor":6,"key":"SMITH"},{"floor":12,"key":"REST"},{"data":"Metallicize","floor":15,"key":"SMITH"}],"neow_cost":"CURSE","seed_source_timestamp":1366633231800600,"circlet_count":0,"master_deck":["AscendersBane","Strike_R","Strike_R","Strike_R","Strike_R","Defend_R","Defend_R","Defend_R","Defend_R","Bash","Rage","HandOfGreed+1","Metallicize","Metallicize+1","Battle Trance"],"relics":["Burning Blood","Unceasing Top","Ice Cream","Pen Nib"],"potions_floor_usage":[5,10,11,16,16],"damage_taken":[{"damage":8,"enemies":"Cultist","floor":1,"turns":5},{"damage":13,"enemies":"Small Slimes","floor":5,"turns":6},{"damage":4,"enemies":"Jaw Worm","floor":7,"turns":7},{"damage":37,"enemies":"3 Sentries","floor":8,"turns":14},{"damage":10,"enemies":"Gremlin Nob","floor":10,"turns":3},{"damage":0,"enemies":"Looter","floor":11,"turns":2},{"damage":3,"enemies":"2 Fungi Beasts","floor":13,"turns":5},{"damage":0,"enemies":"Large Slime","floor":14,"turns":6},{"damage":54,"enemies":"Slime Boss","floor":16,"turns":9}],"seed_played":"-134102295969813796","potions_obtained":[{"floor":1,"key":"Weak Potion"},{"floor":8,"key":"ColorlessPotion"},{"floor":10,"key":"Energy Potion"},{"floor":13,"key":"ColorlessPotion"},{"floor":14,"key":"Weak Potion"}],"is_trial":false,"path_per_floor":["M","$","?","?","M","R","M","E","T","E","M","R","M","M","R","B"],"character_chosen":"IRONCLAD","items_purchased":["HandOfGreed"],"campfire_rested":1,"item_purchase_floors":[2],"current_hp_per_floor":[66,66,55,55,48,48,50,19,19,15,21,43,46,52,52,0],"gold":600,"neow_bonus":"TWO_FIFTY_GOLD","is_prod":false,"is_daily":false,"chose_seed":false,"campfire_upgraded":2,"win_rate":0,"timestamp":1673005923,"path_taken":["M","$","?","?","M","R","M","E","T","E","M","R","M","?","R","BOSS"],"build_version":"2022-12-18","purchased_purges":1,"victory":false,"max_hp_per_floor":[75,75,75,75,75,75,75,75,75,75,75,75,75,75,75,75],"card_choices":[{"not_picked":["Heavy Blade","Havoc"],"picked":"Rage","floor":1},{"not_picked":["Clash","Body Slam"],"picked":"Metallicize","floor":5},{"not_picked":["Evolve","Uppercut","Heavy Blade"],"picked":"SKIP","floor":7},{"not_picked":["Offering","Intimidate","Heavy Blade"],"picked":"SKIP","floor":8},{"not_picked":["Rupture","Dark Embrace","Thunderclap"],"picked":"SKIP","floor":10},{"not_picked":["Uppercut","Flex"],"picked":"Metallicize","floor":11},{"not_picked":["Cleave","Intimidate"],"picked":"Battle Trance","floor":13},{"not_picked":["Twin Strike","Sever Soul","Second Wind"],"picked":"SKIP","floor":14}],"player_experience":1982201,"relics_obtained":[{"floor":8,"key":"Unceasing Top"},{"floor":9,"key":"Ice Cream"},{"floor":10,"key":"Pen Nib"}],"event_choices":[{"damage_healed":0,"gold_gain":75,"player_choice":"Gather Gold","damage_taken":11,"max_hp_gain":0,"max_hp_loss":0,"event_name":"World of Goop","floor":3,"gold_loss":0},{"cards_removed":["Strike_R"],"damage_healed":0,"gold_gain":0,"player_choice":"Purged","damage_taken":0,"max_hp_gain":0,"max_hp_loss":0,"event_name":"Purifier","floor":4,"gold_loss":0}],"is_beta":false,"boss_relics":[],"items_purged_floors":[2],"is_endless":false,"potions_floor_spawned":[1,8,10,13,14],"killed_by":"Slime Boss","ascension_level":20}