{"gold_per_floor":[110,123,95,95,95,95,122,133,133,133,167,185,212,231,231,231],"floor_reached":16,"playtime":312,"items_purged":[],"score":290,"play_id":"d15f8775-8da5-4cb6-97f9-e604ee825e1c","local_time":"20230114215259","is_ascension_mode":true,"campfire_choices":[{"data":"Sever Soul","floor":6,"key":"SMITH"},{"data":"Feed","floor":10,"key":"SMITH"},{"floor":15,"key":"REST"}],"neow_cost":"NONE","seed_source_timestamp":356060284067000,"circlet_count":0,"master_deck":["AscendersBane","Strike_R","Strike_R","Strike_R","Strike_R","Strike_R+1","Defend_R","Defend_R","Defend_R","Defend_R","Bash+1","Sever Soul+1","Ghostly Armor","Shrug It Off","Feed+1","Exhume","Exhume"],"relics":["Burning Blood","NeowsBlessing","InkBottle","Bronze Scales","Juzu Bracelet","Blood Vial","Mercury Hourglass"],"potions_floor_usage":[11,14,16],"damage_taken":[{"damage":0,"enemies":"Jaw Worm","floor":1,"turns":1},{"damage":0,"enemies":"2 Louse","floor":2,"turns":1},{"damage":0,"enemies":"Gremlin Nob","floor":7,"turns":1},{"damage":4,"enemies":"Cultist","floor":8,"turns":4},{"damage":15,"enemies":"3 Sentries","floor":11,"turns":5},{"damage":10,"enemies":"Looter","floor":12,"turns":4},{"damage":36,"enemies":"Gremlin Nob","floor":13,"turns":4},{"damage":6,"enemies":"3 Louse","floor":14,"turns":3},{"damage":69,"enemies":"The Guardian","floor":16,"turns":6}],"seed_played":"708655471629929362","potions_obtained":[{"floor":1,"key":"SkillPotion"},{"floor":12,"key":"FearPotion"},{"floor":13,"key":"Dexterity Potion"}],"is_trial":false,"path_per_floor":["M","M","$","?","T","R","E","M","T","R","E","M","E","M","R","B"],"character_chosen":"IRONCLAD","items_purchased":["Shrug It Off"],"campfire_rested":1,"item_purchase_floors":[3],"current_hp_per_floor":[74,75,75,52,52,52,58,63,63,63,58,60,36,38,65,0],"gold":231,"neow_bonus":"THREE_ENEMY_KILL","is_prod":false,"is_daily":false,"chose_seed":false,"campfire_upgraded":2,"win_rate":0,"timestamp":1673729579,"path_taken":["M","M","$","?","?","R","E","M","T","R","E","M","E","M","R","BOSS"],"build_version":"2022-12-18","purchased_purges":0,"victory":false,"max_hp_per_floor":[75,75,75,75,75,75,75,78,78,78,82,86,90,90,90,90],"card_choices":[{"not_picked":["Flex","Second Wind"],"picked":"Sever Soul","floor":1},{"not_picked":["Thunderclap","Clothesline"],"picked":"Ghostly Armor","floor":2},{"not_picked":["Heavy Blade","Whirlwind"],"picked":"Feed","floor":7},{"not_picked":["Pommel Strike","Combust","Warcry"],"picked":"SKIP","floor":8},{"not_picked":["Havoc","Disarm"],"picked":"Exhume","floor":11},{"not_picked":["Wild Strike","Perfected Strike","Headbutt"],"picked":"SKIP","floor":12},{"not_picked":["Offering","Sentinel"],"picked":"Exhume","floor":13},{"not_picked":["Armaments","Carnage","Wild Strike"],"picked":"SKIP","floor":14}],"player_experience":1986997,"relics_obtained":[{"floor":5,"key":"InkBottle"},{"floor":7,"key":"Bronze Scales"},{"floor":9,"key":"Juzu Bracelet"},{"floor":11,"key":"Blood Vial"},{"floor":13,"key":"Mercury Hourglass"}],"event_choices":[{"damage_healed":0,"gold_gain":0,"player_choice":"Entered Light","damage_taken":23,"max_hp_gain":0,"max_hp_loss":0,"event_name":"Shining Light","floor":4,"gold_loss":0,"cards_upgraded":["Bash","Strike_R"]}],"is_beta":false,"boss_relics":[],"items_purged_floors":[],"is_endless":false,"potions_floor_spawned":[1,12,13],"killed_by":"The Guardian","ascension_level":20}