{"gold_per_floor":[116,129,129,143,143,169,169,199,222,250,262,305,317,362,374,386],"floor_reached":16,"playtime":299,"items_purged":[],"score":306,"play_id":"f0dd5039-cb1e-4f7c-831e-1239c431205f","local_time":"20230121191814","is_ascension_mode":true,"campfire_choices":[{"data":"Pommel Strike","floor":7,"key":"SMITH"},{"data":"Shockwave","floor":15,"key":"SMITH"}],"neow_cost":"NONE","seed_source_timestamp":432585040091400,"circlet_count":0,"master_deck":["AscendersBane","Strike_R","Strike_R","Strike_R","Strike_R","Defend_R","Defend_R+1","Defend_R","Defend_R","Bash","Clothesline","Whirlwind+1","Burning Pact","Corruption","Pommel Strike+1","Pommel Strike","Seeing Red","Shockwave+1"],"relics":["Burning Blood","NeowsBlessing","Bag of Marbles","Omamori","MawBank","Question Card","Happy Flower"],"potions_floor_usage":[6,6,12,16],"damage_taken":[{"damage":0,"enemies":"Cultist","floor":1,"turns":1},{"damage":0,"enemies":"Small Slimes","floor":2,"turns":1},{"damage":0,"enemies":"Jaw Worm","floor":4,"turns":1},{"damage":15,"enemies":"Lagavulin","floor":6,"turns":4},{"damage":6,"enemies":"Gremlin Nob","floor":8,"turns":3},{"damage":12,"enemies":"Exordium Wildlife","floor":10,"turns":2},{"damage":0,"enemies":"3 Sentries","floor":12,"turns":1},{"damage":27,"enemies":"Gremlin Nob","floor":14,"turns":4},{"damage":25,"enemies":"Hexaghost","floor":16,"turns":7}],"seed_played":"7922811870964629558","potions_obtained":[{"floor":2,"key":"Energy Potion"},{"floor":4,"key":"Energy Potion"},{"floor":10,"key":"SteroidPotion"},{"floor":12,"key":"Dexterity Potion"}],"is_trial":false,"path_per_floor":["M","M","?","M","?","E","R","E","T","M","$","E","$","E","R","B"],"character_chosen":"IRONCLAD","items_purchased":[],"campfire_rested":0,"item_purchase_floors":[],"current_hp_per_floor":[74,75,75,75,52,43,43,43,43,37,37,43,43,22,22,0],"gold":386,"neow_bonus":"THREE_ENEMY_KILL","is_prod":false,"is_daily":false,"chose_seed":false,"campfire_upgraded":2,"win_rate":0,"timestamp":1674325094,"path_taken":["M","M","?","?","?","E","R","E","T","M","$","E","?","E","R","BOSS"],"build_version":"2022-12-18","purchased_purges":0,"victory":false,"max_hp_per_floor":[75,75,75,75,75,75,75,75,75,75,75,75,75,75,75,75],"card_choices":[{"not_picked":["Twin Strike","Anger"],"picked":"Clothesline","floor":1},{"not_picked":["Warcry","Cleave"],"picked":"Whirlwind","floor":2},{"not_picked":["Havoc","True Grit"],"picked":"Corruption","floor":4},{"not_picked":["Havoc","Sever Soul"],"picked":"Pommel Strike","floor":6},{"not_picked":["Burning Pact","Evolve"],"picked":"Pommel Strike","floor":8},{"not_picked":["Flex","Armaments"],"picked":"Seeing Red","floor":10},{"not_picked":["Corruption","Juggernaut"],"picked":"Shockwave","floor":12},{"not_picked":["Body Slam","Dual Wield","Flex","Second Wind"],"picked":"SKIP","floor":14}],"player_experience":2019786,"relics_obtained":[{"floor":6,"key":"Bag of Marbles"},{"floor":8,"key":"Omamori"},{"floor":9,"key":"MawBank"},{"floor":12,"key":"Question Card"},{"floor":14,"key":"Happy Flower"}],"event_choices":[{"damage_healed":0,"gold_gain":0,"cards_transformed":["Strike_R"],"player_choice":"Transformed","damage_taken":0,"max_hp_gain":0,"max_hp_loss":0,"event_name":"Transmorgrifier","floor":3,"gold_loss":0,"cards_obtained":["Burning Pact"]},{"damage_healed":0,"gold_gain":0,"player_choice":"Entered Light","damage_taken":23,"max_hp_gain":0,"max_hp_loss":0,"event_name":"Shining Light","floor":5,"gold_loss":0,"cards_upgraded":["Whirlwind","Defend_R"]}],"is_beta":false,"boss_relics":[],"items_purged_floors":[],"is_endless":false,"potions_floor_spawned":[2,4,10,12],"killed_by":"Hexaghost","ascension_level":20}