{"gold_per_floor":[115,115,115,40,54,54,86,86,111,121,121,140,170,170,170,241,241,261,261,274,285,80,80,80],"floor_reached":24,"playtime":515,"items_purged":["Regret"],"score":408,"play_id":"d0399356-84bd-4bff-9ecf-c56d51a1fe99","local_time":"20230122183810","is_ascension_mode":true,"campfire_choices":[{"data":"Bash","floor":6,"key":"SMITH"},{"floor":8,"key":"REST"},{"data":"Intimidate","floor":11,"key":"SMITH"},{"data":"Juggernaut","floor":15,"key":"SMITH"},{"floor":23,"key":"REST"}],"neow_cost":"NONE","seed_source_timestamp":516365557891300,"circlet_count":0,"master_deck":["AscendersBane","Strike_R","Strike_R","Strike_R","Strike_R","Defend_R","Defend_R","Defend_R","Defend_R","Bash+1","Immolate+1","Sword Boomerang","Intimidate+1","Shrug It Off","Thunderclap","Juggernaut+1","Juggernaut","Warcry+1","Decay","Ghostly Armor","Disarm","Rage","Ghostly Armor"],"relics":["Burning Blood","Dream Catcher","Mango","Potion Belt","Blood Vial","SlaversCollar","Omamori"],"potions_floor_usage":[13,13,20,21,24],"damage_taken":[{"damage":0,"enemies":"2 Louse","floor":1,"turns":1},{"damage":7,"enemies":"Jaw Worm","floor":5,"turns":3},{"damage":56,"enemies":"Gremlin Nob","floor":7,"turns":5},{"damage":0,"enemies":"Cultist","floor":10,"turns":3},{"damage":3,"enemies":"Large Slime","floor":12,"turns":5},{"damage":15,"enemies":"Lagavulin","floor":13,"turns":4},{"damage":54,"enemies":"The Guardian","floor":16,"turns":11},{"damage":44,"enemies":"Spheric Guardian","floor":18,"turns":6},{"damage":25,"enemies":"2 Thieves","floor":20,"turns":4},{"damage":32,"enemies":"Snake Plant","floor":21,"turns":5},{"damage":41,"enemies":"Book of Stabbing","floor":24,"turns":4}],"seed_played":"-1321849557370720728","potions_obtained":[{"floor":5,"key":"DuplicationPotion"},{"floor":10,"key":"Block Potion"},{"floor":16,"key":"LiquidBronze"},{"floor":18,"key":"Swift Potion"},{"floor":20,"key":"BloodPotion"}],"is_trial":false,"path_per_floor":["M","?","?","$","M","R","E","R","T","M","R","M","E","?","R","B",null,"M","?","M","M","$","R","E"],"character_chosen":"IRONCLAD","items_purchased":["Rage","Omamori"],"campfire_rested":2,"item_purchase_floors":[22,22],"current_hp_per_floor":[74,74,74,74,73,73,37,63,63,69,69,72,63,63,63,17,71,35,35,18,11,11,37,0],"gold":80,"neow_bonus":"ONE_RANDOM_RARE_CARD","is_prod":false,"is_daily":false,"chose_seed":false,"campfire_upgraded":3,"win_rate":0,"timestamp":1674409090,"path_taken":["M","?","?","$","?","R","E","R","T","M","R","M","E","?","R","BOSS","M","?","M","M","$","R","E"],"build_version":"2022-12-18","purchased_purges":1,"victory":false,"max_hp_per_floor":[75,75,75,75,75,75,89,89,89,89,89,89,89,89,89,89,89,89,89,89,89,89,89,89],"card_choices":[{"not_picked":["Headbutt","Heavy Blade","Blood for Blood"],"picked":"SKIP","floor":1},{"not_picked":["Wild Strike","Hemokinesis","Flex"],"picked":"SKIP","floor":5},{"not_picked":["Headbutt","Flex"],"picked":"Sword Boomerang","floor":7},{"not_picked":["Pummel","Clash"],"picked":"Intimidate","floor":8},{"not_picked":["Anger","Seeing Red","Body Slam"],"picked":"SKIP","floor":10},{"not_picked":["Metallicize","Anger"],"picked":"Shrug It Off","floor":12},{"not_picked":["True Grit","Evolve"],"picked":"Thunderclap","floor":13},{"not_picked":["Immolate","Brutality"],"picked":"Juggernaut","floor":16},{"not_picked":["Carnage","Sword Boomerang+1"],"picked":"Warcry+1","floor":18},{"not_picked":["Iron Wave","Seeing Red"],"picked":"Ghostly Armor","floor":20},{"not_picked":["Clothesline","Havoc"],"picked":"Disarm","floor":21},{"not_picked":["Wild Strike+1","Clothesline"],"picked":"Ghostly Armor","floor":23}],"player_experience":2032758,"relics_obtained":[{"floor":7,"key":"Mango"},{"floor":9,"key":"Potion Belt"},{"floor":13,"key":"Blood Vial"}],"event_choices":[{"damage_healed":0,"gold_gain":0,"player_choice":"Box","damage_taken":0,"relics_obtained":["Dream Catcher"],"max_hp_gain":0,"max_hp_loss":0,"event_name":"Big Fish","floor":2,"gold_loss":0,"cards_obtained":["Regret"]},{"damage_healed":0,"gold_gain":0,"player_choice":"Upgraded","damage_taken":0,"max_hp_gain":0,"max_hp_loss":0,"event_name":"Upgrade Shrine","floor":3,"gold_loss":0,"cards_upgraded":["Immolate"]},{"damage_healed":0,"gold_gain":0,"cards_transformed":["Strike_R"],"player_choice":"Transformed","damage_taken":0,"max_hp_gain":0,"max_hp_loss":0,"event_name":"Transmorgrifier","floor":14,"gold_loss":0,"cards_obtained":["Juggernaut"]},{"damage_healed":0,"gold_gain":0,"player_choice":"Smashed Altar","damage_taken":0,"max_hp_gain":0,"max_hp_loss":0,"event_name":"Forgotten Altar","floor":19,"gold_loss":0,"cards_obtained":["Decay"]}],"is_beta":false,"boss_relics":[{"not_picked":["Empty Cage","Cursed Key"],"picked":"SlaversCollar"}],"items_purged_floors":[4],"is_endless":false,"potions_floor_spawned":[5,10,16,18,20],"killed_by":"Book of Stabbing","ascension_level":20}