{"gold_per_floor":[111,111,129,148,158,158,184,149,149,119,119,119,145,145,145,224,224,194,194,211,211],"floor_reached":21,"playtime":810,"items_purged":[],"score":374,"play_id":"d76d192c-aacc-443b-91d1-16c745137f40","local_time":"20230119143341","is_ascension_mode":true,"campfire_choices":[{"data":"Juggernaut","floor":6,"key":"SMITH"},{"data":"Armaments","floor":11,"key":"SMITH"},{"data":"Uppercut","floor":12,"key":"SMITH"},{"data":"Shrug It Off","floor":15,"key":"SMITH"}],"neow_cost":"NONE","seed_source_timestamp":9327230689200,"circlet_count":0,"master_deck":["AscendersBane","Strike_R","Defend_R","Defend_R","Defend_R","Defend_R","Bash","Juggernaut+1","Armaments+1","Iron Wave","Seeing Red","Uppercut+1","Shrug It Off+1","Intimidate+1","Barricade","Perfected Strike+1","Dual Wield+1","Carnage+1","Havoc+1","Shrug It Off+1"],"relics":["Burning Blood","WingedGreaves","Toxic Egg 2","Astrolabe"],"potions_floor_usage":[5,7,13,16],"damage_taken":[{"damage":11,"enemies":"Jaw Worm","floor":1,"turns":5},{"damage":1,"enemies":"Cultist","floor":3,"turns":4},{"damage":1,"enemies":"Small Slimes","floor":4,"turns":4},{"damage":5,"enemies":"2 Fungi Beasts","floor":5,"turns":4},{"damage":32,"enemies":"3 Sentries","floor":7,"turns":8},{"damage":24,"enemies":"Lagavulin","floor":13,"turns":8},{"damage":36,"enemies":"Slime Boss","floor":16,"turns":12},{"damage":22,"enemies":"2 Thieves","floor":18,"turns":4},{"damage":27,"enemies":"Spheric Guardian","floor":20,"turns":5},{"damage":24,"enemies":"Chosen and Byrds","floor":21,"turns":7}],"seed_played":"-4381130751995886510","potions_obtained":[{"floor":1,"key":"Swift Potion"},{"floor":2,"key":"AttackPotion"},{"floor":7,"key":"GamblersBrew"},{"floor":13,"key":"DuplicationPotion"}],"is_trial":false,"path_per_floor":["M","?","M","M","M","R","E","?","T","$","R","R","E","?","R","B",null,"M","?","M","M"],"character_chosen":"IRONCLAD","items_purchased":["Shrug It Off"],"campfire_rested":0,"item_purchase_floors":[10],"current_hp_per_floor":[63,63,68,73,74,74,48,66,66,66,66,66,48,41,41,11,59,43,43,22,0],"gold":211,"neow_bonus":"ONE_RANDOM_RARE_CARD","is_prod":false,"is_daily":false,"chose_seed":false,"campfire_upgraded":4,"win_rate":0,"timestamp":1674135221,"path_taken":["M","?","M","?","M","R","E","?","T","$","R","R","E","?","R","BOSS","M","?","?","?"],"build_version":"2022-12-18","purchased_purges":0,"victory":false,"max_hp_per_floor":[75,75,75,75,75,75,75,75,75,75,75,75,75,75,75,75,75,75,75,75,75],"card_choices":[{"not_picked":["Blood for Blood","Clothesline"],"picked":"Armaments","floor":1},{"not_picked":["Wild Strike","Intimidate"],"picked":"Iron Wave","floor":3},{"not_picked":["Flex","Headbutt"],"picked":"Seeing Red","floor":4},{"not_picked":["Headbutt","Anger","Wild Strike"],"picked":"SKIP","floor":5},{"not_picked":["Clothesline","Demon Form"],"picked":"Uppercut","floor":7},{"not_picked":["Dual Wield+1","Clash"],"picked":"Intimidate+1","floor":13},{"not_picked":["Limit Break+1","Double Tap+1"],"picked":"Barricade","floor":16},{"not_picked":["Clothesline","Anger"],"picked":"Havoc+1","floor":18},{"not_picked":["Uppercut","Thunderclap"],"picked":"Shrug It Off+1","floor":20}],"player_experience":2018061,"relics_obtained":[{"floor":7,"key":"WingedGreaves"},{"floor":13,"key":"Toxic Egg 2"}],"event_choices":[{"damage_healed":0,"gold_gain":0,"player_choice":"Got Potions","damage_taken":0,"max_hp_gain":0,"max_hp_loss":0,"event_name":"Lab","floor":2,"gold_loss":0},{"damage_healed":18,"gold_gain":0,"player_choice":"Healed","damage_taken":0,"max_hp_gain":0,"max_hp_loss":0,"event_name":"The Cleric","floor":8,"gold_loss":35},{"cards_removed":["Strike_R"],"damage_healed":0,"gold_gain":0,"player_choice":"Card Removal","damage_taken":7,"max_hp_gain":0,"max_hp_loss":0,"event_name":"Golden Wing","floor":14,"gold_loss":0},{"damage_healed":0,"gold_gain":0,"player_choice":"0 cards matched","damage_taken":0,"max_hp_gain":0,"max_hp_loss":0,"event_name":"Match and Keep!","floor":19,"gold_loss":0,"cards_obtained":[]}],"is_beta":false,"boss_relics":[{"not_picked":["Runic Pyramid","Ectoplasm"],"picked":"Astrolabe"}],"items_purged_floors":[],"is_endless":false,"potions_floor_spawned":[1,7,13],"killed_by":"Chosen and Byrds","ascension_level":20}