{"gold_per_floor":[115,40,51,201,276,305,317,36,59,74,74],"floor_reached":11,"playtime":312,"items_purged":["Pain"],"score":146,"play_id":"95535393-9a6b-49ce-b05e-8dc898d5c7d3","local_time":"20230122114136","is_ascension_mode":true,"campfire_choices":[],"neow_cost":"CURSE","seed_source_timestamp":3395676498000,"circlet_count":0,"master_deck":["AscendersBane","Strike_R","Strike_R","Strike_R","Strike_R","Strike_R","Defend_R","Defend_R","Defend_R","Defend_R","Bash","Spot Weakness","Iron Wave","Doubt","Sword Boomerang","Dropkick","Berserk"],"relics":["Burning Blood","Regal Pillow","Kunai"],"potions_floor_usage":[6,11],"damage_taken":[{"damage":12,"enemies":"Cultist","floor":1,"turns":4},{"damage":4,"enemies":"Small Slimes","floor":3,"turns":4},{"damage":50,"enemies":"3 Sentries","floor":6,"turns":13},{"damage":8,"enemies":"2 Louse","floor":7,"turns":3},{"damage":15,"enemies":"Looter","floor":10,"turns":4},{"damage":25,"enemies":"Lagavulin","floor":11,"turns":5}],"seed_played":"6751987018076734915","potions_obtained":[{"floor":3,"key":"Fruit Juice"},{"floor":7,"key":"Swift Potion"}],"is_trial":false,"path_per_floor":["M","$","M","?","?","E","M","$","T","M","E"],"character_chosen":"IRONCLAD","items_purchased":["Kunai"],"campfire_rested":0,"item_purchase_floors":[8],"current_hp_per_floor":[76,76,78,78,67,28,26,26,26,17,0],"gold":74,"neow_bonus":"TWENTY_PERCENT_HP_BONUS","is_prod":false,"is_daily":false,"chose_seed":false,"campfire_upgraded":0,"win_rate":0,"timestamp":1674384096,"path_taken":["M","?","M","?","?","E","M","$","T","M","E"],"build_version":"2022-12-18","purchased_purges":1,"victory":false,"max_hp_per_floor":[89,89,89,89,89,94,94,94,94,94,94],"card_choices":[{"not_picked":["Havoc","Ghostly Armor"],"picked":"Spot Weakness","floor":1},{"not_picked":["Body Slam","Headbutt"],"picked":"Iron Wave","floor":3},{"not_picked":["Rupture","Clash"],"picked":"Sword Boomerang","floor":6},{"not_picked":["Body Slam","Anger"],"picked":"Dropkick","floor":7},{"not_picked":["Flame Barrier","Sword Boomerang"],"picked":"Berserk","floor":10}],"player_experience":2022129,"relics_obtained":[{"floor":6,"key":"Regal Pillow"}],"event_choices":[{"damage_healed":0,"gold_gain":150,"player_choice":"AGREE","damage_taken":0,"max_hp_gain":0,"max_hp_loss":0,"event_name":"Liars Game","floor":4,"gold_loss":0,"cards_obtained":["Doubt"]},{"damage_healed":0,"gold_gain":75,"player_choice":"Gather Gold","damage_taken":11,"max_hp_gain":0,"max_hp_loss":0,"event_name":"World of Goop","floor":5,"gold_loss":0}],"is_beta":false,"boss_relics":[],"items_purged_floors":[2],"is_endless":false,"potions_floor_spawned":[3,7],"killed_by":"Lagavulin","ascension_level":20}