{"gold_per_floor":[110,130,130,130,130,155,305,305,305,316,341,341,359,386,386,386],"floor_reached":16,"playtime":373,"items_purged":[],"score":286,"play_id":"b42b60d6-aa40-41b5-bcfb-8b6c6af45b27","local_time":"20230122182051","is_ascension_mode":true,"campfire_choices":[{"data":"Bash","floor":8,"key":"SMITH"},{"data":"True Grit","floor":12,"key":"SMITH"},{"floor":15,"key":"REST"}],"neow_cost":"NONE","seed_source_timestamp":515469113106900,"circlet_count":0,"master_deck":["AscendersBane","Strike_R","Strike_R","Strike_R","Strike_R","Defend_R","Defend_R","Defend_R","Defend_R","Bash+1","Metallicize","Dropkick","True Grit+1","Cleave","Doubt","Metallicize","Feed"],"relics":["Burning Blood","NeowsBlessing","Smiling Mask","Mango","Darkstone Periapt","PreservedInsect"],"potions_floor_usage":[13,16],"damage_taken":[{"damage":0,"enemies":"Jaw Worm","floor":1,"turns":1},{"damage":0,"enemies":"2 Louse","floor":2,"turns":2},{"damage":0,"enemies":"Lagavulin","floor":6,"turns":1},{"damage":2,"enemies":"Small Slimes","floor":10,"turns":4},{"damage":52,"enemies":"Gremlin Nob","floor":11,"turns":5},{"damage":4,"enemies":"2 Fungi Beasts","floor":13,"turns":5},{"damage":33,"enemies":"Lagavulin","floor":14,"turns":7},{"damage":80,"enemies":"Slime Boss","floor":16,"turns":12}],"seed_played":"-6866479383117042679","potions_obtained":[{"floor":1,"key":"BloodPotion"},{"floor":10,"key":"Regen Potion"}],"is_trial":false,"path_per_floor":["M","M","?","?","?","E","?","R","T","M","E","R","M","E","R","B"],"character_chosen":"IRONCLAD","items_purchased":[],"campfire_rested":1,"item_purchase_floors":[],"current_hp_per_floor":[74,75,75,64,64,84,84,84,84,88,42,42,58,31,57,0],"gold":386,"neow_bonus":"THREE_ENEMY_KILL","is_prod":false,"is_daily":false,"chose_seed":false,"campfire_upgraded":2,"win_rate":0,"timestamp":1674408051,"path_taken":["M","M","?","?","?","E","?","R","T","M","E","R","?","E","R","BOSS"],"build_version":"2022-12-18","purchased_purges":0,"victory":false,"max_hp_per_floor":[75,75,75,75,75,89,89,89,89,89,89,89,89,89,89,89],"card_choices":[{"not_picked":["Havoc","Warcry"],"picked":"Metallicize","floor":1},{"not_picked":["Havoc","Anger"],"picked":"Dropkick","floor":2},{"not_picked":["Second Wind","Carnage"],"picked":"Cleave","floor":6},{"not_picked":["Flex","Warcry","Combust"],"picked":"SKIP","floor":10},{"not_picked":["Exhume","Sentinel"],"picked":"Metallicize","floor":11},{"not_picked":["Dual Wield","True Grit","Body Slam"],"picked":"SKIP","floor":13},{"not_picked":["Warcry","Anger"],"picked":"Feed","floor":14}],"player_experience":2031884,"relics_obtained":[{"floor":6,"key":"Mango"},{"floor":11,"key":"Darkstone Periapt"},{"floor":14,"key":"PreservedInsect"}],"event_choices":[{"damage_healed":0,"gold_gain":0,"cards_transformed":["Strike_R"],"player_choice":"Change","damage_taken":0,"max_hp_gain":0,"max_hp_loss":0,"event_name":"Living Wall","floor":3,"gold_loss":0,"cards_obtained":["True Grit"]},{"damage_healed":0,"gold_gain":0,"player_choice":"Success","damage_taken":11,"relics_obtained":["Smiling Mask"],"max_hp_gain":0,"max_hp_loss":0,"event_name":"Scrap Ooze","floor":4,"gold_loss":0},{"damage_healed":0,"gold_gain":0,"player_choice":"Ignored","damage_taken":0,"max_hp_gain":0,"max_hp_loss":0,"event_name":"Shining Light","floor":5,"gold_loss":0},{"damage_healed":0,"gold_gain":150,"player_choice":"AGREE","damage_taken":0,"max_hp_gain":0,"max_hp_loss":0,"event_name":"Liars Game","floor":7,"gold_loss":0,"cards_obtained":["Doubt"]}],"is_beta":false,"boss_relics":[],"items_purged_floors":[],"is_endless":false,"potions_floor_spawned":[1,10,11],"killed_by":"Slime Boss","ascension_level":20}