{"gold_per_floor":[114,114,125,138,213,243,243,261,288,53,79,79,114,31,31,107,107,121,70,80,30,30,43,43],"floor_reached":24,"playtime":654,"items_purged":["Strike_R","Strike_R"],"score":478,"play_id":"348750a7-62f6-429d-8eb7-6b3cedae7c59","local_time":"20230126184829","is_ascension_mode":true,"campfire_choices":[{"data":"Rupture","floor":7,"key":"SMITH"},{"floor":12,"key":"REST"},{"data":"Combust","floor":15,"key":"SMITH"}],"neow_cost":"NONE","seed_source_timestamp":862451975754800,"circlet_count":0,"master_deck":["AscendersBane","Strike_R","Strike_R","Defend_R","Defend_R","Defend_R","Defend_R","Bash","Pommel Strike","Hemokinesis","Rupture+1","Offering","Exhume","Shrug It Off","Combust+1","Immolate+1","Sword Boomerang+1","Infernal Blade","Bloodletting"],"relics":["Burning Blood","NeowsBlessing","Strawberry","Happy Flower","Lee\u0027s Waffle","Smiling Mask","Molten Egg 2","Runic Cube","InkBottle"],"potions_floor_usage":[6,16,16],"damage_taken":[{"damage":0,"enemies":"Jaw Worm","floor":1,"turns":1},{"damage":0,"enemies":"Cultist","floor":3,"turns":1},{"damage":0,"enemies":"Small Slimes","floor":4,"turns":1},{"damage":27,"enemies":"Lagavulin","floor":6,"turns":7},{"damage":6,"enemies":"Exordium Wildlife","floor":8,"turns":4},{"damage":50,"enemies":"3 Sentries","floor":11,"turns":9},{"damage":14,"enemies":"Lagavulin","floor":13,"turns":3},{"damage":58,"enemies":"Hexaghost","floor":16,"turns":5},{"damage":16,"enemies":"3 Byrds","floor":18,"turns":3},{"damage":21,"enemies":"Chosen","floor":20,"turns":5},{"damage":33,"enemies":"Snake Plant","floor":23,"turns":4},{"damage":27,"enemies":"Sentry and Sphere","floor":24,"turns":3}],"seed_played":"8731752772292373393","potions_obtained":[{"floor":2,"key":"EssenceOfSteel"},{"floor":2,"key":"Block Potion"},{"floor":8,"key":"CultistPotion"},{"floor":20,"key":"Explosive Potion"}],"is_trial":false,"path_per_floor":["M","?","M","M","?","E","R","M","T","$","E","R","E","$","R","B",null,"M","?","M","$","?","M","M"],"character_chosen":"IRONCLAD","items_purchased":["Lee\u0027s Waffle","Combust"],"campfire_rested":1,"item_purchase_floors":[10,14],"current_hp_per_floor":[74,74,75,75,64,50,50,50,50,89,45,71,63,63,63,11,70,60,60,45,45,45,18,0],"gold":43,"neow_bonus":"THREE_ENEMY_KILL","is_prod":false,"is_daily":false,"chose_seed":false,"campfire_upgraded":2,"win_rate":0,"timestamp":1674755309,"path_taken":["M","?","?","M","?","E","R","M","T","$","E","R","E","?","R","BOSS","M","?","?","?","?","M","?"],"build_version":"2022-12-18","purchased_purges":2,"victory":false,"max_hp_per_floor":[75,75,75,75,75,82,82,82,82,89,89,89,89,89,89,89,89,89,89,89,89,89,89,89],"card_choices":[{"not_picked":["Flame Barrier","Anger"],"picked":"Pommel Strike","floor":1},{"not_picked":["Headbutt","Warcry"],"picked":"Hemokinesis","floor":3},{"not_picked":["Thunderclap","Perfected Strike","Clash"],"picked":"SKIP","floor":4},{"not_picked":["Inflame","Warcry"],"picked":"Rupture","floor":6},{"not_picked":["Thunderclap","Wild Strike"],"picked":"Offering","floor":8},{"not_picked":["Flame Barrier","Sentinel"],"picked":"Exhume","floor":11},{"not_picked":["Heavy Blade+1","Havoc"],"picked":"Shrug It Off","floor":13},{"not_picked":["Impervious","Berserk"],"picked":"Immolate+1","floor":16},{"not_picked":["True Grit","Clothesline+1"],"picked":"Sword Boomerang+1","floor":18},{"not_picked":["True Grit","Cleave+1","Thunderclap+1"],"picked":"SKIP","floor":20},{"not_picked":["True Grit","Cleave+1"],"picked":"Bloodletting","floor":23}],"player_experience":2065578,"relics_obtained":[{"floor":6,"key":"Strawberry"},{"floor":9,"key":"Happy Flower"},{"floor":11,"key":"Smiling Mask"},{"floor":13,"key":"Molten Egg 2"}],"event_choices":[{"damage_healed":0,"gold_gain":0,"player_choice":"Got Potions","damage_taken":0,"max_hp_gain":0,"max_hp_loss":0,"event_name":"Lab","floor":2,"gold_loss":0},{"damage_healed":0,"gold_gain":75,"player_choice":"Gather Gold","damage_taken":11,"max_hp_gain":0,"max_hp_loss":0,"event_name":"World of Goop","floor":5,"gold_loss":0},{"damage_healed":0,"gold_gain":0,"player_choice":"Paid Gold","damage_taken":0,"relics_obtained":["InkBottle"],"max_hp_gain":0,"max_hp_loss":0,"event_name":"WeMeetAgain","floor":19,"gold_loss":51},{"damage_healed":0,"gold_gain":0,"cards_transformed":["Strike_R"],"player_choice":"Transformed","damage_taken":0,"max_hp_gain":0,"max_hp_loss":0,"event_name":"Transmorgrifier","floor":22,"gold_loss":0,"cards_obtained":["Infernal Blade"]}],"is_beta":false,"boss_relics":[{"not_picked":["Runic Dome","SacredBark"],"picked":"Runic Cube"}],"items_purged_floors":[10,21],"is_endless":false,"potions_floor_spawned":[3,4,8,20],"killed_by":"Sentry and Sphere","ascension_level":20}