{"gold_per_floor":[114,264,264,264,282,282,316,331,356,431,441,501,526,526],"floor_reached":14,"playtime":333,"items_purged":[],"score":246,"play_id":"325346c0-ad70-4898-8422-709ff53299db","local_time":"20230123105754","is_ascension_mode":true,"campfire_choices":[{"data":"Uppercut","floor":6,"key":"SMITH"}],"neow_cost":"NONE","seed_source_timestamp":4481714180700,"circlet_count":0,"master_deck":["AscendersBane","Strike_R","Strike_R","Strike_R","Strike_R","Defend_R","Defend_R","Defend_R","Defend_R","Bash","Bloodletting","Uppercut+1","Pommel Strike","Shrug It Off","Feel No Pain"],"relics":["Burning Blood","NeowsBlessing","Vajra","Centennial Puzzle","Paper Frog"],"potions_floor_usage":[11,13,13],"damage_taken":[{"damage":0,"enemies":"2 Louse","floor":1,"turns":1},{"damage":0,"enemies":"Jaw Worm","floor":5,"turns":1},{"damage":0,"enemies":"3 Sentries","floor":7,"turns":2},{"damage":0,"enemies":"Cultist","floor":8,"turns":2},{"damage":25,"enemies":"Exordium Thugs","floor":11,"turns":5},{"damage":36,"enemies":"Lagavulin Event","floor":12,"turns":5},{"damage":13,"enemies":"Lagavulin","floor":13,"turns":5},{"damage":9,"enemies":"2 Fungi Beasts","floor":14,"turns":2}],"seed_played":"2692902760705931495","potions_obtained":[{"floor":5,"key":"Energy Potion"},{"floor":7,"key":"Block Potion"},{"floor":11,"key":"SpeedPotion"}],"is_trial":false,"path_per_floor":["M","?","?","?","M","R","E","M","T","?","M","?","E","M"],"character_chosen":"IRONCLAD","items_purchased":[],"campfire_rested":0,"item_purchase_floors":[],"current_hp_per_floor":[74,74,74,67,73,73,75,75,75,64,45,15,8,0],"gold":526,"neow_bonus":"THREE_ENEMY_KILL","is_prod":false,"is_daily":false,"chose_seed":false,"campfire_upgraded":1,"win_rate":0,"timestamp":1674467874,"path_taken":["M","?","?","?","?","R","E","M","T","?","M","?","E","M"],"build_version":"2022-12-18","purchased_purges":0,"victory":false,"max_hp_per_floor":[75,75,75,75,75,75,75,75,75,75,75,75,75,75],"card_choices":[{"not_picked":["Clash","Body Slam"],"picked":"Bloodletting","floor":1},{"not_picked":["Entrench","Perfected Strike"],"picked":"Uppercut","floor":5},{"not_picked":["Shockwave","Clothesline"],"picked":"Pommel Strike","floor":7},{"not_picked":["Dark Embrace","Wild Strike","Body Slam"],"picked":"SKIP","floor":8},{"not_picked":["Havoc","Pommel Strike","Sentinel"],"picked":"SKIP","floor":11},{"not_picked":["Sword Boomerang","Burning Pact"],"picked":"Shrug It Off","floor":12},{"not_picked":["Burning Pact","Warcry"],"picked":"Feel No Pain","floor":13}],"player_experience":2042747,"relics_obtained":[{"floor":7,"key":"Vajra"},{"floor":12,"key":"Centennial Puzzle"},{"floor":13,"key":"Paper Frog"}],"event_choices":[{"damage_healed":0,"gold_gain":150,"player_choice":"AGREE","damage_taken":0,"max_hp_gain":0,"max_hp_loss":0,"event_name":"Liars Game","floor":2,"gold_loss":0,"cards_obtained":["Doubt"]},{"cards_removed":["Doubt"],"damage_healed":0,"gold_gain":0,"player_choice":"Forget","damage_taken":0,"max_hp_gain":0,"max_hp_loss":0,"event_name":"Living Wall","floor":3,"gold_loss":0},{"cards_removed":["Strike_R"],"damage_healed":0,"gold_gain":0,"player_choice":"Card Removal","damage_taken":7,"max_hp_gain":0,"max_hp_loss":0,"event_name":"Golden Wing","floor":4,"gold_loss":0},{"damage_healed":0,"gold_gain":75,"player_choice":"Gather Gold","damage_taken":11,"max_hp_gain":0,"max_hp_loss":0,"event_name":"World of Goop","floor":10,"gold_loss":0},{"damage_healed":0,"gold_gain":0,"player_choice":"Searched \u00271\u0027 times","damage_taken":0,"max_hp_gain":0,"max_hp_loss":0,"event_name":"Dead Adventurer","floor":12,"gold_loss":0}],"is_beta":false,"boss_relics":[],"items_purged_floors":[],"is_endless":false,"potions_floor_spawned":[5,7,11],"killed_by":"2 Fungi Beasts","ascension_level":20}