{"gold_per_floor":[116,136,47,60,20,49,49,49,49,76,35,35,35,52,52,126,126,146,146,162,62,86,118,118,147,159,171,193,230,242,306,318,408,420,450,462,485,497,519,566,578,590,629,695,6,38,38,55,55,55,55,55,55,5,32,32],"floor_reached":57,"playtime":2430,"items_purged":["Strike_R","Strike_R"],"score":3119,"play_id":"5e2f1dd7-92c7-4066-8c3a-713bb1992085","local_time":"20230118123230","is_ascension_mode":true,"campfire_choices":[{"data":"Corruption","floor":7.0,"key":"SMITH"},{"floor":12.0,"key":"REST"},{"data":"Feel No Pain","floor":15.0,"key":"SMITH"},{"floor":24,"key":"RECALL"},{"data":"Panacea","floor":27,"key":"SMITH"},{"data":"Second Wind","floor":32,"key":"SMITH"},{"data":"1","floor":49,"key":"LIFT"},{"data":"2","floor":53,"key":"LIFT"}],"neow_cost":"CURSE","seed_source_timestamp":146799490328900,"circlet_count":0,"master_deck":["AscendersBane","Strike_R+1","Defend_R","Defend_R","Defend_R","Defend_R","Bash","Corruption+1","Twin Strike","Rampage","Rupture","Madness","Armaments","Fire Breathing","Sentinel","Feel No Pain+1","Offering","Exhume","Panacea+1","Disarm","Dropkick+1","Second Wind+1","Limit Break","Carnage","Disarm","Madness","Madness","Havoc"],"special_seed":0,"relics":["Black Blood","Dead Branch","Bottled Tornado","Tiny Chest","Busted Crown","Meat on the Bone","MawBank","FossilizedHelix","Bronze Scales","Bag of Preparation","Ice Cream","Whetstone","Girya","Bag of Marbles","Smiling Mask","Magic Flower","Potion Belt","Sling","Pen Nib","Mummified Hand"],"potions_floor_usage":[16,25,40],"damage_taken":[{"damage":11.0,"enemies":"Cultist","floor":1.0,"turns":5.0},{"damage":16.0,"enemies":"2 Louse","floor":2.0,"turns":2.0},{"damage":12.0,"enemies":"Small Slimes","floor":4.0,"turns":4.0},{"damage":19.0,"enemies":"Lagavulin","floor":6.0,"turns":6.0},{"damage":15.0,"enemies":"3 Sentries","floor":10.0,"turns":4.0},{"damage":0.0,"enemies":"Exordium Wildlife","floor":14.0,"turns":2.0},{"damage":18,"enemies":"The Guardian","floor":16,"turns":6},{"damage":8,"enemies":"2 Thieves","floor":18,"turns":2},{"damage":3,"enemies":"3 Byrds","floor":20,"turns":3},{"damage":12,"enemies":"Book of Stabbing","floor":23,"turns":3},{"damage":27,"enemies":"Gremlin Leader","floor":25,"turns":6},{"damage":1,"enemies":"Snake Plant","floor":28,"turns":2},{"damage":6,"enemies":"Book of Stabbing","floor":29,"turns":4},{"damage":21,"enemies":"Collector","floor":33,"turns":6},{"damage":2,"enemies":"Orb Walker","floor":35,"turns":3},{"damage":0,"enemies":"3 Shapes","floor":37,"turns":4},{"damage":12,"enemies":"Transient","floor":39,"turns":3},{"damage":29,"enemies":"Reptomancer","floor":40,"turns":3},{"damage":0,"enemies":"Giant Head","floor":46,"turns":2},{"damage":0,"enemies":"Jaw Worm Horde","floor":48,"turns":2},{"damage":11,"enemies":"Donu and Deca","floor":50,"turns":4},{"damage":11,"enemies":"Awakened One","floor":51,"turns":5},{"damage":6,"enemies":"Shield and Spear","floor":55,"turns":3},{"damage":24,"enemies":"The Heart","floor":56,"turns":5}],"seed_played":"-5101795587783855644","potions_obtained":[{"floor":1.0,"key":"PowerPotion"},{"floor":6.0,"key":"FearPotion"},{"floor":16,"key":"LiquidMemories"},{"floor":20,"key":"FearPotion"},{"floor":28,"key":"Ancient Potion"},{"floor":33,"key":"AttackPotion"},{"floor":37,"key":"FairyPotion"},{"floor":40,"key":"FearPotion"},{"floor":55,"key":"FairyPotion"}],"is_trial":false,"path_per_floor":["M","M","$","M","?","E","R","?","T","E","$","R","$","M","R","B",null,"M","?","M","$","T","E","R","E","T","R","M","E","$","T","R","B",null,"M","?","M","T","M","E","T","?","T","T","$","E","?","M","R","B","B",null,"R","$","E","B",null],"character_chosen":"IRONCLAD","items_purchased":["Madness","Feel No Pain","Panacea","Magic Flower","Potion Belt","Sling"],"campfire_rested":1,"item_purchase_floors":[3,11,21,45,45,45],"current_hp_per_floor":[63,53,53,47,47,34,34,34,34,25,25,47,47,53,53,41,67,65,65,68,68,68,62,62,53,53,53,58,58,58,58,58,55,70,75,75,75,75,75,58,58,58,58,58,58,75,61,75,75,75,75,75,75,75,75,69],"gold":32,"neow_bonus":"TRANSFORM_TWO_CARDS","is_prod":false,"is_daily":false,"chose_seed":false,"campfire_upgraded":4,"win_rate":0,"timestamp":1674041550,"path_taken":["M","?","$","M","?","E","R","?","T","E","?","R","$","M","R","BOSS","M","?","?","$","?","E","R","E","T","R","?","E","$","?","R","BOSS","M","?","M","?","?","E","?","?","T","?","$","E","?","M","R","BOSS","BOSS","R","$","E","BOSS"],"build_version":"2022-12-18","purchased_purges":2,"victory":true,"max_hp_per_floor":[75,75,75,75,75,75,75,75,75,75,75,75,75,75,75,75,75,75,75,75,75,75,75,75,75,75,75,75,75,75,75,75,75,75,75,75,75,75,75,75,75,75,75,75,75,75,75,75,75,75,75,75,75,75,75,75],"card_choices":[{"not_picked":["Thunderclap","Flex"],"picked":"Rampage","floor":1.0},{"not_picked":["Clash","Clothesline"],"picked":"Rupture","floor":2.0},{"not_picked":["Body Slam","Thunderclap"],"picked":"Armaments","floor":4.0},{"not_picked":["Rupture","Hemokinesis"],"picked":"Fire Breathing","floor":6.0},{"not_picked":["Iron Wave","Entrench"],"picked":"Sentinel","floor":10.0},{"not_picked":["Havoc","Wild Strike"],"picked":"Offering","floor":14.0},{"not_picked":["Reaper","Offering"],"picked":"Exhume","floor":16},{"not_picked":["Blood for Blood"],"picked":"SKIP","floor":18},{"not_picked":["Metallicize"],"picked":"SKIP","floor":20},{"not_picked":[],"picked":"Disarm","floor":23},{"not_picked":["Wild Strike"],"picked":"SKIP","floor":25},{"not_picked":[],"picked":"Dropkick","floor":28},{"not_picked":[],"picked":"Second Wind","floor":29},{"not_picked":[],"picked":"Limit Break","floor":33},{"not_picked":["Perfected Strike"],"picked":"SKIP","floor":35},{"not_picked":[],"picked":"Carnage","floor":37},{"not_picked":[],"picked":"Disarm","floor":39},{"not_picked":["Twin Strike"],"picked":"SKIP","floor":40},{"not_picked":["Anger"],"picked":"SKIP","floor":46},{"not_picked":["Cleave"],"picked":"SKIP","floor":48},{"not_picked":[],"picked":"Havoc","floor":55}],"player_experience":2013903,"relics_obtained":[{"floor":6.0,"key":"Dead Branch"},{"floor":9.0,"key":"Bottled Tornado"},{"floor":10.0,"key":"Tiny Chest"},{"floor":23,"key":"Meat on the Bone"},{"floor":25,"key":"MawBank"},{"floor":26,"key":"FossilizedHelix"},{"floor":29,"key":"Bronze Scales"},{"floor":31,"key":"Bag of Preparation"},{"floor":38,"key":"Ice Cream"},{"floor":40,"key":"Whetstone"},{"floor":41,"key":"Girya"},{"floor":43,"key":"Bag of Marbles"},{"floor":44,"key":"Smiling Mask"},{"floor":46,"key":"Pen Nib"},{"floor":55,"key":"Mummified Hand"}],"event_choices":[{"damage_healed":0.0,"max_hp_gain":0.0,"max_hp_loss":0.0,"gold_gain":0.0,"event_name":"World of Goop","player_choice":"Left Gold","floor":5.0,"gold_loss":40.0,"damage_taken":0.0},{"damage_healed":0.0,"max_hp_gain":0.0,"max_hp_loss":0.0,"gold_gain":0.0,"event_name":"Shining Light","player_choice":"Ignored","floor":8.0,"gold_loss":0.0,"damage_taken":0.0},{"cards_removed":["Regret"],"damage_healed":0,"gold_gain":0,"player_choice":"Removed Curses","damage_taken":0,"max_hp_gain":0,"max_hp_loss":0,"event_name":"Fountain of Cleansing","floor":19,"gold_loss":0},{"damage_healed":0,"gold_gain":0,"player_choice":"Ignored","damage_taken":0,"max_hp_gain":0,"max_hp_loss":0,"event_name":"Tomb of Lord Red Mask","floor":36,"gold_loss":0},{"damage_healed":0,"gold_gain":0,"player_choice":"Got Potions","damage_taken":0,"max_hp_gain":0,"max_hp_loss":0,"event_name":"Lab","floor":42,"gold_loss":0},{"damage_healed":0,"gold_gain":0,"player_choice":"Embrace Madness","damage_taken":14,"max_hp_gain":0,"max_hp_loss":0,"event_name":"Winding Halls","floor":47,"gold_loss":0,"cards_obtained":["Madness","Madness"]}],"is_beta":false,"boss_relics":[{"not_picked":["Velvet Choker","Calling Bell"],"picked":"Busted Crown"},{"not_picked":["SlaversCollar","Runic Pyramid"],"picked":"Black Blood"}],"items_purged_floors":[45,54],"is_endless":false,"potions_floor_spawned":[1,6,16,20,28,33,35,37,40,55],"ascension_level":20}