{"gold_per_floor":[111,111,136,148,148,181,181,208,259,202,218,245,245,270,270,344,344,364,364,41,41,55,90,90,118,143,153,103,123,146,180,180,257,257,285,42,64,0,9,45,45,75,101,101,101,101,33,33,33,33,33],"floor_reached":51,"playtime":1720,"items_purged":["Perfected Strike+1"],"score":1616,"play_id":"52077251-e7f7-4362-8053-60ebe490de0b","local_time":"20230122134803","is_ascension_mode":true,"campfire_choices":[{"floor":13,"key":"REST"},{"data":"Flame Barrier","floor":15,"key":"SMITH"},{"floor":24,"key":"REST"},{"floor":32,"key":"REST"},{"floor":41,"key":"REST"},{"floor":45,"key":"REST"},{"floor":49,"key":"RECALL"}],"neow_cost":"NONE","seed_source_timestamp":9573511568100,"circlet_count":0,"master_deck":["AscendersBane","Bash","Uppercut","Whirlwind+1","Pommel Strike+1","Flame Barrier+1","Inflame+1","Barricade+1","Reckless Charge+1","Body Slam+1","Shockwave","Iron Wave+1","Second Wind","Bloodletting","True Grit","Bludgeon+1","Body Slam+1","Flame Barrier+1","True Grit","Cleave+1","Offering","Pummel+1","Shrug It Off","Fire Breathing+1","Berserk+1","CurseOfTheBell","Entrench","Battle Trance+1","Flash of Steel+1","Burning Pact","Feel No Pain+1"],"relics":["Mark of Pain","Toy Ornithopter","Art of War","Champion Belt","Molten Egg 2","Orichalcum","Darkstone Periapt","Frozen Egg 2","Pandora\u0027s Box","Anchor","Tiny Chest","Red Skull","Bag of Preparation","MealTicket","Regal Pillow","Charon\u0027s Ashes","Calling Bell","CeramicFish","Self Forming Clay","Du-Vu Doll","TheAbacus","Red Mask","Omamori","Meat on the Bone","Eternal Feather"],"potions_floor_usage":[12,18,23,31,40,42],"damage_taken":[{"damage":0,"enemies":"Cultist","floor":1,"turns":3},{"damage":2,"enemies":"Jaw Worm","floor":4,"turns":4},{"damage":7,"enemies":"Lagavulin","floor":6,"turns":6},{"damage":39,"enemies":"Gremlin Nob","floor":8,"turns":5},{"damage":0,"enemies":"2 Louse","floor":11,"turns":2},{"damage":3,"enemies":"Lagavulin","floor":12,"turns":4},{"damage":0,"enemies":"Gremlin Nob","floor":14,"turns":3},{"damage":26,"enemies":"Slime Boss","floor":16,"turns":9},{"damage":3,"enemies":"3 Byrds","floor":18,"turns":2},{"damage":12,"enemies":"Shell Parasite","floor":22,"turns":5},{"damage":47,"enemies":"Slavers","floor":23,"turns":6},{"damage":21,"enemies":"Gremlin Leader","floor":25,"turns":6},{"damage":0,"enemies":"3 Cultists","floor":27,"turns":3},{"damage":0,"enemies":"Snecko","floor":29,"turns":3},{"damage":6,"enemies":"Slavers","floor":31,"turns":3},{"damage":21,"enemies":"Automaton","floor":33,"turns":8},{"damage":0,"enemies":"3 Shapes","floor":35,"turns":4},{"damage":0,"enemies":"Orb Walker","floor":37,"turns":2},{"damage":43,"enemies":"Reptomancer","floor":40,"turns":4},{"damage":49,"enemies":"Giant Head","floor":42,"turns":7},{"damage":63,"enemies":"Awakened One","floor":50,"turns":10},{"damage":32,"enemies":"Donu and Deca","floor":51,"turns":3}],"seed_played":"3911126159845249474","potions_obtained":[{"floor":4,"key":"Dexterity Potion"},{"floor":12,"key":"PowerPotion"},{"floor":16,"key":"BloodPotion"},{"floor":22,"key":"SpeedPotion"},{"floor":31,"key":"Weak Potion"},{"floor":40,"key":"SkillPotion"}],"is_trial":false,"path_per_floor":["M","T","T","M","?","E","?","E","T","$","M","E","R","E","R","B",null,"M","?","$","?","M","E","R","E","T","M","?","M","T","E","R","B",null,"M","$","M","?","?","E","R","E","T","?","R","T","$","?","R","B","B"],"character_chosen":"IRONCLAD","items_purchased":["Block Potion","Anchor","Tiny Chest","TheAbacus","Feel No Pain+1"],"campfire_rested":5,"item_purchase_floors":[10,20,20,36,47],"current_hp_per_floor":[68,68,68,66,40,33,58,19,19,19,19,21,43,43,43,17,61,63,63,63,63,51,9,31,10,10,10,10,10,10,24,61,40,72,72,81,81,81,81,38,77,33,33,33,72,72,81,81,81,30,0],"gold":33,"neow_bonus":"BOSS_RELIC","is_prod":false,"is_daily":false,"chose_seed":false,"campfire_upgraded":1,"win_rate":0,"timestamp":1674391683,"path_taken":["M","?","?","M","?","E","?","E","T","$","M","E","R","E","R","BOSS","M","?","$","?","?","E","R","E","T","M","?","M","?","E","R","BOSS","M","$","M","?","?","E","R","E","T","?","R","?","$","?","R","BOSS","BOSS"],"build_version":"2022-12-18","purchased_purges":1,"victory":false,"max_hp_per_floor":[75,75,75,75,75,75,75,75,75,75,75,75,75,75,75,75,75,75,75,75,75,75,75,75,75,75,75,75,75,75,75,75,75,81,81,81,81,81,81,81,81,81,81,81,81,81,81,81,81,81,81],"card_choices":[{"not_picked":["Thunderclap","Hemokinesis"],"picked":"Shrug It Off","floor":1},{"not_picked":["Thunderclap","Ghostly Armor"],"picked":"Uppercut","floor":4},{"not_picked":["Armaments","Entrench","Havoc"],"picked":"SKIP","floor":6},{"not_picked":["Perfected Strike+1","Bludgeon+1"],"picked":"Whirlwind+1","floor":8},{"not_picked":["Sword Boomerang+1","Clothesline+1"],"picked":"Pommel Strike+1","floor":11},{"not_picked":["Havoc","Thunderclap+1"],"picked":"Flame Barrier","floor":12},{"not_picked":["Clothesline+1","Pommel Strike+1"],"picked":"Inflame+1","floor":14},{"not_picked":["Exhume","Brutality+1"],"picked":"Barricade+1","floor":16},{"not_picked":["Havoc","Pommel Strike+1"],"picked":"Body Slam+1","floor":18},{"not_picked":["Inflame+1","Clothesline+1"],"picked":"True Grit","floor":22},{"not_picked":["Evolve+1","Wild Strike+1"],"picked":"Cleave+1","floor":23},{"not_picked":["Searing Blow+1","Dark Embrace+1"],"picked":"Offering","floor":25},{"not_picked":["Searing Blow+1","Sword Boomerang+1"],"picked":"Pummel+1","floor":27},{"not_picked":["Cleave+1","Bloodletting"],"picked":"Shrug It Off","floor":29},{"not_picked":["Headbutt+1","Anger+1"],"picked":"Fire Breathing+1","floor":31},{"not_picked":["Double Tap","Bludgeon+1"],"picked":"Berserk+1","floor":33},{"not_picked":["Feel No Pain+1","Rupture+1"],"picked":"Entrench","floor":35},{"not_picked":["Sword Boomerang+1","Iron Wave+1"],"picked":"Battle Trance+1","floor":37},{"not_picked":["PanicButton","Jack Of All Trades"],"picked":"Flash of Steel+1","floor":39},{"not_picked":["Cleave+1","Pummel+1"],"picked":"Burning Pact","floor":40},{"not_picked":["Bludgeon+1","Twin Strike+1","Clothesline+1"],"picked":"SKIP","floor":42}],"player_experience":2025437,"relics_obtained":[{"floor":2,"key":"Toy Ornithopter"},{"floor":3,"key":"Art of War"},{"floor":6,"key":"Molten Egg 2"},{"floor":9,"key":"Orichalcum"},{"floor":12,"key":"Darkstone Periapt"},{"floor":14,"key":"Frozen Egg 2"},{"floor":23,"key":"Red Skull"},{"floor":25,"key":"Bag of Preparation"},{"floor":26,"key":"MealTicket"},{"floor":30,"key":"Regal Pillow"},{"floor":31,"key":"Charon\u0027s Ashes"},{"floor":34,"key":"CeramicFish"},{"floor":34,"key":"Self Forming Clay"},{"floor":34,"key":"Du-Vu Doll"},{"floor":40,"key":"Omamori"},{"floor":42,"key":"Meat on the Bone"},{"floor":46,"key":"Eternal Feather"}],"event_choices":[{"damage_healed":0,"gold_gain":0,"player_choice":"Success","damage_taken":26,"relics_obtained":["Champion Belt"],"max_hp_gain":0,"max_hp_loss":0,"event_name":"Scrap Ooze","floor":5,"gold_loss":0},{"damage_healed":25,"gold_gain":0,"player_choice":"Banana","damage_taken":0,"max_hp_gain":0,"max_hp_loss":0,"event_name":"Big Fish","floor":7,"gold_loss":0},{"damage_healed":0,"gold_gain":0,"player_choice":"Ignored","damage_taken":0,"max_hp_gain":0,"max_hp_loss":0,"event_name":"Vampires","floor":19,"gold_loss":0},{"damage_healed":0,"gold_gain":0,"player_choice":"Copied","damage_taken":0,"max_hp_gain":0,"max_hp_loss":0,"event_name":"Duplicator","floor":21,"gold_loss":0,"cards_obtained":["Flame Barrier"]},{"damage_healed":0,"gold_gain":0,"player_choice":"Bet on Murderer","damage_taken":0,"max_hp_gain":0,"max_hp_loss":0,"event_name":"The Joust","floor":28,"gold_loss":50},{"damage_healed":0,"gold_gain":0,"player_choice":"Paid","damage_taken":0,"relics_obtained":["Red Mask"],"max_hp_gain":0,"max_hp_loss":0,"event_name":"Tomb of Lord Red Mask","floor":38,"gold_loss":64},{"damage_healed":0,"gold_gain":0,"player_choice":"Memory 1","damage_taken":0,"max_hp_gain":0,"max_hp_loss":0,"event_name":"SensoryStone","floor":39,"gold_loss":0},{"damage_healed":0,"gold_gain":0,"player_choice":"Ignored","damage_taken":0,"max_hp_gain":0,"max_hp_loss":0,"event_name":"Mysterious Sphere","floor":44,"gold_loss":0},{"cards_removed":["Shrug It Off"],"damage_healed":0,"gold_gain":0,"player_choice":"Removed Skill","damage_taken":0,"max_hp_gain":0,"max_hp_loss":0,"event_name":"Falling","floor":48,"gold_loss":0}],"is_beta":false,"boss_relics":[{"not_picked":["Sozu","Coffee Dripper"],"picked":"Pandora\u0027s Box"},{"not_picked":["Empty Cage","Black Star"],"picked":"Calling Bell"}],"items_purged_floors":[36],"is_endless":false,"potions_floor_spawned":[4,11,12,16,22,31,40],"killed_by":"Donu and Deca","ascension_level":20}