{"gold_per_floor":[115,265,265,235,45,45,80,93,93,93,93,18,30,65,65,143,143,159,159,179,179,199,199,199],"floor_reached":24,"playtime":601,"items_purged":["Regret"],"score":454,"play_id":"07044b46-bd6a-40ce-a058-f3f89181b9bd","local_time":"20230123200927","is_ascension_mode":true,"campfire_choices":[{"data":"Apotheosis","floor":6,"key":"SMITH"},{"data":"Whirlwind","floor":11,"key":"SMITH"},{"floor":15,"key":"RECALL"},{"floor":23,"key":"REST"}],"neow_cost":"NONE","seed_source_timestamp":608160536208500,"circlet_count":0,"master_deck":["AscendersBane","Strike_R","Strike_R","Defend_R","Defend_R","Defend_R","Defend_R","Bash","Sword Boomerang","Apotheosis+1","Feel No Pain","Whirlwind+1","Reckless Charge","Shockwave","Exhume","Whirlwind+1","Clash+1","Feel No Pain+1","Evolve","RitualDagger","Warcry+1"],"relics":["Burning Blood","NeowsBlessing","PreservedInsect","Turnip","Oddly Smooth Stone","Red Skull","Astrolabe"],"potions_floor_usage":[16,16,16,24],"damage_taken":[{"damage":0,"enemies":"2 Louse","floor":1,"turns":1},{"damage":0,"enemies":"Lagavulin","floor":7,"turns":1},{"damage":0,"enemies":"Small Slimes","floor":8,"turns":1},{"damage":0,"enemies":"Cultist","floor":13,"turns":3},{"damage":17,"enemies":"Gremlin Nob","floor":14,"turns":4},{"damage":10,"enemies":"Slime Boss","floor":16,"turns":7},{"damage":25,"enemies":"Shell Parasite","floor":18,"turns":8},{"damage":16,"enemies":"Chosen","floor":20,"turns":8},{"damage":26,"enemies":"Centurion and Healer","floor":22,"turns":5},{"damage":46,"enemies":"Gremlin Leader","floor":24,"turns":5}],"seed_played":"-1842755310290071971","potions_obtained":[{"floor":4,"key":"EntropicBrew"},{"floor":4,"key":"PowerPotion"},{"floor":16,"key":"Dexterity Potion"}],"is_trial":false,"path_per_floor":["M","?","?","?","$","R","E","M","T","?","R","$","M","E","R","B",null,"M","?","M","?","M","R","E"],"character_chosen":"IRONCLAD","items_purchased":["Apotheosis"],"campfire_rested":1,"item_purchase_floors":[5],"current_hp_per_floor":[74,74,67,67,67,67,73,75,75,75,75,75,75,64,64,60,71,52,46,36,36,16,38,0],"gold":199,"neow_bonus":"THREE_ENEMY_KILL","is_prod":false,"is_daily":false,"chose_seed":false,"campfire_upgraded":2,"win_rate":0,"timestamp":1674500967,"path_taken":["M","?","?","?","$","R","E","?","T","?","R","$","M","E","R","BOSS","M","?","M","?","M","R","E"],"build_version":"2022-12-18","purchased_purges":1,"victory":false,"max_hp_per_floor":[75,75,75,75,75,75,75,75,75,75,75,75,75,75,75,75,75,75,75,75,75,75,75,75],"card_choices":[{"not_picked":["Body Slam","Anger"],"picked":"Sword Boomerang","floor":1},{"not_picked":["Perfected Strike","Entrench"],"picked":"Feel No Pain","floor":7},{"not_picked":["Pommel Strike","Sentinel"],"picked":"Whirlwind","floor":8},{"not_picked":["Combust","Perfected Strike"],"picked":"Reckless Charge","floor":13},{"not_picked":["Second Wind","Flame Barrier"],"picked":"Shockwave","floor":14},{"not_picked":["Feed","Double Tap"],"picked":"Exhume","floor":16},{"not_picked":["Spot Weakness","Twin Strike"],"picked":"Evolve","floor":18},{"not_picked":["Dual Wield","Ghostly Armor"],"picked":"Warcry+1","floor":20},{"not_picked":["Shockwave","Sword Boomerang","Body Slam"],"picked":"SKIP","floor":22}],"player_experience":2054250,"relics_obtained":[{"floor":7,"key":"PreservedInsect"},{"floor":9,"key":"Turnip"},{"floor":14,"key":"Red Skull"}],"event_choices":[{"damage_healed":0,"gold_gain":150,"player_choice":"AGREE","damage_taken":0,"max_hp_gain":0,"max_hp_loss":0,"event_name":"Liars Game","floor":2,"gold_loss":0,"cards_obtained":["Doubt"]},{"cards_removed":["Doubt"],"damage_healed":0,"gold_gain":0,"player_choice":"Card Removal","damage_taken":7,"max_hp_gain":0,"max_hp_loss":0,"event_name":"Golden Wing","floor":3,"gold_loss":0},{"damage_healed":0,"gold_gain":0,"player_choice":"Bought 2 Potions","damage_taken":0,"max_hp_gain":0,"max_hp_loss":0,"event_name":"The Woman in Blue","floor":4,"gold_loss":0},{"damage_healed":0,"gold_gain":0,"player_choice":"Box","damage_taken":0,"relics_obtained":["Oddly Smooth Stone"],"max_hp_gain":0,"max_hp_loss":0,"event_name":"Big Fish","floor":10,"gold_loss":0,"cards_obtained":["Regret"]},{"damage_healed":0,"gold_gain":0,"player_choice":"Joined the Cult","damage_taken":6,"max_hp_gain":0,"max_hp_loss":0,"event_name":"Nest","floor":19,"gold_loss":0,"cards_obtained":["RitualDagger"]},{"damage_healed":0,"gold_gain":0,"player_choice":"Ignored","damage_taken":0,"max_hp_gain":0,"max_hp_loss":0,"event_name":"Vampires","floor":21,"gold_loss":0}],"is_beta":false,"boss_relics":[{"not_picked":["Empty Cage","Coffee Dripper"],"picked":"Astrolabe"}],"items_purged_floors":[12],"is_endless":false,"potions_floor_spawned":[13,16,18],"killed_by":"Gremlin Leader","ascension_level":20}