{"gold_per_floor":[112,112,262,274,174,207,235,254,333,333,344,379,17,37,37,133,133,151,74,74,88,99,99,128,146,146,146],"floor_reached":27,"playtime":1052,"items_purged":["Doubt"],"score":536,"play_id":"779bfb9a-2e6f-4a92-9bbc-c62e06a550ec","local_time":"20230119140405","is_ascension_mode":true,"campfire_choices":[{"data":"Pommel Strike","floor":10,"key":"SMITH"},{"data":"Disarm","floor":15,"key":"SMITH"},{"floor":23,"key":"RECALL"}],"neow_cost":"NONE","seed_source_timestamp":7309883518500,"circlet_count":0,"master_deck":["AscendersBane","Strike_R","Strike_R","Strike_R","Strike_R","Strike_R","Defend_R","Defend_R","Defend_R","Defend_R","Bash","Inflame+1","Pommel Strike","Pommel Strike+1","Impervious","Thunderclap","Seeing Red","Disarm+1","Sadistic Nature+1","Intimidate","Brutality+1","Second Wind+1","Inflame+1","Limit Break","Burning Pact","Juggernaut+1","Pummel"],"relics":["Burning Blood","NeowsBlessing","Odd Mushroom","Frozen Egg 2","MealTicket","Toolbox","Fusion Hammer","Nloth\u0027s Gift","Bag of Marbles","Thread and Needle"],"potions_floor_usage":[12,24,25,27],"damage_taken":[{"damage":0,"enemies":"Jaw Worm","floor":1,"turns":1},{"damage":0,"enemies":"2 Louse","floor":4,"turns":1},{"damage":0,"enemies":"Lagavulin","floor":6,"turns":1},{"damage":13,"enemies":"The Mushroom Lair","floor":7,"turns":5},{"damage":1,"enemies":"Cultist","floor":8,"turns":3},{"damage":16,"enemies":"Lots of Slimes","floor":11,"turns":4},{"damage":8,"enemies":"Gremlin Nob","floor":12,"turns":3},{"damage":6,"enemies":"3 Louse","floor":14,"turns":3},{"damage":36,"enemies":"Hexaghost","floor":16,"turns":9},{"damage":13,"enemies":"Shell Parasite","floor":18,"turns":4},{"damage":19,"enemies":"Spheric Guardian","floor":21,"turns":4},{"damage":8,"enemies":"Snecko","floor":22,"turns":4},{"damage":15,"enemies":"Book of Stabbing","floor":24,"turns":4},{"damage":61,"enemies":"Centurion and Healer","floor":25,"turns":5},{"damage":20,"enemies":"Slavers","floor":27,"turns":1}],"seed_played":"2146469515727651552","potions_obtained":[{"floor":1,"key":"Fire Potion"},{"floor":4,"key":"Weak Potion"},{"floor":7,"key":"Energy Potion"},{"floor":12,"key":"Regen Potion"},{"floor":16,"key":"Energy Potion"},{"floor":25,"key":"GamblersBrew"}],"is_trial":false,"path_per_floor":["M","?","?","M","$","E","?","M","T","R","M","E","$","M","R","B",null,"M","$","?","M","M","R","E","M","T","E"],"character_chosen":"IRONCLAD","items_purchased":["Pommel Strike","Sadistic Nature+1","Toolbox","Inflame+1"],"campfire_rested":0,"item_purchase_floors":[5,13,13,19],"current_hp_per_floor":[74,74,74,75,75,75,68,73,73,73,63,61,75,75,75,45,68,61,75,75,62,60,60,51,10,10,0],"gold":146,"neow_bonus":"THREE_ENEMY_KILL","is_prod":false,"is_daily":false,"chose_seed":false,"campfire_upgraded":2,"win_rate":0,"timestamp":1674133445,"path_taken":["M","?","?","M","$","E","?","M","T","R","M","E","$","M","R","BOSS","M","$","?","M","M","R","E","?","T","E"],"build_version":"2022-12-18","purchased_purges":1,"victory":false,"max_hp_per_floor":[75,75,75,75,75,75,75,75,75,75,75,75,75,75,75,75,75,75,75,75,75,75,75,75,75,75,75],"card_choices":[{"not_picked":["Combust","Iron Wave"],"picked":"Inflame","floor":1},{"not_picked":["Infernal Blade","Clothesline"],"picked":"Pommel Strike","floor":4},{"not_picked":["Cleave","Whirlwind"],"picked":"Impervious","floor":6},{"not_picked":["Carnage","Metallicize"],"picked":"Thunderclap","floor":7},{"not_picked":["Flame Barrier","Armaments"],"picked":"Seeing Red","floor":8},{"not_picked":["Iron Wave","Blood for Blood","Heavy Blade"],"picked":"SKIP","floor":11},{"not_picked":["Iron Wave","Dropkick"],"picked":"Disarm","floor":12},{"not_picked":["Heavy Blade","Perfected Strike"],"picked":"Intimidate","floor":14},{"not_picked":["Impervious","Offering"],"picked":"Brutality+1","floor":16},{"not_picked":["Searing Blow+1","Heavy Blade+1"],"picked":"Second Wind+1","floor":18},{"not_picked":["Thunderclap","Twin Strike"],"picked":"Limit Break","floor":21},{"not_picked":["True Grit","Armaments+1"],"picked":"Burning Pact","floor":22},{"not_picked":["Inflame+1","Perfected Strike"],"picked":"Juggernaut+1","floor":24},{"not_picked":["Thunderclap","Anger"],"picked":"Pummel","floor":25}],"player_experience":2017009,"relics_obtained":[{"floor":6,"key":"Dream Catcher"},{"floor":7,"key":"Odd Mushroom"},{"floor":9,"key":"Frozen Egg 2"},{"floor":12,"key":"MealTicket"},{"floor":24,"key":"Bag of Marbles"},{"floor":26,"key":"Thread and Needle"}],"event_choices":[{"damage_healed":0,"gold_gain":0,"player_choice":"Grow","damage_taken":0,"max_hp_gain":0,"max_hp_loss":0,"event_name":"Living Wall","floor":2,"gold_loss":0,"cards_upgraded":["Inflame"]},{"damage_healed":0,"gold_gain":150,"player_choice":"AGREE","damage_taken":0,"max_hp_gain":0,"max_hp_loss":0,"event_name":"Liars Game","floor":3,"gold_loss":0,"cards_obtained":["Doubt"]},{"damage_healed":0,"gold_gain":0,"player_choice":"Fought Mushrooms","damage_taken":0,"max_hp_gain":0,"max_hp_loss":0,"event_name":"Mushrooms","floor":7,"gold_loss":0},{"damage_healed":0,"gold_gain":0,"player_choice":"Traded Relic","damage_taken":0,"relics_obtained":["Nloth\u0027s Gift"],"max_hp_gain":0,"max_hp_loss":0,"event_name":"N\u0027loth","floor":20,"relics_lost":["Dream Catcher"],"gold_loss":0}],"is_beta":false,"boss_relics":[{"not_picked":["Runic Pyramid","Velvet Choker"],"picked":"Fusion Hammer"}],"items_purged_floors":[5],"is_endless":false,"potions_floor_spawned":[1,4,7,12,16,21,25],"killed_by":"Slavers","ascension_level":20}