{"gold_per_floor":[119,129,129,145,162,162,175,208,287,316,4,17,33,33,33,111,111,124,142,142,52,69,102,102,136,136,146,146,160,2,13,13,86,86,106,106,106,116,128,159,159,179,179,179,207,217,227,237,237,237],"floor_reached":50,"playtime":2044,"items_purged":[],"score":1195,"play_id":"27502b1d-4d78-44ae-86b4-f70ec8c784aa","local_time":"20230122121636","is_ascension_mode":true,"campfire_choices":[{"data":"Whirlwind","floor":6.0,"key":"SMITH"},{"data":"Rampage","floor":15.0,"key":"SMITH"},{"data":"Evolve","floor":24.0,"key":"SMITH"},{"data":"1","floor":28.0,"key":"LIFT"},{"data":"2","floor":32.0,"key":"LIFT"},{"floor":41.0,"key":"REST"},{"floor":44,"key":"RECALL"},{"floor":49,"key":"REST"}],"neow_cost":"NONE","seed_source_timestamp":3750431164500,"circlet_count":0,"master_deck":["AscendersBane","Defend_R","Defend_R","Defend_R","Defend_R","Bash","Rampage+1","Whirlwind+1","Clash","Shrug It Off","Fire Breathing","Double Tap+1","Shrug It Off+1","Havoc+1","Offering+1","Immolate","Feel No Pain","Infernal Blade+1","Evolve+1","Havoc+1","Bite","Bite","Bite","Bite","Fire Breathing","Disarm+1","True Grit+1","Disarm+1","Brutality","Clumsy","Rage+1"],"special_seed":0,"relics":["Burning Blood","NeowsBlessing","Eternal Feather","Toxic Egg 2","Prayer Wheel","Lee\u0027s Waffle","Mark of Pain","Toy Ornithopter","Girya","Singing Bowl","Membership Card","Cursed Key","Potion Belt","Pear"],"potions_floor_usage":[47],"damage_taken":[{"damage":0.0,"enemies":"Cultist","floor":1.0,"turns":1.0},{"damage":0.0,"enemies":"2 Louse","floor":2.0,"turns":1.0},{"damage":0.0,"enemies":"Small Slimes","floor":4.0,"turns":1.0},{"damage":18.0,"enemies":"Exordium Thugs","floor":5.0,"turns":4.0},{"damage":6.0,"enemies":"Blue Slaver","floor":7.0,"turns":4.0},{"damage":7.0,"enemies":"3 Sentries","floor":8.0,"turns":5.0},{"damage":47.0,"enemies":"Lagavulin","floor":10.0,"turns":8.0},{"damage":22.0,"enemies":"3 Louse","floor":12.0,"turns":3.0},{"damage":18.0,"enemies":"Exordium Thugs","floor":13.0,"turns":4.0},{"damage":33.0,"enemies":"Slime Boss","floor":16.0,"turns":7.0},{"damage":6.0,"enemies":"Chosen","floor":18.0,"turns":3.0},{"damage":22.0,"enemies":"Spheric Guardian","floor":19.0,"turns":4.0},{"damage":41.0,"enemies":"Centurion and Healer","floor":22.0,"turns":5.0},{"damage":34.0,"enemies":"Book of Stabbing","floor":23.0,"turns":5.0},{"damage":42.0,"enemies":"Gremlin Leader","floor":25.0,"turns":5.0},{"damage":42.0,"enemies":"Shelled Parasite and Fungi","floor":27.0,"turns":11.0},{"damage":6.0,"enemies":"Cultist and Chosen","floor":29.0,"turns":5.0},{"damage":16.0,"enemies":"Snecko","floor":31.0,"turns":7.0},{"damage":109.0,"enemies":"Champ","floor":33.0,"turns":11.0},{"damage":3.0,"enemies":"3 Shapes","floor":35.0,"turns":4.0},{"damage":27.0,"enemies":"3 Darklings","floor":38.0,"turns":3.0},{"damage":36.0,"enemies":"Spire Growth","floor":39.0,"turns":4.0},{"damage":54.0,"enemies":"Reptomancer","floor":40.0,"turns":6.0},{"damage":28.0,"enemies":"Transient","floor":42.0,"turns":6.0},{"damage":35,"enemies":"Nemesis","floor":45,"turns":8},{"damage":49,"enemies":"Maw","floor":46,"turns":7},{"damage":27,"enemies":"Sphere and 2 Shapes","floor":47,"turns":3},{"damage":23,"enemies":"4 Shapes","floor":48,"turns":1},{"damage":93,"enemies":"Awakened One","floor":50,"turns":5}],"seed_played":"-220154487572116245","potions_obtained":[{"floor":4.0,"key":"FairyPotion"},{"floor":7.0,"key":"FairyPotion"},{"floor":25.0,"key":"BloodPotion"},{"floor":29.0,"key":"DistilledChaos"},{"floor":31.0,"key":"SteroidPotion"},{"floor":42.0,"key":"Energy Potion"},{"floor":46,"key":"LiquidMemories"},{"floor":47,"key":"AttackPotion"},{"floor":48,"key":"Dexterity Potion"}],"is_trial":false,"path_per_floor":["M","M","?","M","M","R","M","E","T","E","$","M","M","$","R","B",null,"M","M","?","$","M","E","R","E","T","M","R","M","$","M","R","B",null,"M","?","?","M","M","E","R","M","T","R","E","M","M","M","R","B"],"character_chosen":"IRONCLAD","items_purchased":["Lee\u0027s Waffle","Double Tap+1","Fire Breathing","Membership Card"],"campfire_rested":2,"item_purchase_floors":[11,11,21,30],"current_hp_per_floor":[74,75,75,75,63,63,63,62,62,21,82,66,54,54,63,36,71,71,55,55,55,28,16,31,25,25,33,48,56,56,65,69,32,61,75,75,75,64,50,16,56,58,58,76,75,52,46,31,82,0],"gold":237,"neow_bonus":"THREE_ENEMY_KILL","is_prod":false,"is_daily":false,"chose_seed":false,"campfire_upgraded":3,"win_rate":0,"timestamp":1674386196,"path_taken":["M","?","?","?","M","R","M","E","T","E","$","M","M","?","R","BOSS","M","?","?","?","M","E","R","E","T","M","R","M","$","M","R","BOSS","M","?","?","?","M","E","R","?","T","R","E","M","?","M","R","BOSS"],"build_version":"2022-12-18","purchased_purges":0,"victory":false,"max_hp_per_floor":[75,75,75,75,75,75,75,75,75,75,82,82,82,82,82,82,82,82,82,57,57,57,57,57,57,57,61,61,65,65,69,69,71,71,75,75,75,79,83,85,85,89,89,89,101,105,109,111,111,111],"card_choices":[{"not_picked":["Clash","Dark Embrace"],"picked":"Rampage","floor":1.0},{"not_picked":["Hemokinesis","Cleave"],"picked":"Whirlwind","floor":2.0},{"not_picked":["Armaments","Hemokinesis"],"picked":"Shrug It Off","floor":4.0},{"not_picked":["Armaments","Heavy Blade","Twin Strike"],"picked":"SKIP","floor":5.0},{"not_picked":["Thunderclap","Perfected Strike","Combust"],"picked":"SKIP","floor":7.0},{"not_picked":["Heavy Blade","Exhume","Warcry"],"picked":"SKIP","floor":8.0},{"not_picked":["Twin Strike","Burning Pact+1"],"picked":"Fire Breathing","floor":10.0},{"not_picked":["True Grit+1","Clash"],"picked":"Shrug It Off+1","floor":12.0},{"not_picked":["Rampage","Sword Boomerang"],"picked":"Havoc+1","floor":12.0},{"not_picked":["Sever Soul","Intimidate+1"],"picked":"Offering+1","floor":13.0},{"not_picked":["Entrench+1","Fire Breathing","Thunderclap"],"picked":"SKIP","floor":13.0},{"not_picked":["Impervious+1","Exhume+1"],"picked":"Immolate","floor":16.0},{"not_picked":["Uppercut+1","Cleave"],"picked":"Feel No Pain","floor":18.0},{"not_picked":["Body Slam","Clash"],"picked":"Infernal Blade+1","floor":18.0},{"not_picked":["Iron Wave+1","Infernal Blade+1"],"picked":"Evolve","floor":19.0},{"not_picked":["Twin Strike","Uppercut"],"picked":"Havoc+1","floor":19.0},{"not_picked":["Body Slam","Perfected Strike"],"picked":"Disarm+1","floor":22.0},{"not_picked":["Corruption","Blood for Blood","Combust"],"picked":"SKIP","floor":22.0},{"not_picked":["Wild Strike","Heavy Blade"],"picked":"True Grit+1","floor":23.0},{"not_picked":["Heavy Blade","Anger"],"picked":"Disarm+1","floor":25.0},{"not_picked":["Clash","Iron Wave","Headbutt"],"picked":"Singing Bowl","floor":27.0},{"not_picked":["Flex+1","Pummel","Carnage"],"picked":"Singing Bowl","floor":27.0},{"not_picked":["Rupture","Searing Blow","Disarm+1"],"picked":"Singing Bowl","floor":29.0},{"not_picked":["Sword Boomerang","Thunderclap","Iron Wave"],"picked":"Singing Bowl","floor":29.0},{"not_picked":["Shrug It Off+1","Rupture","Anger+1"],"picked":"Singing Bowl","floor":31.0},{"not_picked":["Clash","Brutality","Infernal Blade+1"],"picked":"Singing Bowl","floor":31.0},{"not_picked":["Barricade","Bludgeon","Offering+1"],"picked":"Singing Bowl","floor":33.0},{"not_picked":["Dual Wield+1","Thunderclap","Sword Boomerang"],"picked":"Singing Bowl","floor":35.0},{"not_picked":["Whirlwind","Reckless Charge","Headbutt"],"picked":"Singing Bowl","floor":35.0},{"not_picked":["Clash","Entrench+1","Fiend Fire"],"picked":"Singing Bowl","floor":38.0},{"not_picked":["Anger","Warcry+1","Burning Pact+1"],"picked":"Singing Bowl","floor":38.0},{"not_picked":["Disarm+1","Clothesline","Headbutt"],"picked":"Singing Bowl","floor":39.0},{"not_picked":["Power Through+1","Carnage","Armaments+1"],"picked":"Singing Bowl","floor":39.0},{"not_picked":["Body Slam","Barricade","Dual Wield+1"],"picked":"Singing Bowl","floor":40.0},{"not_picked":["Entrench+1","Uppercut","Wild Strike"],"picked":"Singing Bowl","floor":42.0},{"not_picked":["Iron Wave+1","Anger","Reckless Charge"],"picked":"Singing Bowl","floor":42.0},{"not_picked":["Perfected Strike+1","Rupture","Dropkick+1"],"picked":"Singing Bowl","floor":45},{"not_picked":["Clothesline","Sword Boomerang","Entrench+1"],"picked":"Singing Bowl","floor":46},{"not_picked":["Infernal Blade+1","Pommel Strike+1","Perfected Strike+1"],"picked":"Singing Bowl","floor":46},{"not_picked":["Heavy Blade+1","Perfected Strike","Shrug It Off+1"],"picked":"Singing Bowl","floor":47},{"not_picked":["Bludgeon","Twin Strike","Uppercut"],"picked":"Singing Bowl","floor":47},{"not_picked":["Sentinel+1","Second Wind+1"],"picked":"Rage+1","floor":48},{"not_picked":["Armaments+1","Thunderclap","Body Slam+1"],"picked":"Singing Bowl","floor":48}],"player_experience":2022457,"relics_obtained":[{"floor":8.0,"key":"Eternal Feather"},{"floor":9.0,"key":"Toxic Egg 2"},{"floor":10.0,"key":"Prayer Wheel"},{"floor":23.0,"key":"Toy Ornithopter"},{"floor":25.0,"key":"Girya"},{"floor":26.0,"key":"Singing Bowl"},{"floor":40.0,"key":"Potion Belt"},{"floor":45,"key":"Pear"}],"event_choices":[{"damage_healed":0.0,"max_hp_gain":0.0,"max_hp_loss":0.0,"gold_gain":0.0,"cards_transformed":["Strike_R"],"event_name":"Transmorgrifier","player_choice":"Transformed","floor":3.0,"gold_loss":0.0,"damage_taken":0.0,"cards_obtained":["Clash"]},{"damage_healed":0.0,"max_hp_gain":0.0,"max_hp_loss":25.0,"gold_gain":0.0,"event_name":"Vampires","player_choice":"Became a vampire","floor":20.0,"gold_loss":0.0,"damage_taken":0.0,"cards_obtained":["Bite","Bite","Bite","Bite","Bite"]},{"cards_removed":["Bite"],"damage_healed":0.0,"max_hp_gain":0.0,"max_hp_loss":0.0,"gold_gain":0.0,"event_name":"Falling","player_choice":"Removed Attack","floor":36.0,"gold_loss":0.0,"damage_taken":0.0},{"damage_healed":0.0,"max_hp_gain":0.0,"max_hp_loss":0.0,"gold_gain":0.0,"event_name":"Match and Keep!","player_choice":"1 cards matched","floor":37.0,"gold_loss":0.0,"damage_taken":0.0,"cards_obtained":["Brutality"]}],"is_beta":false,"boss_relics":[{"not_picked":["Runic Pyramid","Runic Cube"],"picked":"Mark of Pain"},{"not_picked":["Velvet Choker","Pandora\u0027s Box"],"picked":"Cursed Key"}],"items_purged_floors":[],"is_endless":false,"potions_floor_spawned":[4,7,8,13,16,19,22,25,29,31,42,46,47,48],"killed_by":"Awakened One","ascension_level":20}