{"gold_per_floor":[110,128,128,128,141,141,141,141,167,6,6,18,18,48,48,120,120,136,22,22,42,56,56],"floor_reached":23,"playtime":556,"items_purged":[],"score":378,"play_id":"1fc8fc15-ae11-4c36-a7c6-c8187713fad5","local_time":"20230122131353","is_ascension_mode":true,"campfire_choices":[{"data":"Uppercut","floor":6,"key":"SMITH"},{"data":"Shockwave","floor":8,"key":"SMITH"},{"data":"Immolate","floor":11,"key":"SMITH"},{"floor":15,"key":"RECALL"}],"neow_cost":"NONE","seed_source_timestamp":8688320074800,"circlet_count":0,"master_deck":["AscendersBane","Bash","Uppercut+1","Shockwave+1","Immolate+1","Juggernaut+1","Burning Pact","Sentinel","Dual Wield","Juggernaut+1","Feel No Pain+1","Cleave","Dark Embrace+1","Sever Soul","Shrug It Off","Fire Breathing+1","Disarm","Seeing Red"],"relics":["Burning Blood","NeowsBlessing","Letter Opener","PreservedInsect","Frozen Egg 2","Pandora\u0027s Box","CultistMask"],"potions_floor_usage":[14,16,18,23],"damage_taken":[{"damage":0,"enemies":"Small Slimes","floor":1,"turns":1},{"damage":0,"enemies":"Jaw Worm","floor":2,"turns":1},{"damage":2,"enemies":"2 Louse","floor":5,"turns":2},{"damage":0,"enemies":"Large Slime","floor":12,"turns":4},{"damage":14,"enemies":"Gremlin Nob","floor":14,"turns":4},{"damage":45,"enemies":"The Guardian","floor":16,"turns":11},{"damage":27,"enemies":"3 Byrds","floor":18,"turns":3},{"damage":20,"enemies":"Chosen","floor":21,"turns":5},{"damage":23,"enemies":"Shelled Parasite and Fungi","floor":22,"turns":8},{"damage":15,"enemies":"Slavers","floor":23,"turns":1}],"seed_played":"2783342517454495469","potions_obtained":[{"floor":1,"key":"Block Potion"},{"floor":5,"key":"SkillPotion"},{"floor":14,"key":"SkillPotion"},{"floor":22,"key":"ElixirPotion"}],"is_trial":false,"path_per_floor":["M","M","?","?","M","R","?","R","T","$","R","M","?","E","R","B",null,"M","$","?","M","M","E"],"character_chosen":"IRONCLAD","items_purchased":["Immolate","Fire Breathing+1","Disarm"],"campfire_rested":0,"item_purchase_floors":[10,19,19],"current_hp_per_floor":[74,75,68,73,77,77,51,51,51,51,51,57,57,49,49,10,63,42,42,42,28,11,0],"gold":56,"neow_bonus":"THREE_ENEMY_KILL","is_prod":false,"is_daily":false,"chose_seed":false,"campfire_upgraded":3,"win_rate":0,"timestamp":1674389633,"path_taken":["M","M","?","?","?","R","?","R","T","$","R","M","?","E","R","BOSS","M","$","?","M","?","E"],"build_version":"2022-12-18","purchased_purges":0,"victory":false,"max_hp_per_floor":[75,75,75,80,80,80,80,80,80,80,80,80,80,80,80,80,80,80,80,80,80,80,80],"card_choices":[{"not_picked":["Bloodletting","Clash"],"picked":"Uppercut","floor":1},{"not_picked":["Bloodletting","True Grit"],"picked":"Shockwave","floor":2},{"not_picked":["Armaments","Body Slam","Perfected Strike"],"picked":"SKIP","floor":5},{"not_picked":["Iron Wave","Armaments","Flex"],"picked":"SKIP","floor":12},{"not_picked":["Infernal Blade","Thunderclap","Armaments"],"picked":"SKIP","floor":14},{"not_picked":["Barricade+1","Brutality+1"],"picked":"Juggernaut+1","floor":16},{"not_picked":["Headbutt","Clothesline"],"picked":"Shrug It Off","floor":18},{"not_picked":["Pommel Strike","Body Slam","Clash"],"picked":"SKIP","floor":21},{"not_picked":["Headbutt","Hemokinesis"],"picked":"Seeing Red","floor":22}],"player_experience":2024705,"relics_obtained":[{"floor":9,"key":"PreservedInsect"},{"floor":14,"key":"Frozen Egg 2"}],"event_choices":[{"cards_removed":["Strike_R"],"damage_healed":0,"gold_gain":0,"player_choice":"Card Removal","damage_taken":7,"max_hp_gain":0,"max_hp_loss":0,"event_name":"Golden Wing","floor":3,"gold_loss":0},{"damage_healed":0,"gold_gain":0,"player_choice":"Donut","damage_taken":0,"max_hp_gain":5,"max_hp_loss":0,"event_name":"Big Fish","floor":4,"gold_loss":0},{"damage_healed":0,"gold_gain":0,"player_choice":"Success","damage_taken":26,"relics_obtained":["Letter Opener"],"max_hp_gain":0,"max_hp_loss":0,"event_name":"Scrap Ooze","floor":7,"gold_loss":0},{"damage_healed":0,"gold_gain":0,"player_choice":"Ignored","damage_taken":0,"max_hp_gain":0,"max_hp_loss":0,"event_name":"Shining Light","floor":13,"gold_loss":0},{"damage_healed":0,"gold_gain":0,"player_choice":"Trade","damage_taken":0,"relics_obtained":["CultistMask"],"max_hp_gain":0,"max_hp_loss":0,"event_name":"FaceTrader","floor":20,"gold_loss":0}],"is_beta":false,"boss_relics":[{"not_picked":["Ectoplasm","Runic Dome"],"picked":"Pandora\u0027s Box"}],"items_purged_floors":[],"is_endless":false,"potions_floor_spawned":[1,5,14,22],"killed_by":"Slavers","ascension_level":20}