{"gold_per_floor":[109,109,109,184,250,291,70,83,83,104,147,147,172,242,242,242],"floor_reached":16,"playtime":4443,"items_purged":["Strike_R"],"score":266,"play_id":"d4648ed2-a38c-4908-ad4d-0ef04c7e914d","local_time":"20230123195606","is_ascension_mode":true,"campfire_choices":[{"data":"Feed","floor":12,"key":"SMITH"},{"floor":15,"key":"REST"}],"neow_cost":"NONE","seed_source_timestamp":603525998743000,"circlet_count":0,"master_deck":["AscendersBane","Strike_R","Strike_R","Strike_R","Strike_R","Defend_R","Defend_R","Defend_R","Defend_R","Bash","Wild Strike","Warcry","Feed+1","True Grit","Immolate","Pommel Strike","Shrug It Off"],"relics":["Burning Blood","NeowsBlessing","Golden Idol","Smiling Mask","Lantern","White Beast Statue","Letter Opener"],"potions_floor_usage":[14,16,16],"damage_taken":[{"damage":0,"enemies":"Cultist","floor":1,"turns":1},{"damage":0,"enemies":"Lagavulin","floor":6,"turns":1},{"damage":0,"enemies":"2 Louse","floor":8,"turns":2},{"damage":14,"enemies":"Small Slimes","floor":10,"turns":5},{"damage":32,"enemies":"3 Sentries","floor":11,"turns":7},{"damage":0,"enemies":"Exordium Wildlife","floor":13,"turns":2},{"damage":30,"enemies":"Lagavulin Event","floor":14,"turns":5},{"damage":63,"enemies":"The Guardian","floor":16,"turns":9}],"seed_played":"-2395477202657647121","potions_obtained":[{"floor":6,"key":"LiquidBronze"},{"floor":11,"key":"SpeedPotion"},{"floor":13,"key":"AttackPotion"},{"floor":14,"key":"FearPotion"}],"is_trial":false,"path_per_floor":["M","?","?","?","?","E","$","M","T","M","E","R","M","?","R","B"],"character_chosen":"IRONCLAD","items_purchased":["Feed"],"campfire_rested":1,"item_purchase_floors":[7],"current_hp_per_floor":[74,74,74,63,63,69,69,78,78,73,50,50,60,36,62,0],"gold":242,"neow_bonus":"THREE_ENEMY_KILL","is_prod":false,"is_daily":false,"chose_seed":false,"campfire_upgraded":1,"win_rate":0,"timestamp":1674500166,"path_taken":["M","?","?","?","?","E","$","M","T","M","E","R","M","?","R","BOSS"],"build_version":"2022-12-18","purchased_purges":1,"victory":false,"max_hp_per_floor":[75,75,75,75,75,75,75,78,78,81,84,84,88,88,88,88],"card_choices":[{"not_picked":["Body Slam","Clothesline"],"picked":"Wild Strike","floor":1},{"not_picked":["Twin Strike","Clash"],"picked":"Warcry","floor":6},{"not_picked":["Power Through","Pommel Strike"],"picked":"True Grit","floor":8},{"not_picked":["Wild Strike","Iron Wave"],"picked":"Immolate","floor":10},{"not_picked":["Wild Strike","Searing Blow"],"picked":"Pommel Strike","floor":11},{"not_picked":["Twin Strike","Infernal Blade","Havoc"],"picked":"SKIP","floor":13},{"not_picked":["Body Slam","Pommel Strike"],"picked":"Shrug It Off","floor":14}],"player_experience":2049638,"relics_obtained":[{"floor":6,"key":"Smiling Mask"},{"floor":9,"key":"Lantern"},{"floor":11,"key":"White Beast Statue"},{"floor":14,"key":"Letter Opener"}],"event_choices":[{"damage_healed":0,"gold_gain":0,"player_choice":"Take Wound","damage_taken":0,"relics_obtained":["Golden Idol"],"max_hp_gain":0,"max_hp_loss":0,"event_name":"Golden Idol","floor":2,"gold_loss":0,"cards_obtained":["Injury"]},{"cards_removed":["Injury"],"damage_healed":0,"gold_gain":0,"player_choice":"Forget","damage_taken":0,"max_hp_gain":0,"max_hp_loss":0,"event_name":"Living Wall","floor":3,"gold_loss":0},{"damage_healed":0,"gold_gain":75,"player_choice":"Gather Gold","damage_taken":11,"max_hp_gain":0,"max_hp_loss":0,"event_name":"World of Goop","floor":4,"gold_loss":0},{"damage_healed":0,"gold_gain":66,"player_choice":"Gained Gold","damage_taken":0,"max_hp_gain":0,"max_hp_loss":0,"event_name":"Golden Wing","floor":5,"gold_loss":0},{"damage_healed":0,"gold_gain":30,"player_choice":"Searched \u00273\u0027 times","damage_taken":0,"max_hp_gain":0,"max_hp_loss":0,"event_name":"Dead Adventurer","floor":14,"gold_loss":0}],"is_beta":false,"boss_relics":[],"items_purged_floors":[7],"is_endless":false,"potions_floor_spawned":[6,11,13,14],"killed_by":"The Guardian","ascension_level":20}