{"gold_per_floor":[114,39,55,55,55,81,81,81,81,94,94,123,174,195,195,268,268,278,278,4,15,15,15,48,48,48,48],"floor_reached":27,"playtime":722,"items_purged":["Strike_R"],"score":520,"play_id":"bb273692-e0cf-45cc-ae83-a65ada96ade7","local_time":"20230122180937","is_ascension_mode":true,"campfire_choices":[{"data":"Pommel Strike","floor":7,"key":"SMITH"},{"data":"True Grit","floor":11,"key":"SMITH"},{"data":"Second Wind","floor":15,"key":"SMITH"},{"data":"Feel No Pain","floor":23,"key":"SMITH"}],"neow_cost":"NONE","seed_source_timestamp":514445913649900,"circlet_count":0,"master_deck":["AscendersBane","Strike_R","Strike_R","Strike_R","Strike_R","Defend_R","Defend_R","Defend_R","Defend_R","Bash","Feel No Pain+1","Pommel Strike+1","True Grit+1","Infernal Blade","Seeing Red","Second Wind+1","Exhume","Havoc+1","Panacea","Shockwave","Sentinel+1","Shame"],"relics":["Burning Blood","NeowsBlessing","CaptainsWheel","Eternal Feather","Anchor","Blood Vial","Odd Mushroom","Black Star","StrikeDummy","Vajra","Juzu Bracelet","Dream Catcher","Mummified Hand","Matryoshka"],"potions_floor_usage":[12,16],"damage_taken":[{"damage":0,"enemies":"Cultist","floor":1,"turns":1},{"damage":0,"enemies":"Jaw Worm","floor":3,"turns":1},{"damage":0,"enemies":"3 Sentries","floor":6,"turns":2},{"damage":5,"enemies":"2 Louse","floor":10,"turns":4},{"damage":12,"enemies":"Gremlin Nob","floor":12,"turns":4},{"damage":9,"enemies":"The Mushroom Lair","floor":14,"turns":5},{"damage":39,"enemies":"Slime Boss","floor":16,"turns":10},{"damage":33,"enemies":"Chosen","floor":18,"turns":8},{"damage":0,"enemies":"Shell Parasite","floor":21,"turns":4},{"damage":65,"enemies":"Book of Stabbing","floor":24,"turns":8},{"damage":12,"enemies":"Centurion and Healer","floor":27,"turns":5}],"seed_played":"4219726677947970710","potions_obtained":[{"floor":1,"key":"Block Potion"},{"floor":6,"key":"SteroidPotion"}],"is_trial":false,"path_per_floor":["M","$","M","?","?","E","R","$","T","M","R","E","T","?","R","B",null,"M","?","$","M","?","R","E","?","T","M"],"character_chosen":"IRONCLAD","items_purchased":["Vajra","Panacea"],"campfire_rested":0,"item_purchase_floors":[20,20],"current_hp_per_floor":[74,74,75,80,80,80,80,80,80,80,80,74,74,73,80,47,72,47,47,47,55,55,67,10,10,10,0],"gold":48,"neow_bonus":"THREE_ENEMY_KILL","is_prod":false,"is_daily":false,"chose_seed":false,"campfire_upgraded":4,"win_rate":0,"timestamp":1674407377,"path_taken":["M","?","M","?","?","E","R","$","T","M","R","E","?","?","R","BOSS","M","?","$","?","?","R","E","?","T","M"],"build_version":"2022-12-18","purchased_purges":1,"victory":false,"max_hp_per_floor":[75,75,75,80,80,80,80,80,80,80,80,80,80,80,80,80,80,80,80,80,80,80,80,80,80,80,80],"card_choices":[{"not_picked":["Clash","Sword Boomerang"],"picked":"Feel No Pain","floor":1},{"not_picked":["Uppercut","Iron Wave"],"picked":"Pommel Strike","floor":3},{"not_picked":["Reckless Charge","Feel No Pain"],"picked":"True Grit","floor":6},{"not_picked":["Anger","Power Through"],"picked":"Infernal Blade","floor":10},{"not_picked":["Perfected Strike","Sever Soul"],"picked":"Seeing Red","floor":12},{"not_picked":["Havoc","Seeing Red"],"picked":"Second Wind","floor":14},{"not_picked":["Double Tap","Corruption"],"picked":"Exhume","floor":16},{"not_picked":["Blood for Blood","Flex"],"picked":"Havoc+1","floor":18},{"not_picked":["Armaments","Sword Boomerang+1"],"picked":"Shockwave","floor":21},{"not_picked":["Brutality","Inflame"],"picked":"Sentinel+1","floor":24}],"player_experience":2030901,"relics_obtained":[{"floor":6,"key":"CaptainsWheel"},{"floor":9,"key":"Eternal Feather"},{"floor":12,"key":"Anchor"},{"floor":13,"key":"Blood Vial"},{"floor":14,"key":"Odd Mushroom"},{"floor":19,"key":"StrikeDummy"},{"floor":24,"key":"Juzu Bracelet"},{"floor":24,"key":"Dream Catcher"},{"floor":26,"key":"Matryoshka"}],"event_choices":[{"damage_healed":0,"gold_gain":0,"player_choice":"Donut","damage_taken":0,"max_hp_gain":5,"max_hp_loss":0,"event_name":"Big Fish","floor":4,"gold_loss":0},{"damage_healed":0,"gold_gain":0,"player_choice":"Leave","damage_taken":0,"max_hp_gain":0,"max_hp_loss":0,"event_name":"The Cleric","floor":5,"gold_loss":0},{"damage_healed":0,"gold_gain":0,"player_choice":"Fought Mushrooms","damage_taken":0,"max_hp_gain":0,"max_hp_loss":0,"event_name":"Mushrooms","floor":14,"gold_loss":0},{"damage_healed":0,"gold_gain":0,"player_choice":"Relic","damage_taken":0,"max_hp_gain":0,"max_hp_loss":0,"event_name":"Wheel of Change","floor":19,"gold_loss":0},{"damage_healed":0,"gold_gain":0,"player_choice":"Ignored","damage_taken":0,"max_hp_gain":0,"max_hp_loss":0,"event_name":"N\u0027loth","floor":22,"gold_loss":0},{"damage_healed":0,"gold_gain":0,"player_choice":"Stole Relic","damage_taken":0,"relics_obtained":["Mummified Hand"],"max_hp_gain":0,"max_hp_loss":0,"event_name":"Addict","floor":25,"gold_loss":0,"cards_obtained":["Shame"]}],"is_beta":false,"boss_relics":[{"not_picked":["Empty Cage","Ectoplasm"],"picked":"Black Star"}],"items_purged_floors":[2],"is_endless":false,"potions_floor_spawned":[1,6,10],"killed_by":"Centurion and Healer","ascension_level":20}