{"gold_per_floor":[118,118,43,63,82,111,111,143,189,202,219,248,248,248,248,248],"floor_reached":16,"playtime":571,"items_purged":["Pain"],"score":290,"play_id":"8c3f8769-a52a-4c60-80b3-cf558267925c","local_time":"20230124093418","is_ascension_mode":true,"campfire_choices":[{"data":"Cleave","floor":7,"key":"SMITH"},{"data":"Feel No Pain","floor":15,"key":"SMITH"}],"neow_cost":"CURSE","seed_source_timestamp":114843763400,"circlet_count":0,"master_deck":["AscendersBane","Strike_R","Strike_R","Strike_R","Defend_R","Defend_R","Defend_R","Defend_R+1","Bash","Offering+1","Flex","Cleave+1","Ghostly Armor","Clothesline","Infernal Blade","Feel No Pain+1","Second Wind"],"relics":["Burning Blood","HornCleat","Art of War","Bronze Scales","Bag of Marbles","Bottled Tornado"],"potions_floor_usage":[12,16],"damage_taken":[{"damage":12,"enemies":"Cultist","floor":1,"turns":3},{"damage":6,"enemies":"Jaw Worm","floor":4,"turns":3},{"damage":8,"enemies":"2 Louse","floor":5,"turns":2},{"damage":9,"enemies":"Gremlin Nob","floor":6,"turns":3},{"damage":28,"enemies":"Lagavulin","floor":8,"turns":5},{"damage":1,"enemies":"2 Fungi Beasts","floor":10,"turns":3},{"damage":0,"enemies":"Red Slaver","floor":11,"turns":3},{"damage":6,"enemies":"Gremlin Nob","floor":12,"turns":3},{"damage":76,"enemies":"The Guardian","floor":16,"turns":13}],"seed_played":"-1952123310191579532","potions_obtained":[{"floor":1,"key":"Dexterity Potion"},{"floor":8,"key":"Dexterity Potion"},{"floor":10,"key":"Explosive Potion"}],"is_trial":false,"path_per_floor":["M","?","$","M","M","E","R","E","T","M","M","E","?","T","R","B"],"character_chosen":"IRONCLAD","items_purchased":[],"campfire_rested":0,"item_purchase_floors":[],"current_hp_per_floor":[62,39,39,39,37,34,34,12,12,17,23,23,48,48,48,0],"gold":248,"neow_bonus":"TRANSFORM_TWO_CARDS","is_prod":false,"is_daily":false,"chose_seed":false,"campfire_upgraded":2,"win_rate":0,"timestamp":1674549258,"path_taken":["M","?","$","M","M","E","R","E","T","M","M","E","?","?","R","BOSS"],"build_version":"2022-12-18","purchased_purges":1,"victory":false,"max_hp_per_floor":[75,75,75,75,75,75,75,75,75,75,75,75,75,75,75,75],"card_choices":[{"not_picked":["Searing Blow","Twin Strike"],"picked":"Cleave","floor":1},{"not_picked":["Iron Wave","Havoc","Sword Boomerang"],"picked":"SKIP","floor":4},{"not_picked":["Seeing Red","Dual Wield"],"picked":"Ghostly Armor","floor":5},{"not_picked":["Warcry","Thunderclap"],"picked":"Clothesline","floor":6},{"not_picked":["Headbutt","Cleave","Carnage"],"picked":"SKIP","floor":8},{"not_picked":["Dark Embrace","Cleave"],"picked":"Infernal Blade","floor":10},{"not_picked":["Body Slam","Perfected Strike"],"picked":"Feel No Pain","floor":11},{"not_picked":["Twin Strike","Infernal Blade"],"picked":"Second Wind","floor":12}],"player_experience":2056350,"relics_obtained":[{"floor":6,"key":"HornCleat"},{"floor":8,"key":"Art of War"},{"floor":9,"key":"Bronze Scales"},{"floor":12,"key":"Bag of Marbles"},{"floor":14,"key":"Bottled Tornado"}],"event_choices":[{"damage_healed":0,"gold_gain":0,"player_choice":"Entered Light","damage_taken":23,"max_hp_gain":0,"max_hp_loss":0,"event_name":"Shining Light","floor":2,"gold_loss":0,"cards_upgraded":["Defend_R","Offering"]},{"damage_healed":25,"gold_gain":0,"player_choice":"Banana","damage_taken":0,"max_hp_gain":0,"max_hp_loss":0,"event_name":"Big Fish","floor":13,"gold_loss":0}],"is_beta":false,"boss_relics":[],"items_purged_floors":[3],"is_endless":false,"potions_floor_spawned":[1,8,10,11],"killed_by":"The Guardian","ascension_level":20}