{"gold_per_floor":[113,188,188,188,188,188,188,219,219,232,251,269,27,68,68,164,164,187,58,58,83,104,104,144,144,191,191,191,215,43,63,63,63],"floor_reached":33,"playtime":1027,"items_purged":["Strike_R"],"score":721,"play_id":"0e5aa48f-daf9-4899-aa2f-25b89bb78e3b","local_time":"20230126183259","is_ascension_mode":true,"campfire_choices":[{"data":"Shockwave","floor":6,"key":"SMITH"},{"data":"Fiend Fire","floor":15,"key":"SMITH"},{"data":"Pommel Strike","floor":23,"key":"SMITH"},{"data":"Feel No Pain","floor":25,"key":"SMITH"},{"data":"Dark Embrace","floor":27,"key":"SMITH"},{"data":"Bash","floor":32,"key":"SMITH"}],"neow_cost":"NONE","seed_source_timestamp":861148417652900,"circlet_count":0,"master_deck":["AscendersBane","Strike_R","Strike_R","Strike_R","Defend_R","Defend_R","Defend_R+1","Defend_R","Bash+1","Shockwave+1","Thunderclap","Fiend Fire+1","Anger","Wild Strike","Pommel Strike+1","Feel No Pain+1","Dark Embrace+1","Burning Pact"],"relics":["Burning Blood","NeowsBlessing","Shuriken","Golden Idol","Sundial","Art of War","Kunai","Medical Kit","Mango","Busted Crown","War Paint","Potion Belt","ClockworkSouvenir"],"potions_floor_usage":[14,16,18,24,33],"damage_taken":[{"damage":0,"enemies":"Small Slimes","floor":1,"turns":1},{"damage":0,"enemies":"3 Sentries","floor":8,"turns":1},{"damage":0,"enemies":"2 Louse","floor":10,"turns":2},{"damage":4,"enemies":"Jaw Worm","floor":11,"turns":3},{"damage":15,"enemies":"Large Slime","floor":12,"turns":5},{"damage":8,"enemies":"Gremlin Nob","floor":14,"turns":3},{"damage":33,"enemies":"Hexaghost","floor":16,"turns":9},{"damage":12,"enemies":"Spheric Guardian","floor":18,"turns":4},{"damage":30,"enemies":"Shell Parasite","floor":21,"turns":4},{"damage":0,"enemies":"Cultist and Chosen","floor":22,"turns":7},{"damage":0,"enemies":"Book of Stabbing","floor":24,"turns":3},{"damage":20,"enemies":"Snake Plant","floor":29,"turns":4},{"damage":23,"enemies":"Shelled Parasite and Fungi","floor":31,"turns":5},{"damage":75,"enemies":"Automaton","floor":33,"turns":6}],"seed_played":"-1215740613982245432","potions_obtained":[{"floor":1,"key":"Dexterity Potion"},{"floor":12,"key":"LiquidMemories"},{"floor":16,"key":"SkillPotion"},{"floor":22,"key":"PowerPotion"},{"floor":29,"key":"SpeedPotion"},{"floor":31,"key":"DistilledChaos"}],"is_trial":false,"path_per_floor":["M","?","?","?","?","R","T","E","T","M","M","M","$","E","R","B",null,"M","$","?","M","M","R","E","R","T","R","?","M","$","M","R","B"],"character_chosen":"IRONCLAD","items_purchased":["Medical Kit","Pommel Strike","Feel No Pain","ClockworkSouvenir"],"campfire_rested":0,"item_purchase_floors":[13,19,19,30],"current_hp_per_floor":[74,63,63,56,30,30,30,36,36,42,44,35,35,47,47,20,72,66,66,66,42,48,48,54,54,54,54,99,85,85,68,68,0],"gold":63,"neow_bonus":"THREE_ENEMY_KILL","is_prod":false,"is_daily":false,"chose_seed":false,"campfire_upgraded":6,"win_rate":0,"timestamp":1674754379,"path_taken":["M","?","?","?","?","R","?","E","T","M","M","M","$","E","R","BOSS","M","$","?","M","?","R","E","R","T","R","?","?","?","M","R","BOSS"],"build_version":"2022-12-18","purchased_purges":1,"victory":false,"max_hp_per_floor":[75,75,75,75,75,75,75,75,75,75,75,75,75,89,89,89,89,89,89,89,89,89,89,89,89,89,89,99,99,99,99,99,99],"card_choices":[{"not_picked":["Clothesline","Flex"],"picked":"Shockwave","floor":1},{"not_picked":["Perfected Strike","Flex"],"picked":"Thunderclap","floor":8},{"not_picked":["Entrench","Heavy Blade"],"picked":"Fiend Fire","floor":10},{"not_picked":["Reckless Charge","Flex"],"picked":"Anger","floor":11},{"not_picked":["Clash","Clothesline","Fiend Fire"],"picked":"SKIP","floor":12},{"not_picked":["Reaper","Heavy Blade"],"picked":"Wild Strike","floor":14},{"not_picked":["Barricade","Bludgeon"],"picked":"Impervious","floor":16},{"not_picked":["Hemokinesis"],"picked":"SKIP","floor":18},{"not_picked":["Twin Strike"],"picked":"SKIP","floor":21},{"not_picked":["Clash"],"picked":"SKIP","floor":22},{"not_picked":["Shockwave"],"picked":"SKIP","floor":24},{"not_picked":[],"picked":"Burning Pact","floor":29},{"not_picked":["Anger"],"picked":"SKIP","floor":31}],"player_experience":2064398,"relics_obtained":[{"floor":7,"key":"Sundial"},{"floor":8,"key":"Art of War"},{"floor":9,"key":"Kunai"},{"floor":14,"key":"Mango"},{"floor":24,"key":"War Paint"},{"floor":26,"key":"Potion Belt"}],"event_choices":[{"damage_healed":0,"gold_gain":75,"player_choice":"Gather Gold","damage_taken":11,"max_hp_gain":0,"max_hp_loss":0,"event_name":"World of Goop","floor":2,"gold_loss":0},{"damage_healed":0,"gold_gain":0,"player_choice":"Box","damage_taken":0,"relics_obtained":["Shuriken"],"max_hp_gain":0,"max_hp_loss":0,"event_name":"Big Fish","floor":3,"gold_loss":0,"cards_obtained":["Regret"]},{"cards_removed":["Regret"],"damage_healed":0,"gold_gain":0,"player_choice":"Card Removal","damage_taken":7,"max_hp_gain":0,"max_hp_loss":0,"event_name":"Golden Wing","floor":4,"gold_loss":0},{"damage_healed":0,"gold_gain":0,"player_choice":"Take Damage","damage_taken":26,"relics_obtained":["Golden Idol"],"max_hp_gain":0,"max_hp_loss":0,"event_name":"Golden Idol","floor":5,"gold_loss":0},{"damage_healed":0,"gold_gain":0,"cards_transformed":["Strike_R"],"player_choice":"Transformed","damage_taken":0,"max_hp_gain":0,"max_hp_loss":0,"event_name":"Transmorgrifier","floor":20,"gold_loss":0,"cards_obtained":["Dark Embrace"]},{"cards_removed":["Impervious"],"damage_healed":35,"gold_gain":0,"player_choice":"Offered Rare","damage_taken":0,"max_hp_gain":10,"max_hp_loss":0,"event_name":"Bonfire Elementals","floor":28,"gold_loss":0}],"is_beta":false,"boss_relics":[{"not_picked":["Black Blood","Calling Bell"],"picked":"Busted Crown"}],"items_purged_floors":[13],"is_endless":false,"potions_floor_spawned":[1,12,16,22,29,31],"killed_by":"Automaton","ascension_level":20}