{"gold_per_floor":[12,27,27,44,59,93,111,111,111,111,128,163,163,175,175,175],"floor_reached":16,"playtime":586,"items_purged":[],"score":228,"play_id":"cadc495e-7e8b-460d-972f-c4ab54d9699f","local_time":"20230121190712","is_ascension_mode":true,"campfire_choices":[{"data":"Sadistic Nature","floor":8,"key":"SMITH"},{"floor":10,"key":"REST"},{"floor":15,"key":"REST"}],"neow_cost":"NO_GOLD","seed_source_timestamp":431636100093700,"circlet_count":0,"master_deck":["AscendersBane","Strike_R","Strike_R","Strike_R","Strike_R","Strike_R","Defend_R","Defend_R","Defend_R","Defend_R","Bash","Sadistic Nature+1","Infernal Blade","Shrug It Off","Cleave","Shrug It Off","Reaper","Rage","Armaments"],"relics":["Burning Blood","Potion Belt","Dream Catcher","Matryoshka"],"potions_floor_usage":[7,11,11,14,14],"damage_taken":[{"damage":16,"enemies":"Jaw Worm","floor":1,"turns":6},{"damage":7,"enemies":"Cultist","floor":2,"turns":4},{"damage":3,"enemies":"2 Louse","floor":4,"turns":3},{"damage":6,"enemies":"2 Fungi Beasts","floor":5,"turns":4},{"damage":39,"enemies":"Gremlin Nob","floor":6,"turns":4},{"damage":5,"enemies":"3 Louse","floor":7,"turns":3},{"damage":10,"enemies":"Exordium Thugs","floor":11,"turns":4},{"damage":36,"enemies":"Lagavulin","floor":12,"turns":5},{"damage":3,"enemies":"Large Slime","floor":14,"turns":5},{"damage":38,"enemies":"The Guardian","floor":16,"turns":6}],"seed_played":"-8451511841456902550","potions_obtained":[{"floor":2,"key":"Swift Potion"},{"floor":5,"key":"Fire Potion"},{"floor":6,"key":"Weak Potion"},{"floor":7,"key":"Weak Potion"},{"floor":12,"key":"DistilledChaos"}],"is_trial":false,"path_per_floor":["M","M","?","M","M","E","M","R","T","R","M","E","?","M","R","B"],"character_chosen":"IRONCLAD","items_purchased":[],"campfire_rested":2,"item_purchase_floors":[],"current_hp_per_floor":[58,57,62,65,65,32,33,33,33,55,51,21,3,14,36,0],"gold":175,"neow_bonus":"RANDOM_COLORLESS_2","is_prod":false,"is_daily":false,"chose_seed":false,"campfire_upgraded":1,"win_rate":0,"timestamp":1674324432,"path_taken":["M","M","?","M","?","E","M","R","T","R","M","E","?","M","R","BOSS"],"build_version":"2022-12-18","purchased_purges":0,"victory":false,"max_hp_per_floor":[75,75,75,75,75,75,75,75,75,75,75,75,75,75,75,75],"card_choices":[{"not_picked":["Chrysalis","Metamorphosis"],"picked":"Sadistic Nature","floor":0},{"not_picked":["True Grit","Perfected Strike"],"picked":"Wild Strike","floor":1},{"not_picked":["Pummel","Feel No Pain"],"picked":"Infernal Blade","floor":2},{"not_picked":["Pummel","Combust"],"picked":"Shrug It Off","floor":4},{"not_picked":["Wild Strike","Perfected Strike"],"picked":"Cleave","floor":5},{"not_picked":["Warcry","Perfected Strike"],"picked":"Shrug It Off","floor":6},{"not_picked":["Rage","Combust","Cleave"],"picked":"SKIP","floor":7},{"not_picked":["Sword Boomerang","Dark Embrace","Headbutt"],"picked":"SKIP","floor":11},{"not_picked":["Anger","Headbutt"],"picked":"Reaper","floor":12},{"not_picked":["Second Wind","Cleave"],"picked":"Rage","floor":14},{"not_picked":["Sword Boomerang","Dark Embrace"],"picked":"Armaments","floor":15}],"player_experience":2018871,"relics_obtained":[{"floor":6,"key":"Potion Belt"},{"floor":12,"key":"Dream Catcher"}],"event_choices":[{"cards_removed":["Wild Strike"],"damage_healed":5,"gold_gain":0,"player_choice":"Offered Common","damage_taken":0,"max_hp_gain":0,"max_hp_loss":0,"event_name":"Bonfire Elementals","floor":3,"gold_loss":0},{"cards_removed":["Wild Strike"],"damage_healed":5,"gold_gain":0,"player_choice":"Offered Special","damage_taken":0,"max_hp_gain":0,"max_hp_loss":0,"event_name":"Bonfire Elementals","floor":3,"gold_loss":0},{"damage_healed":0,"gold_gain":0,"player_choice":"Success","damage_taken":18,"relics_obtained":["Matryoshka"],"max_hp_gain":0,"max_hp_loss":0,"event_name":"Scrap Ooze","floor":13,"gold_loss":0}],"is_beta":false,"boss_relics":[],"items_purged_floors":[],"is_endless":false,"potions_floor_spawned":[2,5,6,7,12],"killed_by":"The Guardian","ascension_level":20}