{"gold_per_floor":[15,29,29,48,48,80,80,93,93,127,42,42,42,69,69,146,146,161,171,171,171,186,186,196,196,196,226,238,272,292,292,292,292],"floor_reached":33,"playtime":1642,"items_purged":[],"score":735,"play_id":"96e7e3f0-fb4c-472b-8dbc-4d60daa5e07f","local_time":"20230125200741","is_ascension_mode":true,"campfire_choices":[{"data":"Armaments","floor":7,"key":"SMITH"},{"data":"Evolve","floor":12,"key":"SMITH"},{"floor":15,"key":"REST"},{"floor":23,"key":"DIG"},{"floor":25,"key":"DIG"},{"floor":32,"key":"DIG"}],"neow_cost":"NO_GOLD","seed_source_timestamp":779814535993700,"circlet_count":0,"master_deck":["AscendersBane","Defend_R","Defend_R+1","Defend_R","Bash","Armaments+1","Power Through","True Grit+1","Pummel","Flame Barrier","Entrench","Evolve+1","Berserk","Inflame","Corruption","Seeing Red","Burning Pact+1","Bite","Bite","Bite","Bite","Bite","Decay","Flex+1","Shrug It Off","Pommel Strike","Feed"],"relics":["Burning Blood","Dead Branch","Blue Candle","Shuriken","Dream Catcher","Shovel","Mark of Pain","Pear","MealTicket","Charon\u0027s Ashes","Regal Pillow","Oddly Smooth Stone","Nilry\u0027s Codex","Darkstone Periapt"],"potions_floor_usage":[14,16,19,24,27,33],"damage_taken":[{"damage":6,"enemies":"Cultist","floor":1,"turns":3},{"damage":1,"enemies":"2 Louse","floor":2,"turns":3},{"damage":3,"enemies":"Small Slimes","floor":4,"turns":7},{"damage":18,"enemies":"Lagavulin","floor":6,"turns":12},{"damage":0,"enemies":"Looter","floor":8,"turns":5},{"damage":20,"enemies":"3 Sentries","floor":10,"turns":9},{"damage":26,"enemies":"Lagavulin","floor":14,"turns":11},{"damage":26,"enemies":"The Guardian","floor":16,"turns":13},{"damage":0,"enemies":"Spheric Guardian","floor":18,"turns":3},{"damage":9,"enemies":"Shell Parasite","floor":19,"turns":3},{"damage":7,"enemies":"Snake Plant","floor":22,"turns":4},{"damage":44,"enemies":"Shelled Parasite and Fungi","floor":24,"turns":6},{"damage":14,"enemies":"Slavers","floor":27,"turns":5},{"damage":0,"enemies":"Chosen and Byrds","floor":28,"turns":3},{"damage":0,"enemies":"Book of Stabbing","floor":29,"turns":2},{"damage":9,"enemies":"Centurion and Healer","floor":30,"turns":5},{"damage":69,"enemies":"Automaton","floor":33,"turns":6}],"seed_played":"8380896310711712415","potions_obtained":[{"floor":10,"key":"Energy Potion"},{"floor":14,"key":"DistilledChaos"},{"floor":16,"key":"HeartOfIron"},{"floor":18,"key":"Explosive Potion"},{"floor":24,"key":"Explosive Potion"},{"floor":28,"key":"ElixirPotion"}],"is_trial":false,"path_per_floor":["M","M","T","M","?","E","R","M","T","E","$","R","?","E","R","B",null,"M","M","?","?","M","R","M","R","T","E","M","E","M","?","R","B"],"character_chosen":"IRONCLAD","items_purchased":["Evolve"],"campfire_rested":1,"item_purchase_floors":[11],"current_hp_per_floor":[82,87,87,89,62,50,50,56,56,42,42,42,35,15,41,21,72,78,75,62,62,62,72,42,42,42,43,58,69,72,51,51,0],"gold":292,"neow_bonus":"TWENTY_PERCENT_HP_BONUS","is_prod":false,"is_daily":false,"chose_seed":false,"campfire_upgraded":2,"win_rate":0,"timestamp":1674673661,"path_taken":["M","?","?","M","?","E","R","M","T","E","$","R","?","E","R","BOSS","M","M","?","?","M","R","M","R","T","E","M","E","M","?","R","BOSS"],"build_version":"2022-12-18","purchased_purges":0,"victory":false,"max_hp_per_floor":[89,89,89,89,89,89,89,89,89,89,89,89,89,89,89,89,89,89,89,62,62,62,72,72,72,72,72,72,72,72,72,72,72],"card_choices":[{"not_picked":["Anger","Havoc"],"picked":"Armaments","floor":1},{"not_picked":["Thunderclap","Reckless Charge"],"picked":"Power Through","floor":2},{"not_picked":["Thunderclap","Wild Strike"],"picked":"True Grit","floor":4},{"not_picked":["True Grit","Bludgeon"],"picked":"Pummel","floor":6},{"not_picked":["Ghostly Armor","Iron Wave"],"picked":"Flame Barrier","floor":8},{"not_picked":["Anger","Iron Wave"],"picked":"Entrench","floor":10},{"not_picked":["Inflame","Anger"],"picked":"Berserk","floor":14},{"not_picked":["Sever Soul","Headbutt"],"picked":"Inflame","floor":15},{"not_picked":["Immolate","Brutality"],"picked":"Corruption","floor":16},{"not_picked":["Warcry","Havoc"],"picked":"Seeing Red","floor":18},{"not_picked":["Twin Strike","Anger"],"picked":"Burning Pact+1","floor":19},{"not_picked":["Anger","Iron Wave","Headbutt"],"picked":"SKIP","floor":22},{"not_picked":["Cleave+1","Dropkick"],"picked":"Flex+1","floor":24},{"not_picked":["Bloodletting","Flame Barrier"],"picked":"Shrug It Off","floor":27},{"not_picked":["Inflame","Flex"],"picked":"Pommel Strike","floor":28},{"not_picked":["Bloodletting","Dual Wield","Wild Strike"],"picked":"SKIP","floor":29},{"not_picked":["Shrug It Off","Flex"],"picked":"Feed","floor":30}],"player_experience":2060814,"relics_obtained":[{"floor":3,"key":"Dead Branch"},{"floor":6,"key":"Blue Candle"},{"floor":9,"key":"Shuriken"},{"floor":10,"key":"Dream Catcher"},{"floor":14,"key":"Shovel"},{"floor":23,"key":"Pear"},{"floor":25,"key":"MealTicket"},{"floor":26,"key":"Charon\u0027s Ashes"},{"floor":27,"key":"Regal Pillow"},{"floor":29,"key":"Oddly Smooth Stone"},{"floor":31,"key":"Nilry\u0027s Codex"},{"floor":32,"key":"Darkstone Periapt"}],"event_choices":[{"damage_healed":0,"gold_gain":0,"player_choice":"Entered Light","damage_taken":27,"max_hp_gain":0,"max_hp_loss":0,"event_name":"Shining Light","floor":5,"gold_loss":0,"cards_upgraded":["True Grit","Defend_R"]},{"cards_removed":["Defend_R"],"damage_healed":0,"gold_gain":0,"player_choice":"Card Removal","damage_taken":7,"max_hp_gain":0,"max_hp_loss":0,"event_name":"Golden Wing","floor":13,"gold_loss":0},{"damage_healed":0,"gold_gain":0,"player_choice":"Became a vampire","damage_taken":0,"max_hp_gain":0,"max_hp_loss":27,"event_name":"Vampires","floor":20,"gold_loss":0,"cards_obtained":["Bite","Bite","Bite","Bite","Bite"]},{"damage_healed":0,"gold_gain":0,"player_choice":"Smashed Altar","damage_taken":0,"max_hp_gain":0,"max_hp_loss":0,"event_name":"Forgotten Altar","floor":21,"gold_loss":0,"cards_obtained":["Decay"]},{"damage_healed":0,"gold_gain":0,"player_choice":"Obtained Book","damage_taken":21,"max_hp_gain":0,"max_hp_loss":0,"event_name":"Cursed Tome","floor":31,"gold_loss":0}],"is_beta":false,"boss_relics":[{"not_picked":["Tiny House","Astrolabe"],"picked":"Mark of Pain"}],"items_purged_floors":[],"is_endless":false,"potions_floor_spawned":[10,14,16,18,24,28],"killed_by":"Automaton","ascension_level":20}