{"gold_per_floor":[364,31,46,121,132,164,164,164,164,177,177],"floor_reached":11,"playtime":329,"items_purged":[],"score":146,"play_id":"88f3b3ef-d368-442c-b1cb-ae851d20dc55","local_time":"20230121191256","is_ascension_mode":true,"campfire_choices":[{"data":"Rampage","floor":8,"key":"SMITH"}],"neow_cost":"TEN_PERCENT_HP_LOSS","seed_source_timestamp":432236777939100,"circlet_count":0,"master_deck":["AscendersBane","Strike_R","Strike_R","Strike_R","Strike_R","Strike_R","Defend_R+1","Defend_R","Defend_R","Defend_R+1","Bash","Rampage+1","Conserve Battery","Go for the Eyes","Night Terror","Sucker Punch"],"relics":["Burning Blood","PrismaticShard","Oddly Smooth Stone","Blue Candle","Toy Ornithopter","War Paint"],"potions_floor_usage":[3,6,11],"damage_taken":[{"damage":12,"enemies":"Cultist","floor":1,"turns":4},{"damage":0,"enemies":"Small Slimes","floor":3,"turns":2},{"damage":0,"enemies":"2 Louse","floor":5,"turns":4},{"damage":21,"enemies":"Lagavulin","floor":6,"turns":7},{"damage":4,"enemies":"2 Fungi Beasts","floor":10,"turns":4},{"damage":63,"enemies":"3 Sentries","floor":11,"turns":10}],"seed_played":"1401934431006869470","potions_obtained":[{"floor":1,"key":"Fire Potion"},{"floor":5,"key":"SteroidPotion"},{"floor":10,"key":"ColorlessPotion"}],"is_trial":false,"path_per_floor":["M","$","M","?","M","E","?","R","T","M","E"],"character_chosen":"IRONCLAD","items_purchased":["PrismaticShard","Oddly Smooth Stone"],"campfire_rested":0,"item_purchase_floors":[2,2],"current_hp_per_floor":[62,62,68,57,63,48,48,48,48,50,0],"gold":177,"neow_bonus":"TWO_FIFTY_GOLD","is_prod":false,"is_daily":false,"chose_seed":false,"campfire_upgraded":1,"win_rate":0,"timestamp":1674324776,"path_taken":["M","$","?","?","M","E","?","R","T","M","E"],"build_version":"2022-12-18","purchased_purges":0,"victory":false,"max_hp_per_floor":[68,68,68,68,68,68,68,68,68,68,68],"card_choices":[{"not_picked":["Warcry","Seeing Red"],"picked":"Rampage","floor":1},{"not_picked":["Leg Sweep","Glacier"],"picked":"Conserve Battery","floor":3},{"not_picked":["Cloak And Dagger","EmptyBody"],"picked":"Go for the Eyes","floor":5},{"not_picked":["Lockon","Havoc"],"picked":"Night Terror","floor":6},{"not_picked":["Doom and Gloom","Leap"],"picked":"Sucker Punch","floor":10}],"player_experience":2019457,"relics_obtained":[{"floor":6,"key":"Blue Candle"},{"floor":9,"key":"War Paint"}],"event_choices":[{"damage_healed":0,"gold_gain":75,"player_choice":"Gather Gold","damage_taken":11,"max_hp_gain":0,"max_hp_loss":0,"event_name":"World of Goop","floor":4,"gold_loss":0},{"damage_healed":0,"gold_gain":0,"player_choice":"Searched \u00271\u0027 times","damage_taken":0,"relics_obtained":["Toy Ornithopter"],"max_hp_gain":0,"max_hp_loss":0,"event_name":"Dead Adventurer","floor":7,"gold_loss":0}],"is_beta":false,"boss_relics":[],"items_purged_floors":[],"is_endless":false,"potions_floor_spawned":[1,5,10],"killed_by":"3 Sentries","ascension_level":20}