{"gold_per_floor":[112,126,43,55,55,55,81,100,100,11,31,31,51,81,81,159,159,175,56,71,71,71],"floor_reached":22,"playtime":639,"items_purged":["Clothesline"],"score":492,"play_id":"4b839008-fdf5-4bf9-9719-48a054ef5f2a","local_time":"20230118124944","is_ascension_mode":true,"campfire_choices":[{"data":"Fire Breathing","floor":6,"key":"SMITH"},{"floor":15,"key":"REST"}],"neow_cost":"NONE","seed_source_timestamp":149734266912200,"circlet_count":0,"master_deck":["AscendersBane","Bash","Impervious+1","Warcry","Wild Strike","Fire Breathing+1","Shrug It Off+1","Flash of Steel","Fiend Fire","Metallicize","Brutality","Barricade","Pummel","Rupture","Feed","Sword Boomerang","Twin Strike","Double Tap","Juggernaut","Hemokinesis","Flame Barrier","Evolve"],"relics":["Burning Blood","War Paint","Lantern","Letter Opener","Pandora\u0027s Box"],"potions_floor_usage":[7,14,16,18,18,20],"damage_taken":[{"damage":1,"enemies":"Cultist","floor":1,"turns":3},{"damage":9,"enemies":"Jaw Worm","floor":2,"turns":7},{"damage":2,"enemies":"2 Louse","floor":4,"turns":3},{"damage":30,"enemies":"Lagavulin","floor":7,"turns":5},{"damage":15,"enemies":"Exordium Thugs","floor":8,"turns":4},{"damage":17,"enemies":"Exordium Wildlife","floor":11,"turns":4},{"damage":4,"enemies":"Blue Slaver","floor":13,"turns":4},{"damage":15,"enemies":"3 Sentries","floor":14,"turns":4},{"damage":4,"enemies":"Slime Boss","floor":16,"turns":5},{"damage":29,"enemies":"2 Thieves","floor":18,"turns":4},{"damage":41,"enemies":"Shell Parasite","floor":20,"turns":6},{"damage":18,"enemies":"Centurion and Healer","floor":22,"turns":2}],"seed_played":"1248931858467905878","potions_obtained":[{"floor":4,"key":"Energy Potion"},{"floor":11,"key":"Swift Potion"},{"floor":12,"key":"CultistPotion"},{"floor":14,"key":"EntropicBrew"},{"floor":16,"key":"ColorlessPotion"}],"is_trial":false,"path_per_floor":["M","M","$","M","?","R","E","M","T","$","M","?","M","E","R","B",null,"M","$","M","?","M"],"character_chosen":"IRONCLAD","items_purchased":["Fire Breathing","Flash of Steel","Evolve"],"campfire_rested":1,"item_purchase_floors":[3,10,19],"current_hp_per_floor":[73,70,70,74,74,74,50,41,41,41,30,30,32,23,45,47,68,48,48,16,16,0],"gold":71,"neow_bonus":"ONE_RANDOM_RARE_CARD","is_prod":false,"is_daily":false,"chose_seed":false,"campfire_upgraded":1,"win_rate":0,"timestamp":1674042584,"path_taken":["M","?","$","M","?","R","E","M","T","$","M","?","M","E","R","BOSS","M","$","?","?","M"],"build_version":"2022-12-18","purchased_purges":1,"victory":false,"max_hp_per_floor":[75,75,75,75,75,75,75,75,75,75,75,75,75,75,75,75,75,78,78,81,81,81],"card_choices":[{"not_picked":["Sword Boomerang","Sentinel"],"picked":"Warcry","floor":1},{"not_picked":["Warcry","Headbutt"],"picked":"Wild Strike","floor":2},{"not_picked":["Clothesline","Flame Barrier"],"picked":"Shrug It Off","floor":4},{"not_picked":["Thunderclap","True Grit","Perfected Strike"],"picked":"SKIP","floor":7},{"not_picked":["Rampage","Headbutt","Thunderclap"],"picked":"SKIP","floor":8},{"not_picked":["Hemokinesis","Twin Strike"],"picked":"Fiend Fire","floor":11},{"not_picked":["Twin Strike","Shrug It Off"],"picked":"Metallicize","floor":13},{"not_picked":["Heavy Blade","Perfected Strike"],"picked":"Brutality","floor":14},{"not_picked":["Berserk","Corruption"],"picked":"Barricade","floor":16},{"not_picked":["Sword Boomerang","Anger"],"picked":"Flame Barrier","floor":18},{"not_picked":["Heavy Blade","Sever Soul","Pummel"],"picked":"SKIP","floor":20}],"player_experience":2016333,"relics_obtained":[{"floor":7,"key":"War Paint"},{"floor":9,"key":"Lantern"},{"floor":14,"key":"Letter Opener"}],"event_choices":[{"damage_healed":0,"gold_gain":0,"cards_transformed":["Strike_R"],"player_choice":"Change","damage_taken":0,"max_hp_gain":0,"max_hp_loss":0,"event_name":"Living Wall","floor":5,"gold_loss":0,"cards_obtained":["Clothesline"]},{"damage_healed":0,"gold_gain":0,"player_choice":"Got Potions","damage_taken":0,"max_hp_gain":0,"max_hp_loss":0,"event_name":"Lab","floor":12,"gold_loss":0},{"damage_healed":0,"gold_gain":0,"player_choice":"Ignored","damage_taken":0,"max_hp_gain":0,"max_hp_loss":0,"event_name":"Cursed Tome","floor":21,"gold_loss":0}],"is_beta":false,"boss_relics":[{"not_picked":["Black Blood","Astrolabe"],"picked":"Pandora\u0027s Box"}],"items_purged_floors":[19],"is_endless":false,"potions_floor_spawned":[4,11,14,16,18],"killed_by":"Centurion and Healer","ascension_level":20}