{"gold_per_floor":[18,18,41,41,61,102,102,132,132,2,17,17,48,67,67,158,158,183,183,23,18,18,18,53,53,53,76,76,20,20,20,20,110,110,129,143,156,172,186,222,222,235,258,258,278,278,0,0],"floor_reached":48,"playtime":1660,"items_purged":["Injury"],"score":1055,"play_id":"ce4d8021-db90-4593-a462-3c7955e07fa0","local_time":"20230122142723","is_ascension_mode":true,"campfire_choices":[{"floor":7,"key":"REST"},{"data":"Rupture","floor":12,"key":"SMITH"},{"data":"Sadistic Nature","floor":15,"key":"SMITH"},{"data":"Reaper","floor":23,"key":"SMITH"},{"data":"Pommel Strike","floor":25,"key":"SMITH"},{"data":"Shrug It Off","floor":30,"key":"SMITH"},{"data":"Shrug It Off","floor":32,"key":"SMITH"},{"data":"Ghostly Armor","floor":41,"key":"SMITH"}],"neow_cost":"NO_GOLD","seed_source_timestamp":11994688422000,"circlet_count":0,"master_deck":["AscendersBane","Strike_R","Strike_R","Defend_R","Defend_R","Defend_R","Defend_R","Bash","Sadistic Nature+1","Twin Strike","Rupture+1","Cleave","Reaper+1","Ghostly Armor+1","Shrug It Off+1","Pommel Strike+1","Shrug It Off+1","Offering","Pain","Feed+1","Clash+1","Carnage+1","Bludgeon+1","Shrug It Off","Immolate+1"],"relics":["Burning Blood","Golden Idol","StoneCalendar","CaptainsWheel","Odd Mushroom","Ornamental Fan","Potion Belt","Coffee Dripper","WarpedTongs","Pen Nib","Mummified Hand","Pocketwatch","Molten Egg 2","Astrolabe","Centennial Puzzle","InkBottle","Red Mask"],"potions_floor_usage":[8,13,14,21,33,33,40,40,42,45,48],"damage_taken":[{"damage":14,"enemies":"Jaw Worm","floor":1,"turns":5},{"damage":2,"enemies":"2 Louse","floor":3,"turns":3},{"damage":1,"enemies":"Small Slimes","floor":5,"turns":3},{"damage":45,"enemies":"Lagavulin","floor":6,"turns":7},{"damage":15,"enemies":"The Mushroom Lair","floor":8,"turns":3},{"damage":4,"enemies":"Looter","floor":11,"turns":4},{"damage":4,"enemies":"Gremlin Nob","floor":13,"turns":4},{"damage":11,"enemies":"Exordium Thugs","floor":14,"turns":5},{"damage":23,"enemies":"Slime Boss","floor":16,"turns":7},{"damage":27,"enemies":"Spheric Guardian","floor":18,"turns":6},{"damage":20,"enemies":"2 Thieves","floor":21,"turns":4},{"damage":24,"enemies":"Slavers","floor":24,"turns":5},{"damage":30,"enemies":"Centurion and Healer","floor":27,"turns":5},{"damage":62,"enemies":"Automaton","floor":33,"turns":8},{"damage":31,"enemies":"3 Darklings","floor":35,"turns":5},{"damage":13,"enemies":"Orb Walker","floor":36,"turns":3},{"damage":23,"enemies":"Maw","floor":37,"turns":6},{"damage":16,"enemies":"Transient","floor":38,"turns":6},{"damage":4,"enemies":"Sphere and 2 Shapes","floor":39,"turns":5},{"damage":130,"enemies":"Giant Head","floor":40,"turns":8},{"damage":11,"enemies":"Jaw Worm Horde","floor":42,"turns":4},{"damage":24,"enemies":"4 Shapes","floor":45,"turns":3},{"damage":23,"enemies":"Writhing Mass","floor":48,"turns":5}],"seed_played":"-6304530849204825874","potions_obtained":[{"floor":3,"key":"FearPotion"},{"floor":6,"key":"PowerPotion"},{"floor":13,"key":"Block Potion"},{"floor":18,"key":"Explosive Potion"},{"floor":27,"key":"AttackPotion"},{"floor":33,"key":"ColorlessPotion"},{"floor":35,"key":"BloodPotion"},{"floor":36,"key":"SteroidPotion"},{"floor":40,"key":"HeartOfIron"},{"floor":42,"key":"Fire Potion"}],"is_trial":false,"path_per_floor":["M","?","M","?","M","E","R","?","T","$","M","R","E","M","R","B",null,"M","?","$","M","$","R","E","R","T","M","?","$","R","T","R","B",null,"M","M","M","M","M","E","R","M","T","T","M","?","?","M"],"character_chosen":"IRONCLAD","items_purchased":["Shrug It Off","Pen Nib","ColorlessPotion"],"campfire_rested":1,"item_purchase_floors":[10,20,29],"current_hp_per_floor":[60,60,64,53,58,19,41,42,42,42,48,48,54,57,57,48,68,47,47,47,33,33,33,43,43,43,39,39,39,39,39,39,13,60,72,76,69,82,91,22,22,32,32,32,18,18,18,0],"gold":0,"neow_bonus":"RANDOM_COLORLESS_2","is_prod":false,"is_daily":false,"chose_seed":false,"campfire_upgraded":7,"win_rate":0,"timestamp":1674394043,"path_taken":["M","?","M","?","M","E","R","?","T","$","M","R","E","M","R","BOSS","M","?","?","M","?","R","E","R","T","M","?","$","R","?","R","BOSS","M","M","M","M","M","E","R","M","T","?","M","?","?","M"],"build_version":"2022-12-18","purchased_purges":1,"victory":false,"max_hp_per_floor":[75,75,75,75,75,75,75,75,75,75,75,75,75,75,75,75,75,75,75,75,75,75,75,75,75,75,75,75,75,75,75,75,75,75,79,83,87,87,91,91,91,95,95,95,99,99,99,99],"card_choices":[{"not_picked":["Magnetism","Secret Weapon"],"picked":"Sadistic Nature","floor":0},{"not_picked":["True Grit","Infernal Blade"],"picked":"Twin Strike","floor":1},{"not_picked":["Headbutt","Iron Wave"],"picked":"Rupture","floor":3},{"not_picked":["Inflame","Sever Soul"],"picked":"Cleave","floor":5},{"not_picked":["Rampage","Warcry"],"picked":"Reaper","floor":6},{"not_picked":["Havoc","Infernal Blade"],"picked":"Ghostly Armor","floor":8},{"not_picked":["Rage","Flex"],"picked":"Pommel Strike","floor":11},{"not_picked":["Carnage","Armaments","Impervious"],"picked":"SKIP","floor":13},{"not_picked":["Sword Boomerang","Pommel Strike"],"picked":"Shrug It Off","floor":14},{"not_picked":["Fiend Fire","Exhume"],"picked":"Offering","floor":16},{"not_picked":["True Grit","Warcry","Pommel Strike"],"picked":"SKIP","floor":18},{"not_picked":["Dual Wield","Sentinel","Havoc"],"picked":"SKIP","floor":21},{"not_picked":["Searing Blow","Twin Strike","Wild Strike"],"picked":"SKIP","floor":24},{"not_picked":["Spot Weakness","Burning Pact","Evolve"],"picked":"SKIP","floor":27},{"not_picked":["Immolate+1","Double Tap"],"picked":"Feed+1","floor":33},{"not_picked":["Pommel Strike+1","Twin Strike+1","Shrug It Off"],"picked":"SKIP","floor":35},{"not_picked":["Pommel Strike+1","Rampage+1","Shrug It Off"],"picked":"SKIP","floor":36},{"not_picked":["Carnage+1","Anger+1"],"picked":"Shrug It Off","floor":37},{"not_picked":["Pommel Strike+1","True Grit","Anger+1"],"picked":"SKIP","floor":38},{"not_picked":["Carnage+1","Iron Wave+1","Searing Blow+1"],"picked":"SKIP","floor":39},{"not_picked":["Bloodletting","Ghostly Armor+1"],"picked":"Immolate+1","floor":40},{"not_picked":["Clothesline+1","True Grit","Body Slam+1"],"picked":"SKIP","floor":42},{"not_picked":["Headbutt+1","Pommel Strike+1","Heavy Blade+1"],"picked":"SKIP","floor":45}],"player_experience":2027282,"relics_obtained":[{"floor":6,"key":"CaptainsWheel"},{"floor":8,"key":"Odd Mushroom"},{"floor":9,"key":"Ornamental Fan"},{"floor":13,"key":"Potion Belt"},{"floor":24,"key":"Mummified Hand"},{"floor":26,"key":"Pocketwatch"},{"floor":31,"key":"Molten Egg 2"},{"floor":40,"key":"Centennial Puzzle"},{"floor":44,"key":"InkBottle"}],"event_choices":[{"damage_healed":0,"gold_gain":0,"player_choice":"Take Wound","damage_taken":0,"relics_obtained":["Golden Idol"],"max_hp_gain":0,"max_hp_loss":0,"event_name":"Golden Idol","floor":2,"gold_loss":0,"cards_obtained":["Injury"]},{"damage_healed":0,"gold_gain":0,"player_choice":"Success","damage_taken":11,"relics_obtained":["StoneCalendar"],"max_hp_gain":0,"max_hp_loss":0,"event_name":"Scrap Ooze","floor":4,"gold_loss":0},{"damage_healed":0,"gold_gain":0,"player_choice":"Fought Mushrooms","damage_taken":0,"max_hp_gain":0,"max_hp_loss":0,"event_name":"Mushrooms","floor":8,"gold_loss":0},{"damage_healed":0,"gold_gain":0,"player_choice":"Rummage","damage_taken":0,"relics_obtained":["WarpedTongs"],"max_hp_gain":0,"max_hp_loss":0,"event_name":"Accursed Blacksmith","floor":19,"gold_loss":0,"cards_obtained":["Pain"]},{"damage_healed":0,"gold_gain":0,"player_choice":"Ignored","damage_taken":0,"max_hp_gain":0,"max_hp_loss":0,"event_name":"Beggar","floor":28,"gold_loss":0},{"damage_healed":0,"gold_gain":0,"player_choice":"Ignored","damage_taken":0,"max_hp_gain":0,"max_hp_loss":0,"event_name":"Mysterious Sphere","floor":46,"gold_loss":0},{"damage_healed":0,"gold_gain":0,"player_choice":"Paid","damage_taken":0,"relics_obtained":["Red Mask"],"max_hp_gain":0,"max_hp_loss":0,"event_name":"Tomb of Lord Red Mask","floor":47,"gold_loss":278}],"is_beta":false,"boss_relics":[{"not_picked":["Calling Bell","Mark of Pain"],"picked":"Coffee Dripper"},{"not_picked":["Snecko Eye","Velvet Choker"],"picked":"Astrolabe"}],"items_purged_floors":[10],"is_endless":false,"potions_floor_spawned":[3,6,13,18,27,33,35,36,40,42],"killed_by":"Writhing Mass","ascension_level":20}