{"gold_per_floor":[119,137,26,176,176,251,251,251,276,305,305,13,23,23,23,97,97,56,71,71,71,84,109,125,157,184,219,219,219,233,249,249,323,323,341,341,353,12,0,0,28,76,102,102,133,143,156,171,171,171,171,171,171,8,38,38],"floor_reached":56,"playtime":2985,"items_purged":["Doubt"],"score":2001,"play_id":"60f381bd-43ba-4c05-a948-fb9190d6ce77","local_time":"20230124133212","is_ascension_mode":true,"campfire_choices":[{"data":"Spot Weakness","floor":7.0,"key":"SMITH"},{"data":"Feel No Pain","floor":11.0,"key":"SMITH"},{"data":"True Grit","floor":15,"key":"SMITH"},{"data":"Feel No Pain","floor":29,"key":"SMITH"},{"data":"Corruption","floor":32,"key":"SMITH"},{"floor":40,"key":"RECALL"},{"data":"Demon Form","floor":49,"key":"SMITH"},{"data":"Juggernaut","floor":53,"key":"SMITH"}],"neow_cost":"NONE","seed_source_timestamp":0,"circlet_count":0,"master_deck":["AscendersBane","Strike_R+1","Strike_R+1","Strike_R+1","Defend_R+1","Defend_R+1","Defend_R+1","Defend_R+1","Shockwave","Spot Weakness+1","Feel No Pain+1","True Grit+1","Thunderclap","Shrug It Off","Battle Trance","Corruption+1","Feel No Pain+1","Flex","Shrug It Off","Pommel Strike","Reaper","Seeing Red","Intimidate","Havoc+1","Body Slam+1","Juggernaut+1","CurseOfTheBell","Dark Embrace","Cleave","Panache","Entrench","Offering","Sentinel","Flame Barrier","Demon Form+1","Armaments+1","Entrench","Wild Strike+1"],"special_seed":0,"relics":["Burning Blood","NeowsBlessing","Meat on the Bone","Ancient Tea Set","War Paint","Bag of Marbles","Empty Cage","Mummified Hand","The Courier","Sundial","Calling Bell","Dream Catcher","Eternal Feather","Pocketwatch","Membership Card","HornCleat","Red Mask","Regal Pillow","Thread and Needle","Bag of Preparation","Red Skull","TungstenRod","Centennial Puzzle"],"potions_floor_usage":[16,23,25,33,35,51,56],"damage_taken":[{"damage":0.0,"enemies":"Cultist","floor":1.0,"turns":1.0},{"damage":3.0,"enemies":"2 Louse","floor":2.0,"turns":2.0},{"damage":0.0,"enemies":"Gremlin Nob","floor":10.0,"turns":1.0},{"damage":1.0,"enemies":"Small Slimes","floor":13.0,"turns":4.0},{"damage":38,"enemies":"The Guardian","floor":16,"turns":14},{"damage":12,"enemies":"2 Thieves","floor":18,"turns":5},{"damage":24,"enemies":"Chosen","floor":19,"turns":13},{"damage":0,"enemies":"Snecko","floor":22,"turns":8},{"damage":40,"enemies":"Book of Stabbing","floor":23,"turns":7},{"damage":10,"enemies":"Shelled Parasite and Fungi","floor":24,"turns":8},{"damage":47,"enemies":"Slavers","floor":25,"turns":7},{"damage":5,"enemies":"Book of Stabbing","floor":27,"turns":6},{"damage":16,"enemies":"Snake Plant","floor":30,"turns":7},{"damage":2,"enemies":"Chosen and Byrds","floor":31,"turns":9},{"damage":2,"enemies":"Champ","floor":33,"turns":9},{"damage":31,"enemies":"3 Shapes","floor":35,"turns":3},{"damage":2,"enemies":"3 Darklings","floor":37,"turns":6},{"damage":15,"enemies":"Giant Head","floor":41,"turns":6},{"damage":24,"enemies":"2 Orb Walkers","floor":42,"turns":4},{"damage":11,"enemies":"Nemesis","floor":45,"turns":7},{"damage":14,"enemies":"Maw","floor":46,"turns":8},{"damage":8,"enemies":"Spire Growth","floor":47,"turns":3},{"damage":6,"enemies":"4 Shapes","floor":48,"turns":3},{"damage":93,"enemies":"Time Eater","floor":50,"turns":8},{"damage":34,"enemies":"Awakened One","floor":51,"turns":8},{"damage":43,"enemies":"Shield and Spear","floor":55,"turns":5},{"damage":77,"enemies":"The Heart","floor":56,"turns":3}],"seed_played":"-8639655026728692479","potions_obtained":[{"floor":1.0,"key":"Weak Potion"},{"floor":19,"key":"Energy Potion"},{"floor":23,"key":"SteroidPotion"},{"floor":24,"key":"SpeedPotion"},{"floor":31,"key":"BloodPotion"},{"floor":33,"key":"ColorlessPotion"},{"floor":37,"key":"Weak Potion"},{"floor":41,"key":"Strength Potion"},{"floor":55,"key":"ColorlessPotion"}],"is_trial":false,"path_per_floor":["M","M","$","?","?","?","R","T","T","E","R","$","M","$","R","B",null,"M","M","?","?","M","E","M","E","T","E","?","R","M","M","R","B",null,"M","?","M","$","?","R","E","?","T","?","E","M","M","M","R","B","B",null,"R","$","E","B"],"character_chosen":"IRONCLAD","items_purchased":["Feel No Pain","True Grit","Bag of Marbles","Shrug It Off","Membership Card","Panache","HornCleat","Entrench","TungstenRod","Entrench"],"campfire_rested":0,"item_purchase_floors":[3,3,12,12,38,38,38,38,54,54],"current_hp_per_floor":[74,75,75,75,80,69,69,69,69,75,75,75,80,80,80,48,72,66,48,48,48,54,32,40,50,50,63,63,63,59,69,69,80,80,80,80,80,80,80,80,80,69,69,69,64,72,80,80,80,44,58,75,80,80,77,0],"gold":38,"neow_bonus":"THREE_ENEMY_KILL","is_prod":false,"is_daily":false,"chose_seed":false,"campfire_upgraded":7,"win_rate":0,"timestamp":1674563532,"path_taken":["M","M","$","?","?","?","R","?","T","E","R","?","M","$","R","BOSS","M","M","?","?","M","E","M","E","T","E","?","R","?","M","R","BOSS","M","?","?","$","?","R","E","?","T","?","E","M","M","M","R","BOSS","BOSS","R","$","E","BOSS"],"build_version":"2022-12-18","purchased_purges":1,"victory":false,"max_hp_per_floor":[75,75,75,75,80,80,80,80,80,80,80,80,80,80,80,80,80,80,80,80,80,80,80,80,80,80,80,80,80,80,80,80,80,80,80,80,80,80,80,80,80,80,80,80,80,80,80,80,80,80,80,80,80,80,80,80],"card_choices":[{"not_picked":["Carnage","Wild Strike"],"picked":"Shockwave","floor":1.0},{"not_picked":["Second Wind","Shrug It Off"],"picked":"Spot Weakness","floor":2.0},{"not_picked":["Heavy Blade","Clash"],"picked":"Thunderclap","floor":10.0},{"not_picked":["Heavy Blade","Reckless Charge"],"picked":"Battle Trance","floor":13.0},{"not_picked":["Double Tap","Offering"],"picked":"Corruption","floor":16},{"not_picked":["Fire Breathing","Pommel Strike"],"picked":"Feel No Pain","floor":18},{"not_picked":["Sword Boomerang","Clothesline"],"picked":"Flex","floor":19},{"not_picked":["Warcry","Headbutt"],"picked":"Shrug It Off","floor":22},{"not_picked":["Heavy Blade","Thunderclap"],"picked":"Pommel Strike","floor":23},{"not_picked":["Battle Trance","Anger"],"picked":"Reaper","floor":24},{"not_picked":["Pommel Strike","Body Slam"],"picked":"Seeing Red","floor":25},{"not_picked":["Battle Trance","Heavy Blade"],"picked":"Intimidate","floor":27},{"not_picked":["Battle Trance","True Grit"],"picked":"Havoc+1","floor":30},{"not_picked":["Metallicize+1","Heavy Blade"],"picked":"Body Slam+1","floor":31},{"not_picked":["Impervious","Double Tap"],"picked":"Juggernaut","floor":33},{"not_picked":["Thunderclap","Whirlwind+1"],"picked":"Dark Embrace","floor":35},{"not_picked":["Havoc+1","Anger"],"picked":"Cleave","floor":37},{"not_picked":["Fire Breathing","Rupture"],"picked":"Offering","floor":41},{"not_picked":["Headbutt","Wild Strike"],"picked":"Sentinel","floor":42},{"not_picked":["Sword Boomerang+1","Second Wind"],"picked":"Demon Form","floor":45},{"not_picked":["Uppercut","Whirlwind","Cleave+1"],"picked":"SKIP","floor":46},{"not_picked":["Heavy Blade","Havoc","Thunderclap"],"picked":"SKIP","floor":47},{"not_picked":["Rage","Havoc"],"picked":"Armaments+1","floor":48},{"not_picked":["Bludgeon","Thunderclap"],"picked":"Wild Strike+1","floor":55}],"player_experience":2056921,"relics_obtained":[{"floor":8.0,"key":"Meat on the Bone"},{"floor":9.0,"key":"Ancient Tea Set"},{"floor":10.0,"key":"War Paint"},{"floor":23,"key":"Mummified Hand"},{"floor":25,"key":"The Courier"},{"floor":27,"key":"Sundial"},{"floor":34,"key":"Dream Catcher"},{"floor":34,"key":"Eternal Feather"},{"floor":34,"key":"Pocketwatch"},{"floor":41,"key":"Regal Pillow"},{"floor":42,"key":"Thread and Needle"},{"floor":43,"key":"Bag of Preparation"},{"floor":45,"key":"Red Skull"},{"floor":55,"key":"Centennial Puzzle"}],"event_choices":[{"damage_healed":0.0,"max_hp_gain":0.0,"max_hp_loss":0.0,"gold_gain":150.0,"event_name":"Liars Game","player_choice":"AGREE","floor":4.0,"gold_loss":0.0,"damage_taken":0.0,"cards_obtained":["Doubt"]},{"damage_healed":0.0,"max_hp_gain":5.0,"max_hp_loss":0.0,"gold_gain":0.0,"event_name":"Big Fish","player_choice":"Donut","floor":5.0,"gold_loss":0.0,"damage_taken":0.0},{"damage_healed":0.0,"max_hp_gain":0.0,"max_hp_loss":0.0,"gold_gain":75.0,"event_name":"World of Goop","player_choice":"Gather Gold","floor":6.0,"gold_loss":0.0,"damage_taken":11.0},{"damage_healed":0,"gold_gain":0,"player_choice":"Smashed Altar","damage_taken":0,"max_hp_gain":0,"max_hp_loss":0,"event_name":"Forgotten Altar","floor":20,"gold_loss":0,"cards_obtained":["Decay"]},{"damage_healed":0,"gold_gain":0,"player_choice":"Simplicity","damage_taken":0,"max_hp_gain":0,"max_hp_loss":0,"event_name":"Back to Basics","floor":21,"gold_loss":0,"cards_upgraded":["Strike_R","Strike_R","Strike_R","Defend_R","Defend_R"]},{"cards_removed":["Decay"],"damage_healed":0,"gold_gain":0,"player_choice":"Purged","damage_taken":0,"max_hp_gain":0,"max_hp_loss":0,"event_name":"Purifier","floor":28,"gold_loss":0},{"damage_healed":0,"gold_gain":0,"player_choice":"Ignored","damage_taken":0,"max_hp_gain":0,"max_hp_loss":0,"event_name":"SecretPortal","floor":36,"gold_loss":0},{"damage_healed":0,"gold_gain":0,"player_choice":"Paid","damage_taken":0,"relics_obtained":["Red Mask"],"max_hp_gain":0,"max_hp_loss":0,"event_name":"Tomb of Lord Red Mask","floor":39,"gold_loss":12},{"damage_healed":0,"gold_gain":0,"player_choice":"Fight","damage_taken":0,"max_hp_gain":0,"max_hp_loss":0,"event_name":"Mysterious Sphere","floor":42,"gold_loss":0},{"damage_healed":0,"gold_gain":0,"cards_transformed":["Bash"],"player_choice":"Transformed","damage_taken":0,"max_hp_gain":0,"max_hp_loss":0,"event_name":"Transmorgrifier","floor":44,"gold_loss":0,"cards_obtained":["Flame Barrier"]}],"is_beta":false,"boss_relics":[{"not_picked":["Snecko Eye","Pandora\u0027s Box"],"picked":"Empty Cage"},{"not_picked":["Black Blood","Velvet Choker"],"picked":"Calling Bell"}],"items_purged_floors":[12],"is_endless":false,"potions_floor_spawned":[1,19,23,24,31,33,37,41,42,55],"killed_by":"The Heart","ascension_level":20}