{"gold_per_floor":[112,112,24,74,86,86,102,102,127,127,144,69,69,97,97,168,168,178,194,45,56,72,72,106,123,123,123,123,123,48,73,73,150,150,167,167,167,185,264,264,55,84,159,190,190,190,200,231,231,231],"floor_reached":51,"playtime":2804,"items_purged":["Sword Boomerang"],"score":1358,"play_id":"04d7723b-383e-40fb-8faa-6815ea7cf314","local_time":"20230123173654","daily_mods":["SealedDeck"],"is_ascension_mode":true,"campfire_choices":[{"data":"Disarm","floor":6,"key":"SMITH"},{"data":"Pommel Strike","floor":8,"key":"SMITH"},{"data":"Pommel Strike","floor":15,"key":"SMITH"},{"data":"Flex","floor":23,"key":"SMITH"},{"data":"RitualDagger","floor":29,"key":"SMITH"},{"data":"Bloodletting","floor":32,"key":"SMITH"},{"data":"Madness","floor":40,"key":"SMITH"},{"floor":45,"key":"REST"},{"floor":49,"key":"REST"}],"neow_cost":"","seed_source_timestamp":0,"circlet_count":0,"master_deck":["AscendersBane","Burning Pact","Feel No Pain","Feel No Pain","Pommel Strike+1","Pommel Strike+1","Bloodletting+1","Whirlwind+1","Disarm+1","Shrug It Off","Shrug It Off","Bandage Up","Flex+1","Blood for Blood","Flame Barrier","Bludgeon","Sword Boomerang","Sword Boomerang","Pummel","Clothesline","Sword Boomerang","RitualDagger+1","Sword Boomerang","Anger","Madness","Madness+1","Trip","Rampage","Havoc","Heavy Blade","Brutality","Second Wind+1","Anger","Sword Boomerang+1","Limit Break"],"relics":["Burning Blood","Dream Catcher","Ornamental Fan","Torii","Runic Pyramid","Chemical X","Mercury Hourglass","Darkstone Periapt","Tiny Chest","Kunai","Runic Cube","Question Card","Ancient Tea Set","Omamori","Paper Frog","Gremlin Horn","Blood Vial"],"potions_floor_usage":[16,31,31,33,44,44],"damage_taken":[{"damage":0,"enemies":"2 Louse","floor":1,"turns":2},{"damage":0,"enemies":"Cultist","floor":5,"turns":3},{"damage":3,"enemies":"Small Slimes","floor":7,"turns":3},{"damage":0,"enemies":"Exordium Thugs","floor":11,"turns":4},{"damage":9,"enemies":"3 Sentries","floor":14,"turns":6},{"damage":15,"enemies":"Slime Boss","floor":16,"turns":7},{"damage":10,"enemies":"Shell Parasite","floor":18,"turns":3},{"damage":6,"enemies":"Spheric Guardian","floor":19,"turns":3},{"damage":3,"enemies":"Cultist and Chosen","floor":21,"turns":4},{"damage":4,"enemies":"Centurion and Healer","floor":22,"turns":4},{"damage":18,"enemies":"Gremlin Leader","floor":24,"turns":5},{"damage":6,"enemies":"Sentry and Sphere","floor":25,"turns":3},{"damage":24,"enemies":"Book of Stabbing","floor":31,"turns":6},{"damage":19,"enemies":"Automaton","floor":33,"turns":6},{"damage":22,"enemies":"3 Darklings","floor":35,"turns":3},{"damage":0,"enemies":"3 Shapes","floor":38,"turns":1},{"damage":8,"enemies":"Giant Head","floor":42,"turns":7},{"damage":54,"enemies":"Nemesis","floor":44,"turns":7},{"damage":0,"enemies":"Jaw Worm Horde","floor":47,"turns":1},{"damage":6,"enemies":"Reptomancer","floor":48,"turns":3},{"damage":64,"enemies":"Time Eater","floor":50,"turns":10}],"seed_played":"8088253948951049826","potions_obtained":[{"floor":7,"key":"LiquidMemories"},{"floor":14,"key":"EntropicBrew"},{"floor":16,"key":"BloodPotion"},{"floor":31,"key":"Explosive Potion"},{"floor":38,"key":"EssenceOfSteel"},{"floor":44,"key":"Ancient Potion"}],"is_trial":true,"path_per_floor":["M","?","$","?","M","R","M","R","T","T","M","?","?","E","R","B",null,"M","M","$","M","M","R","E","M","T","T","?","R","$","E","R","B",null,"M","?","?","M","T","R","$","E","T","E","R","?","M","E","R","B",null],"character_chosen":"IRONCLAD","items_purchased":["Bandage Up","Chemical X","Havoc","Ancient Tea Set"],"campfire_rested":2,"item_purchase_floors":[3,20,41,41],"current_hp_per_floor":[74,74,74,74,75,75,75,75,75,75,75,75,75,75,75,70,74,74,75,75,75,75,75,67,67,67,67,61,61,61,62,62,53,70,58,44,44,50,50,50,50,52,52,20,42,42,48,52,74,17],"gold":231,"neow_bonus":"","is_prod":false,"is_daily":false,"chose_seed":false,"campfire_upgraded":7,"win_rate":0,"timestamp":1674491814,"path_taken":["M","?","?","?","M","R","?","R","T","?","M","?","?","E","R","BOSS","M","M","$","?","M","R","E","?","T","?","?","R","$","E","R","BOSS","M","?","?","M","?","R","?","E","T","E","R","?","?","E","R","BOSS"],"build_version":"2022-12-18","purchased_purges":1,"victory":true,"max_hp_per_floor":[75,75,75,75,75,75,75,75,75,75,75,75,75,75,75,75,75,75,75,75,75,75,75,75,75,75,75,75,75,75,75,75,75,75,75,75,75,75,75,75,75,75,75,75,75,75,75,75,75,75],"card_choices":[{"not_picked":["Intimidate","Flex"],"picked":"Clash","floor":1},{"not_picked":["True Grit","Pommel Strike"],"picked":"Flex","floor":5},{"not_picked":["Dark Embrace","Headbutt"],"picked":"Blood for Blood","floor":7},{"not_picked":["Feed","Sword Boomerang"],"picked":"Iron Wave","floor":11},{"not_picked":["Second Wind","Fire Breathing"],"picked":"Flame Barrier","floor":14},{"not_picked":["Fiend Fire","Demon Form"],"picked":"Bludgeon","floor":16},{"not_picked":["Twin Strike","Warcry+1"],"picked":"Sword Boomerang","floor":18},{"not_picked":["True Grit+1","Double Tap"],"picked":"Sword Boomerang","floor":19},{"not_picked":["Thunderclap","Pommel Strike"],"picked":"Pummel","floor":21},{"not_picked":["Disarm","Sword Boomerang"],"picked":"Clothesline","floor":22},{"not_picked":["Shrug It Off","Whirlwind"],"picked":"Sword Boomerang","floor":24},{"not_picked":["Shrug It Off","Reaper"],"picked":"Sword Boomerang","floor":25},{"not_picked":["Wild Strike+1","Whirlwind"],"picked":"Sword Boomerang","floor":31},{"not_picked":["Impervious","Demon Form"],"picked":"Barricade","floor":33},{"not_picked":["Inflame+1","Infernal Blade+1"],"picked":"Anger","floor":35},{"not_picked":["Secret Weapon","Discovery"],"picked":"Trip","floor":37},{"not_picked":["Flex","Shrug It Off"],"picked":"Rampage","floor":38},{"not_picked":["Intimidate","True Grit+1","Dropkick+1"],"picked":"Heavy Blade","floor":42},{"not_picked":["Heavy Blade","Armaments+1","Shrug It Off"],"picked":"Brutality","floor":44},{"not_picked":["True Grit","Rampage","Sword Boomerang"],"picked":"Second Wind+1","floor":45},{"not_picked":["Iron Wave","Shockwave","Wild Strike"],"picked":"Anger","floor":47},{"not_picked":["Wild Strike","Headbutt","Uppercut"],"picked":"Sword Boomerang+1","floor":48},{"not_picked":["Shockwave","Infernal Blade","Sword Boomerang+1"],"picked":"Limit Break","floor":49}],"player_experience":2046432,"relics_obtained":[{"floor":9,"key":"Dream Catcher"},{"floor":10,"key":"Ornamental Fan"},{"floor":14,"key":"Torii"},{"floor":24,"key":"Mercury Hourglass"},{"floor":26,"key":"Darkstone Periapt"},{"floor":27,"key":"Tiny Chest"},{"floor":31,"key":"Kunai"},{"floor":39,"key":"Question Card"},{"floor":42,"key":"Omamori"},{"floor":43,"key":"Paper Frog"},{"floor":44,"key":"Gremlin Horn"},{"floor":48,"key":"Blood Vial"}],"event_choices":[{"damage_healed":0,"gold_gain":0,"player_choice":"Upgraded","damage_taken":0,"max_hp_gain":0,"max_hp_loss":0,"event_name":"Upgrade Shrine","floor":2,"gold_loss":0,"cards_upgraded":["Whirlwind"]},{"damage_healed":0,"gold_gain":50,"player_choice":"Pray","damage_taken":0,"max_hp_gain":0,"max_hp_loss":0,"event_name":"Golden Shrine","floor":4,"gold_loss":0},{"cards_removed":["Clash"],"damage_healed":0,"gold_gain":0,"player_choice":"Card Removal","damage_taken":0,"max_hp_gain":0,"max_hp_loss":0,"event_name":"The Cleric","floor":12,"gold_loss":75},{"cards_removed":["Iron Wave"],"damage_healed":0,"gold_gain":0,"player_choice":"Purged","damage_taken":0,"max_hp_gain":0,"max_hp_loss":0,"event_name":"Purifier","floor":13,"gold_loss":0},{"damage_healed":0,"gold_gain":0,"player_choice":"Joined the Cult","damage_taken":6,"max_hp_gain":0,"max_hp_loss":0,"event_name":"Nest","floor":28,"gold_loss":0,"cards_obtained":["RitualDagger"]},{"damage_healed":0,"gold_gain":0,"player_choice":"Embrace Madness","damage_taken":14,"max_hp_gain":0,"max_hp_loss":0,"event_name":"Winding Halls","floor":36,"gold_loss":0,"cards_obtained":["Madness","Madness"]},{"damage_healed":0,"gold_gain":0,"player_choice":"Memory 1","damage_taken":0,"max_hp_gain":0,"max_hp_loss":0,"event_name":"SensoryStone","floor":37,"gold_loss":0},{"cards_removed":["Barricade"],"damage_healed":0,"gold_gain":0,"player_choice":"Purged","damage_taken":0,"max_hp_gain":0,"max_hp_loss":0,"event_name":"Purifier","floor":46,"gold_loss":0}],"is_beta":false,"boss_relics":[{"not_picked":["Coffee Dripper","Fusion Hammer"],"picked":"Runic Pyramid"},{"not_picked":["Tiny House","Sozu"],"picked":"Runic Cube"}],"items_purged_floors":[30],"is_endless":false,"potions_floor_spawned":[7,14,16,21,31,38,44],"ascension_level":15}