{"gold_per_floor":[368,380,350,362,7,7,35,185,208,228,228,245,284,284],"floor_reached":14,"playtime":364,"items_purged":[],"score":200,"play_id":"bba90f91-b5d6-46b7-ab34-bc9b1eba6aeb","local_time":"20230131132455","is_ascension_mode":true,"campfire_choices":[{"data":"Armaments","floor":6,"key":"SMITH"},{"floor":11,"key":"REST"}],"neow_cost":"CURSE","seed_source_timestamp":4084216498700,"circlet_count":0,"master_deck":["AscendersBane","Strike_R","Strike_R","Strike_R","Strike_R","Strike_R","Defend_R","Defend_R","Defend_R","Defend_R","Bash","Decay","Rupture","Cleave","Armaments+1","Combust","Offering","Doubt","Shrug It Off"],"relics":["Burning Blood","Membership Card","Anchor","Happy Flower","Art of War","CeramicFish","Paper Frog"],"potions_floor_usage":[4,14],"damage_taken":[{"damage":15,"enemies":"2 Louse","floor":1,"turns":5},{"damage":11,"enemies":"Cultist","floor":2,"turns":4},{"damage":2,"enemies":"Jaw Worm","floor":4,"turns":4},{"damage":26,"enemies":"3 Sentries","floor":7,"turns":4},{"damage":16,"enemies":"Looter","floor":10,"turns":4},{"damage":7,"enemies":"Blue Slaver","floor":12,"turns":2},{"damage":41,"enemies":"Gremlin Nob","floor":13,"turns":4},{"damage":23,"enemies":"Gremlin Gang","floor":14,"turns":2}],"seed_played":"-4089809628977787796","potions_obtained":[{"floor":3,"key":"DuplicationPotion"},{"floor":3,"key":"Block Potion"},{"floor":4,"key":"Weak Potion"},{"floor":7,"key":"SkillPotion"},{"floor":12,"key":"Dexterity Potion"}],"is_trial":false,"path_per_floor":["M","M","?","M","$","R","E","?","T","M","R","M","E","M"],"character_chosen":"IRONCLAD","items_purchased":["Membership Card","Combust","Anchor","Happy Flower"],"campfire_rested":1,"item_purchase_floors":[5,5,5,5],"current_hp_per_floor":[59,54,54,58,58,58,38,38,38,28,50,49,14,0],"gold":284,"neow_bonus":"TWO_FIFTY_GOLD","is_prod":false,"is_daily":false,"chose_seed":false,"campfire_upgraded":1,"win_rate":0,"timestamp":1675167895,"path_taken":["M","M","?","?","$","R","E","?","T","M","R","M","E","M"],"build_version":"2022-12-18","purchased_purges":0,"victory":false,"max_hp_per_floor":[75,75,75,75,75,75,75,75,75,75,75,75,75,75],"card_choices":[{"not_picked":["Pommel Strike","Seeing Red"],"picked":"Rupture","floor":1},{"not_picked":["Anger","Havoc"],"picked":"Cleave","floor":2},{"not_picked":["Uppercut","Headbutt"],"picked":"Armaments","floor":4},{"not_picked":["Disarm","Wild Strike"],"picked":"Offering","floor":7},{"not_picked":["Body Slam","Shockwave","Havoc"],"picked":"SKIP","floor":10},{"not_picked":["Clothesline","Wild Strike","Iron Wave"],"picked":"SKIP","floor":12},{"not_picked":["True Grit","Armaments"],"picked":"Shrug It Off","floor":13}],"player_experience":2082007,"relics_obtained":[{"floor":7,"key":"Art of War"},{"floor":9,"key":"CeramicFish"},{"floor":13,"key":"Paper Frog"}],"event_choices":[{"damage_healed":0,"gold_gain":0,"player_choice":"Bought 2 Potions","damage_taken":0,"max_hp_gain":0,"max_hp_loss":0,"event_name":"The Woman in Blue","floor":3,"gold_loss":0},{"damage_healed":0,"gold_gain":150,"player_choice":"AGREE","damage_taken":0,"max_hp_gain":0,"max_hp_loss":0,"event_name":"Liars Game","floor":8,"gold_loss":0,"cards_obtained":["Doubt"]}],"is_beta":false,"boss_relics":[],"items_purged_floors":[],"is_endless":false,"potions_floor_spawned":[4,7,12],"killed_by":"Gremlin Gang","ascension_level":20}