{"gold_per_floor":[17,28,43,118,118,118,151,151,151,180,199,13,31,63,63,141,141,156,168,168,186,44,44,44,2,25,51,61,61,74,106,106,106],"floor_reached":33,"playtime":1257,"items_purged":["Strike_R"],"score":614,"play_id":"03fe80b6-8dec-42dc-8c14-ecb0135ce70b","local_time":"20230202225154","is_ascension_mode":true,"campfire_choices":[{"data":"Reaper","floor":6,"key":"SMITH"},{"data":"Pommel Strike","floor":8,"key":"SMITH"},{"data":"Bash","floor":15,"key":"SMITH"},{"floor":24,"key":"REST"},{"data":"Rupture","floor":29,"key":"SMITH"},{"data":"Jack Of All Trades","floor":32,"key":"SMITH"}],"neow_cost":"NO_GOLD","seed_source_timestamp":567787064434300,"circlet_count":0,"master_deck":["AscendersBane","Defend_R+1","Defend_R+1","Bash+1","Seeing Red","Sword Boomerang","Reaper+1","Pommel Strike+1","Intimidate","Pommel Strike+1","Wild Strike+1","Brutality","Wild Strike+1","Hemokinesis+1","Disarm+1","Rupture+1","Jack Of All Trades+1","True Grit+1","Shockwave+1"],"relics":["Burning Blood","The Courier","War Paint","Molten Egg 2","Akabeko","Mercury Hourglass","Astrolabe","Nilry\u0027s Codex","Toy Ornithopter","Bottled Flame"],"potions_floor_usage":[7,10,16,23,27],"damage_taken":[{"damage":1,"enemies":"Small Slimes","floor":1,"turns":4},{"damage":1,"enemies":"Cultist","floor":2,"turns":3},{"damage":7,"enemies":"Jaw Worm","floor":3,"turns":4},{"damage":50,"enemies":"3 Sentries","floor":7,"turns":10},{"damage":8,"enemies":"Gremlin Nob","floor":10,"turns":3},{"damage":4,"enemies":"Looter","floor":11,"turns":4},{"damage":12,"enemies":"Exordium Wildlife","floor":13,"turns":5},{"damage":24,"enemies":"3 Sentries","floor":14,"turns":6},{"damage":16,"enemies":"Hexaghost","floor":16,"turns":8},{"damage":2,"enemies":"Spheric Guardian","floor":18,"turns":3},{"damage":24,"enemies":"3 Byrds","floor":19,"turns":4},{"damage":19,"enemies":"Centurion and Healer","floor":21,"turns":6},{"damage":15,"enemies":"Book of Stabbing","floor":23,"turns":2},{"damage":37,"enemies":"Slavers","floor":27,"turns":5},{"damage":9,"enemies":"Snecko","floor":28,"turns":4},{"damage":13,"enemies":"Snake Plant","floor":30,"turns":5},{"damage":12,"enemies":"Centurion and Healer","floor":31,"turns":6},{"damage":57,"enemies":"Collector","floor":33,"turns":5}],"seed_played":"-5230482894036499678","potions_obtained":[{"floor":1,"key":"SteroidPotion"},{"floor":3,"key":"Swift Potion"},{"floor":11,"key":"HeartOfIron"},{"floor":18,"key":"SpeedPotion"},{"floor":21,"key":"SmokeBomb"},{"floor":31,"key":"SpeedPotion"}],"is_trial":false,"path_per_floor":["M","M","M","?","?","R","E","R","T","E","M","$","M","E","R","B",null,"M","M","?","M","$","E","R","$","T","E","M","R","M","M","R","B"],"character_chosen":"IRONCLAD","items_purchased":["Akabeko","Rupture","Jack Of All Trades","BlessingOfTheForge"],"campfire_rested":1,"item_purchase_floors":[12,22,22,25],"current_hp_per_floor":[73,75,74,63,63,63,31,31,31,29,38,38,42,39,39,36,65,69,57,36,35,35,26,48,48,48,34,44,44,37,57,57,0],"gold":106,"neow_bonus":"REMOVE_TWO","is_prod":false,"is_daily":false,"chose_seed":false,"campfire_upgraded":5,"win_rate":0,"timestamp":1675374714,"path_taken":["M","M","M","?","?","R","E","R","T","E","M","$","M","E","R","BOSS","M","?","?","M","?","E","R","$","T","E","M","R","M","M","R","BOSS"],"build_version":"2022-12-18","purchased_purges":1,"victory":false,"max_hp_per_floor":[75,75,75,75,75,75,75,75,75,75,75,75,75,75,75,75,75,75,75,75,75,75,75,75,75,75,75,75,75,75,75,75,75],"card_choices":[{"not_picked":["Clash","Second Wind"],"picked":"Seeing Red","floor":1},{"not_picked":["Armaments","Wild Strike"],"picked":"Sword Boomerang","floor":2},{"not_picked":["Dual Wield","Ghostly Armor"],"picked":"Reaper","floor":3},{"not_picked":["Warcry","Perfected Strike"],"picked":"Pommel Strike","floor":7},{"not_picked":["Hemokinesis+1","Havoc"],"picked":"Intimidate","floor":10},{"not_picked":["Anger+1","Twin Strike+1"],"picked":"Pommel Strike+1","floor":11},{"not_picked":["Clash+1","Carnage+1","Rupture"],"picked":"SKIP","floor":13},{"not_picked":["Heavy Blade+1","Barricade"],"picked":"Wild Strike+1","floor":14},{"not_picked":["Reaper+1","Corruption"],"picked":"Brutality","floor":16},{"not_picked":["Cleave+1","Reckless Charge+1","Dark Embrace"],"picked":"SKIP","floor":18},{"not_picked":["Clash+1","Sword Boomerang+1","Flex"],"picked":"SKIP","floor":19},{"not_picked":["Sentinel","Rampage+1","Pummel+1"],"picked":"SKIP","floor":21},{"not_picked":["Warcry","Uppercut+1"],"picked":"True Grit+1","floor":27},{"not_picked":["Warcry+1","Anger+1"],"picked":"Shockwave+1","floor":28},{"not_picked":["Carnage+1","Twin Strike+1","Thunderclap+1"],"picked":"SKIP","floor":30},{"not_picked":["Burning Pact","Sever Soul+1","Metallicize"],"picked":"SKIP","floor":31}],"player_experience":2094156,"relics_obtained":[{"floor":7,"key":"The Courier"},{"floor":9,"key":"War Paint"},{"floor":10,"key":"Molten Egg 2"},{"floor":14,"key":"Mercury Hourglass"},{"floor":20,"key":"Nilry\u0027s Codex"},{"floor":26,"key":"Toy Ornithopter"},{"floor":27,"key":"Bottled Flame"}],"event_choices":[{"damage_healed":0,"gold_gain":75,"player_choice":"Gather Gold","damage_taken":11,"max_hp_gain":0,"max_hp_loss":0,"event_name":"World of Goop","floor":4,"gold_loss":0},{"cards_removed":["Strike_R"],"damage_healed":0,"gold_gain":0,"player_choice":"Offered Basic","damage_taken":0,"max_hp_gain":0,"max_hp_loss":0,"event_name":"Bonfire Elementals","floor":5,"gold_loss":0},{"damage_healed":0,"gold_gain":0,"player_choice":"Obtained Book","damage_taken":21,"max_hp_gain":0,"max_hp_loss":0,"event_name":"Cursed Tome","floor":20,"gold_loss":0}],"is_beta":false,"boss_relics":[{"not_picked":["SlaversCollar","Snecko Eye"],"picked":"Astrolabe"}],"items_purged_floors":[12],"is_endless":false,"potions_floor_spawned":[1,3,11,18,21,31],"killed_by":"Collector","ascension_level":20}