{"gold_per_floor":[111,111,123,48,48,88,88,88,112,132,132,156,199,213,213,303,303,326,326,346,90,114,153,153,174,174,186],"floor_reached":27,"playtime":720,"items_purged":["Strike_R"],"score":536,"play_id":"28e5c07b-3a96-4cf1-bca2-4c93cc76c9fb","local_time":"20230206213214","is_ascension_mode":true,"campfire_choices":[{"data":"Hemokinesis","floor":7,"key":"SMITH"},{"data":"Pommel Strike","floor":11,"key":"SMITH"},{"floor":15,"key":"REST"},{"floor":24,"key":"REST"}],"neow_cost":"NONE","seed_source_timestamp":909151361977600,"circlet_count":0,"master_deck":["AscendersBane","Strike_R","Strike_R","Strike_R","Strike_R","Defend_R","Defend_R","Defend_R","Defend_R","Bash","Hemokinesis+1","Blood for Blood","Warcry","Pommel Strike+1","Shrug It Off","Shockwave","Spot Weakness","Double Tap","Metallicize","Anger","Panache","Disarm","Inflame"],"relics":["Burning Blood","NeowsBlessing","Kunai","Golden Idol","CaptainsWheel","Potion Belt","Toy Ornithopter","Runic Cube","Calipers","MawBank"],"potions_floor_usage":[16,18,20,20,22],"damage_taken":[{"damage":0,"enemies":"2 Louse","floor":1,"turns":1},{"damage":0,"enemies":"Cultist","floor":3,"turns":1},{"damage":0,"enemies":"3 Sentries","floor":6,"turns":2},{"damage":5,"enemies":"Small Slimes","floor":10,"turns":2},{"damage":11,"enemies":"3 Louse","floor":12,"turns":3},{"damage":34,"enemies":"Lagavulin","floor":13,"turns":6},{"damage":8,"enemies":"Looter","floor":14,"turns":3},{"damage":22,"enemies":"Slime Boss","floor":16,"turns":6},{"damage":27,"enemies":"2 Thieves","floor":18,"turns":3},{"damage":12,"enemies":"3 Byrds","floor":20,"turns":4},{"damage":16,"enemies":"Snecko","floor":22,"turns":4},{"damage":66,"enemies":"Book of Stabbing","floor":23,"turns":6},{"damage":23,"enemies":"Cultist and Chosen","floor":25,"turns":6},{"damage":16,"enemies":"Gremlin Leader","floor":27,"turns":2}],"seed_played":"-7129141909444793401","potions_obtained":[{"floor":12,"key":"SpeedPotion"},{"floor":13,"key":"BlessingOfTheForge"},{"floor":14,"key":"ColorlessPotion"},{"floor":19,"key":"DistilledChaos"},{"floor":19,"key":"Explosive Potion"},{"floor":20,"key":"AttackPotion"},{"floor":22,"key":"FairyPotion"}],"is_trial":false,"path_per_floor":["M","?","M","$","?","E","R","?","T","M","R","M","E","M","R","B",null,"M","?","M","$","M","E","R","M","T","E"],"character_chosen":"IRONCLAD","items_purchased":["Anger","Panache"],"campfire_rested":2,"item_purchase_floors":[21,21],"current_hp_per_floor":[74,39,45,45,45,51,51,51,51,52,52,47,19,17,39,28,63,47,47,51,51,46,8,30,13,13,0],"gold":186,"neow_bonus":"THREE_ENEMY_KILL","is_prod":false,"is_daily":false,"chose_seed":false,"campfire_upgraded":2,"win_rate":0,"timestamp":1675715534,"path_taken":["M","?","M","$","?","E","R","?","T","?","R","M","E","M","R","BOSS","M","?","M","?","M","E","R","M","T","E"],"build_version":"2022-12-18","purchased_purges":1,"victory":false,"max_hp_per_floor":[75,75,75,75,75,75,75,75,75,75,75,75,75,75,75,75,75,75,75,75,75,75,75,75,75,75,75],"card_choices":[{"not_picked":["Headbutt","Warcry"],"picked":"Hemokinesis","floor":1},{"not_picked":["Searing Blow","Iron Wave"],"picked":"Blood for Blood","floor":3},{"not_picked":["Clash","Flex"],"picked":"Warcry","floor":6},{"not_picked":["Entrench","Heavy Blade"],"picked":"Pommel Strike","floor":10},{"not_picked":["Exhume","True Grit"],"picked":"Shrug It Off","floor":12},{"not_picked":["Flame Barrier","Battle Trance"],"picked":"Shockwave","floor":13},{"not_picked":["True Grit","Twin Strike"],"picked":"Spot Weakness","floor":14},{"not_picked":["Berserk","Reaper"],"picked":"Double Tap","floor":16},{"not_picked":["Body Slam","Wild Strike","Pommel Strike"],"picked":"SKIP","floor":18},{"not_picked":["Havoc","Cleave"],"picked":"Metallicize","floor":20},{"not_picked":["Spot Weakness","Hemokinesis"],"picked":"Disarm","floor":22},{"not_picked":["Sword Boomerang","Rampage"],"picked":"Inflame","floor":23},{"not_picked":["True Grit","Spot Weakness","Havoc"],"picked":"SKIP","floor":25}],"player_experience":2110491,"relics_obtained":[{"floor":6,"key":"CaptainsWheel"},{"floor":9,"key":"Potion Belt"},{"floor":13,"key":"Toy Ornithopter"},{"floor":23,"key":"Calipers"},{"floor":26,"key":"MawBank"}],"event_choices":[{"damage_healed":0,"gold_gain":0,"player_choice":"Success","damage_taken":35,"relics_obtained":["Kunai"],"max_hp_gain":0,"max_hp_loss":0,"event_name":"Scrap Ooze","floor":2,"gold_loss":0},{"damage_healed":0,"gold_gain":0,"player_choice":"Take Wound","damage_taken":0,"relics_obtained":["Golden Idol"],"max_hp_gain":0,"max_hp_loss":0,"event_name":"Golden Idol","floor":5,"gold_loss":0,"cards_obtained":["Injury"]},{"cards_removed":["Injury"],"damage_healed":0,"gold_gain":0,"player_choice":"Removed Curses","damage_taken":0,"max_hp_gain":0,"max_hp_loss":0,"event_name":"Fountain of Cleansing","floor":8,"gold_loss":0},{"damage_healed":0,"gold_gain":0,"player_choice":"Got Potions","damage_taken":0,"max_hp_gain":0,"max_hp_loss":0,"event_name":"Lab","floor":19,"gold_loss":0}],"is_beta":false,"boss_relics":[{"not_picked":["Black Blood","Pandora\u0027s Box"],"picked":"Runic Cube"}],"items_purged_floors":[4],"is_endless":false,"potions_floor_spawned":[12,13,14,20,22],"killed_by":"Gremlin Leader","ascension_level":20}