{"gold_per_floor":[118,134,148,423,433,464,464,497,497,497,25,42,73,83,83,160,160,174,187,187,204,254,254],"floor_reached":23,"playtime":2959,"items_purged":["Pain"],"score":426,"play_id":"f17fd3f1-df36-40cf-ae14-ea6c7487428f","local_time":"20230206202804","is_ascension_mode":true,"campfire_choices":[{"floor":7,"key":"REST"},{"floor":15,"key":"REST"}],"neow_cost":"CURSE","seed_source_timestamp":903063548223700,"circlet_count":0,"master_deck":["AscendersBane","Strike_R","Strike_R","Strike_R","Defend_R","Defend_R","Defend_R","Defend_R","Bash","Shame","Impervious","Carnage","Shrug It Off","Thunderclap","Flame Barrier","Regret","Immolate","Evolve","Havoc","Metallicize","Feed","Body Slam"],"relics":["Burning Blood","MealTicket","TungstenRod","StoneCalendar","WarpedTongs","Ginger","Du-Vu Doll","Mark of Pain","Nilry\u0027s Codex"],"potions_floor_usage":[5,8,13,16],"damage_taken":[{"damage":17,"enemies":"Cultist","floor":1,"turns":4},{"damage":0,"enemies":"Jaw Worm","floor":2,"turns":3},{"damage":0,"enemies":"2 Louse","floor":3,"turns":2},{"damage":5,"enemies":"Looter","floor":5,"turns":4},{"damage":62,"enemies":"Gremlin Nob","floor":6,"turns":6},{"damage":28,"enemies":"3 Sentries","floor":8,"turns":7},{"damage":6,"enemies":"Blue Slaver","floor":12,"turns":5},{"damage":23,"enemies":"Gremlin Nob","floor":13,"turns":4},{"damage":0,"enemies":"2 Fungi Beasts","floor":14,"turns":3},{"damage":15,"enemies":"Slime Boss","floor":16,"turns":7},{"damage":14,"enemies":"Chosen","floor":18,"turns":6},{"damage":23,"enemies":"Spheric Guardian","floor":19,"turns":6},{"damage":11,"enemies":"Centurion and Healer","floor":21,"turns":7},{"damage":29,"enemies":"Gremlin Leader","floor":23,"turns":6}],"seed_played":"3681659965560670104","potions_obtained":[{"floor":1,"key":"SpeedPotion"},{"floor":2,"key":"SneckoOil"},{"floor":6,"key":"Fire Potion"},{"floor":12,"key":"ColorlessPotion"},{"floor":18,"key":"Dexterity Potion"}],"is_trial":false,"path_per_floor":["M","M","M","?","M","E","R","E","T","?","$","M","E","M","R","B",null,"M","M","?","M","?","E"],"character_chosen":"IRONCLAD","items_purchased":["Ginger","Energy Potion"],"campfire_rested":2,"item_purchase_floors":[11,11],"current_hp_per_floor":[57,63,69,69,70,14,36,14,14,14,29,29,12,18,40,31,64,60,43,26,27,27,0],"gold":254,"neow_bonus":"TRANSFORM_TWO_CARDS","is_prod":false,"is_daily":false,"chose_seed":false,"campfire_upgraded":0,"win_rate":0,"timestamp":1675711684,"path_taken":["M","M","?","?","?","E","R","E","T","?","$","M","E","M","R","BOSS","M","?","?","M","?","E"],"build_version":"2022-12-18","purchased_purges":1,"victory":false,"max_hp_per_floor":[75,75,75,75,75,75,75,75,75,75,75,75,75,75,75,75,75,79,79,79,85,85,85],"card_choices":[{"not_picked":["Power Through","Battle Trance"],"picked":"Shrug It Off","floor":1},{"not_picked":["Sword Boomerang","True Grit"],"picked":"Thunderclap","floor":2},{"not_picked":["Havoc","Rage"],"picked":"Flame Barrier","floor":3},{"not_picked":["Cleave","Battle Trance"],"picked":"Immolate","floor":5},{"not_picked":["Armaments","Wild Strike"],"picked":"Evolve","floor":6},{"not_picked":["Hemokinesis","Cleave"],"picked":"Havoc","floor":8},{"not_picked":["Dual Wield","Clothesline"],"picked":"Metallicize","floor":12},{"not_picked":["Clash","Fiend Fire","Havoc"],"picked":"SKIP","floor":13},{"not_picked":["Hemokinesis","Pommel Strike","Ghostly Armor"],"picked":"SKIP","floor":14},{"not_picked":["Berserk","Exhume"],"picked":"Feed","floor":16},{"not_picked":["Dark Embrace","Armaments","Warcry"],"picked":"SKIP","floor":18},{"not_picked":["Rupture","Anger"],"picked":"Body Slam","floor":19},{"not_picked":["Perfected Strike","Body Slam","Headbutt"],"picked":"SKIP","floor":21}],"player_experience":2104501,"relics_obtained":[{"floor":6,"key":"MealTicket"},{"floor":8,"key":"TungstenRod"},{"floor":9,"key":"StoneCalendar"},{"floor":13,"key":"Du-Vu Doll"},{"floor":20,"key":"Nilry\u0027s Codex"}],"event_choices":[{"damage_healed":0,"gold_gain":275,"player_choice":"Desecrate","damage_taken":0,"max_hp_gain":0,"max_hp_loss":0,"event_name":"Golden Shrine","floor":4,"gold_loss":0,"cards_obtained":["Regret"]},{"damage_healed":0,"gold_gain":0,"player_choice":"Rummage","damage_taken":0,"relics_obtained":["WarpedTongs"],"max_hp_gain":0,"max_hp_loss":0,"event_name":"Accursed Blacksmith","floor":10,"gold_loss":0,"cards_obtained":["Pain"]},{"damage_healed":0,"gold_gain":0,"player_choice":"Obtained Book","damage_taken":21,"max_hp_gain":0,"max_hp_loss":0,"event_name":"Cursed Tome","floor":20,"gold_loss":0},{"damage_healed":0,"gold_gain":50,"player_choice":"Stole From Cult","damage_taken":0,"max_hp_gain":0,"max_hp_loss":0,"event_name":"Nest","floor":22,"gold_loss":0}],"is_beta":false,"boss_relics":[{"not_picked":["Tiny House","Runic Dome"],"picked":"Mark of Pain"}],"items_purged_floors":[11],"is_endless":false,"potions_floor_spawned":[1,2,6,12,18],"killed_by":"Gremlin Leader","ascension_level":20}