{"gold_per_floor":[114,126,48,48,48,82,53,65,140,140,140,28,53,71,71,145,145,159,212,212,212,212,212,212,241,241,241,269,288,305,322,322,322],"floor_reached":33,"playtime":1065,"items_purged":["Normality"],"score":582,"play_id":"713ba97f-f637-4399-ad74-0c0539b9b07e","local_time":"20230208223906","is_ascension_mode":true,"campfire_choices":[{"floor":10,"key":"REST"},{"floor":15,"key":"REST"},{"data":"The Bomb","floor":24,"key":"SMITH"},{"floor":27,"key":"REST"},{"data":"Juggernaut","floor":32,"key":"SMITH"}],"neow_cost":"CURSE","seed_source_timestamp":1085620447217300,"circlet_count":0,"master_deck":["AscendersBane","Strike_R","Strike_R","Strike_R","Strike_R","Strike_R","Defend_R","Defend_R+1","Defend_R","Defend_R+1","Bash","The Bomb+1","Dropkick","Fire Breathing","Power Through","Shrug It Off","Sword Boomerang","Disarm","Shrug It Off","Juggernaut+1","Decay","Second Wind+1","Iron Wave","Evolve"],"relics":["Burning Blood","Tiny Chest","Mercury Hourglass","Akabeko","Regal Pillow","Mark of Pain","Smiling Mask","Incense Burner","MutagenicStrength","Letter Opener","MealTicket","Shuriken"],"potions_floor_usage":[25,28,30],"damage_taken":[{"damage":12,"enemies":"Cultist","floor":1,"turns":4},{"damage":7,"enemies":"Jaw Worm","floor":2,"turns":3},{"damage":25,"enemies":"3 Sentries","floor":6,"turns":4},{"damage":12,"enemies":"2 Louse","floor":8,"turns":5},{"damage":18,"enemies":"Lagavulin","floor":13,"turns":5},{"damage":1,"enemies":"Looter","floor":14,"turns":2},{"damage":36,"enemies":"Slime Boss","floor":16,"turns":7},{"damage":17,"enemies":"Chosen","floor":18,"turns":5},{"damage":37,"enemies":"Book of Stabbing","floor":25,"turns":5},{"damage":6,"enemies":"Slavers","floor":28,"turns":6},{"damage":0,"enemies":"Spheric Guardian","floor":29,"turns":3},{"damage":6,"enemies":"Centurion and Healer","floor":30,"turns":3},{"damage":26,"enemies":"Sentry and Sphere","floor":31,"turns":6},{"damage":117,"enemies":"Champ","floor":33,"turns":15}],"seed_played":"1426549133409557352","potions_obtained":[{"floor":2,"key":"FairyPotion"},{"floor":6,"key":"PowerPotion"},{"floor":28,"key":"Fruit Juice"},{"floor":29,"key":"SneckoOil"}],"is_trial":false,"path_per_floor":["M","M","$","$","?","E","$","M","T","R","T","$","E","M","R","B",null,"M","T","?","T","?","T","R","E","T","R","E","M","M","M","R","B"],"character_chosen":"IRONCLAD","items_purchased":["Fire Breathing","Shrug It Off","Disarm"],"campfire_rested":3,"item_purchase_floors":[3,7,12],"current_hp_per_floor":[62,61,61,61,38,19,19,13,13,35,35,35,23,28,65,35,65,54,54,54,54,54,54,54,23,23,60,65,71,71,51,51,0],"gold":322,"neow_bonus":"RANDOM_COLORLESS_2","is_prod":false,"is_daily":false,"chose_seed":false,"campfire_upgraded":2,"win_rate":0,"timestamp":1675892346,"path_taken":["M","?","?","$","?","E","$","?","T","R","?","?","E","M","R","BOSS","M","?","?","?","?","?","R","E","T","R","E","?","?","M","R","BOSS"],"build_version":"2022-12-18","purchased_purges":1,"victory":false,"max_hp_per_floor":[75,75,75,75,75,75,75,75,75,75,75,75,75,75,75,75,75,75,75,75,75,75,75,75,75,75,75,80,80,80,80,80,80],"card_choices":[{"not_picked":["Violence","Metamorphosis"],"picked":"The Bomb","floor":0},{"not_picked":["Hemokinesis","Blood for Blood","Heavy Blade"],"picked":"SKIP","floor":1},{"not_picked":["Headbutt","Flex"],"picked":"Dropkick","floor":2},{"not_picked":["Brutality","Warcry"],"picked":"Power Through","floor":6},{"not_picked":["Perfected Strike","Cleave"],"picked":"Sword Boomerang","floor":8},{"not_picked":["Seeing Red","Perfected Strike","Double Tap"],"picked":"SKIP","floor":13},{"not_picked":["Thunderclap","Anger"],"picked":"Shrug It Off","floor":14},{"not_picked":["Immolate","Double Tap"],"picked":"Juggernaut","floor":16},{"not_picked":["Heavy Blade","Metallicize","Clash+1"],"picked":"SKIP","floor":18},{"not_picked":["Blood for Blood","Flex"],"picked":"Second Wind+1","floor":25},{"not_picked":["Clothesline","Disarm+1","Flex"],"picked":"SKIP","floor":28},{"not_picked":["Searing Blow","Flame Barrier"],"picked":"Iron Wave","floor":29},{"not_picked":["Ghostly Armor","Sever Soul+1"],"picked":"Evolve","floor":30},{"not_picked":["Heavy Blade","Perfected Strike","Metallicize"],"picked":"SKIP","floor":31}],"player_experience":2112613,"relics_obtained":[{"floor":6,"key":"Tiny Chest"},{"floor":9,"key":"Mercury Hourglass"},{"floor":11,"key":"Akabeko"},{"floor":13,"key":"Regal Pillow"},{"floor":19,"key":"Smiling Mask"},{"floor":21,"key":"Incense Burner"},{"floor":23,"key":"Letter Opener"},{"floor":25,"key":"MealTicket"},{"floor":28,"key":"Shuriken"}],"event_choices":[{"damage_healed":0,"gold_gain":0,"player_choice":"Entered Light","damage_taken":23,"max_hp_gain":0,"max_hp_loss":0,"event_name":"Shining Light","floor":5,"gold_loss":0,"cards_upgraded":["Defend_R","Defend_R"]},{"damage_healed":0,"gold_gain":0,"player_choice":"Smashed Altar","damage_taken":0,"max_hp_gain":0,"max_hp_loss":0,"event_name":"Forgotten Altar","floor":20,"gold_loss":0,"cards_obtained":["Decay"]},{"damage_healed":0,"gold_gain":0,"player_choice":"Inject Mutagens","damage_taken":0,"relics_obtained":["MutagenicStrength"],"max_hp_gain":0,"max_hp_loss":0,"event_name":"Drug Dealer","floor":22,"gold_loss":0}],"is_beta":false,"boss_relics":[{"not_picked":["Runic Dome","Sozu"],"picked":"Mark of Pain"}],"items_purged_floors":[12],"is_endless":false,"potions_floor_spawned":[2,6,8,28,29],"killed_by":"Champ","ascension_level":20}