{"gold_per_floor":[117,128,53,53,72,72,99,99,122,133,147,181,232,262,262,340,340,353,353,353,353,363,363,363],"floor_reached":24,"playtime":822,"items_purged":["Strike_R"],"score":453,"play_id":"125d39c9-e856-495e-8ccf-febac0479c44","local_time":"20230208121821","is_ascension_mode":true,"campfire_choices":[{"data":"Wild Strike","floor":6,"key":"SMITH"},{"floor":8,"key":"REST"},{"floor":15,"key":"REST"},{"data":"Armaments","floor":23,"key":"SMITH"}],"neow_cost":"PERCENT_DAMAGE","seed_source_timestamp":6188023490700,"circlet_count":0,"master_deck":["AscendersBane","Defend_R","Defend_R","Defend_R","Defend_R","Bash","Wild Strike+1","Evolve","Cleave","Armaments+1","Inflame","Wild Strike+1","Immolate+1","Flame Barrier+1","Bite+1","Bite+1","Bite+1","Bite+1","Bite+1","Shrug It Off","Inflame"],"relics":["Burning Blood","Nunchaku","Akabeko","Molten Egg 2","Potion Belt","Juzu Bracelet","Mark of Pain"],"potions_floor_usage":[7,12,16],"damage_taken":[{"damage":1,"enemies":"2 Louse","floor":1,"turns":3},{"damage":0,"enemies":"Cultist","floor":2,"turns":2},{"damage":5,"enemies":"Small Slimes","floor":5,"turns":4},{"damage":55,"enemies":"Lagavulin","floor":7,"turns":6},{"damage":21,"enemies":"Exordium Thugs","floor":10,"turns":5},{"damage":20,"enemies":"Gremlin Gang","floor":11,"turns":5},{"damage":4,"enemies":"3 Sentries","floor":12,"turns":6},{"damage":25,"enemies":"Lagavulin","floor":14,"turns":5},{"damage":12,"enemies":"Slime Boss","floor":16,"turns":8},{"damage":36,"enemies":"Shell Parasite","floor":18,"turns":4},{"damage":20,"enemies":"2 Thieves","floor":22,"turns":3},{"damage":46,"enemies":"Slavers","floor":24,"turns":3}],"seed_played":"-3662050251257922018","potions_obtained":[{"floor":5,"key":"PowerPotion"},{"floor":10,"key":"HeartOfIron"},{"floor":11,"key":"LiquidBronze"},{"floor":14,"key":"SkillPotion"}],"is_trial":false,"path_per_floor":["M","M","$","?","M","R","E","R","T","M","M","E","T","E","R","B",null,"M","?","?","?","M","R","E"],"character_chosen":"IRONCLAD","items_purchased":[],"campfire_rested":2,"item_purchase_floors":[],"current_hp_per_floor":[69,75,75,75,76,76,27,53,53,38,24,26,26,7,33,27,74,44,44,44,44,39,39,0],"gold":363,"neow_bonus":"TWENTY_PERCENT_HP_BONUS","is_prod":false,"is_daily":false,"chose_seed":false,"campfire_upgraded":2,"win_rate":0,"timestamp":1675855101,"path_taken":["M","M","$","?","?","R","E","R","T","M","M","E","?","E","R","BOSS","M","?","?","?","M","R","E"],"build_version":"2022-12-18","purchased_purges":1,"victory":false,"max_hp_per_floor":[89,89,89,89,89,89,89,89,89,89,89,89,89,89,89,89,89,89,62,62,62,62,62,62],"card_choices":[{"not_picked":["Armaments","Burning Pact"],"picked":"Wild Strike","floor":1},{"not_picked":["True Grit","Entrench"],"picked":"Evolve","floor":2},{"not_picked":["Headbutt","Entrench"],"picked":"Bloodletting","floor":5},{"not_picked":["Battle Trance","Metallicize"],"picked":"Cleave","floor":7},{"not_picked":["Twin Strike","Body Slam"],"picked":"Armaments","floor":10},{"not_picked":["Clothesline","Sever Soul"],"picked":"Inflame","floor":11},{"not_picked":["True Grit","Infernal Blade"],"picked":"Wild Strike+1","floor":12},{"not_picked":["Heavy Blade+1","Body Slam+1","Clothesline+1"],"picked":"SKIP","floor":14},{"not_picked":["Double Tap","Limit Break"],"picked":"Immolate+1","floor":16},{"not_picked":["Combust+1","Anger+1"],"picked":"Flame Barrier+1","floor":18},{"not_picked":["Iron Wave+1","Entrench"],"picked":"Inflame","floor":22}],"player_experience":2111211,"relics_obtained":[{"floor":7,"key":"Nunchaku"},{"floor":9,"key":"Akabeko"},{"floor":12,"key":"Molten Egg 2"},{"floor":13,"key":"Potion Belt"},{"floor":14,"key":"Juzu Bracelet"}],"event_choices":[{"cards_removed":["Strike_R"],"damage_healed":0,"gold_gain":0,"player_choice":"Offered Basic","damage_taken":0,"max_hp_gain":0,"max_hp_loss":0,"event_name":"Bonfire Elementals","floor":4,"gold_loss":0},{"damage_healed":0,"gold_gain":0,"player_choice":"Became a vampire","damage_taken":0,"max_hp_gain":0,"max_hp_loss":27,"event_name":"Vampires","floor":19,"gold_loss":0,"cards_obtained":["Bite","Bite","Bite","Bite","Bite"]},{"damage_healed":0,"gold_gain":0,"player_choice":"Read","damage_taken":0,"max_hp_gain":0,"max_hp_loss":0,"event_name":"The Library","floor":20,"gold_loss":0,"cards_obtained":["Shrug It Off"]},{"cards_removed":["Bloodletting"],"damage_healed":0,"gold_gain":0,"player_choice":"Purged","damage_taken":0,"max_hp_gain":0,"max_hp_loss":0,"event_name":"Purifier","floor":21,"gold_loss":0}],"is_beta":false,"boss_relics":[{"not_picked":["Busted Crown","Empty Cage"],"picked":"Mark of Pain"}],"items_purged_floors":[3],"is_endless":false,"potions_floor_spawned":[5,10,11,14],"killed_by":"Slavers","ascension_level":20}