{"gold_per_floor":[114,124,124,134,56,87,87,115,115,115,125,125,139,172,172,244,244,164,89,89,89,63,63,63,63,63,63,63],"floor_reached":28,"playtime":1097,"items_purged":["Strike_R"],"score":533,"play_id":"4b80da71-0be6-429c-973a-74c2c43096c9","local_time":"20230130213707","is_ascension_mode":true,"campfire_choices":[{"floor":7.0,"key":"REST"},{"data":"Feed","floor":10.0,"key":"SMITH"},{"floor":15.0,"key":"REST"},{"floor":24,"key":"REST"}],"neow_cost":"NONE","seed_source_timestamp":304239414089500,"circlet_count":0,"master_deck":["AscendersBane","Strike_R","Strike_R","Strike_R","Defend_R","Defend_R","Defend_R","Defend_R","Bash","Corruption","Sentinel","Sentinel","Pommel Strike","Intimidate","Feel No Pain","Feed+1","Berserk","Spot Weakness","Body Slam","Infernal Blade","Juggernaut","Flame Barrier","Flex","Havoc","Battle Trance","Seeing Red"],"special_seed":0,"relics":["Burning Blood","Lantern","Shuriken","CaptainsWheel","Ectoplasm","Letter Opener","Blood Vial","NlothsMask"],"potions_floor_usage":[18,23,28],"damage_taken":[{"damage":21.0,"enemies":"Jaw Worm","floor":1.0,"turns":5.0},{"damage":28.0,"enemies":"Cultist","floor":2.0,"turns":6.0},{"damage":4.0,"enemies":"2 Louse","floor":4.0,"turns":4.0},{"damage":22.0,"enemies":"Lagavulin","floor":6.0,"turns":8.0},{"damage":6.0,"enemies":"3 Sentries","floor":8.0,"turns":16.0},{"damage":24.0,"enemies":"Exordium Wildlife","floor":11.0,"turns":6.0},{"damage":7.0,"enemies":"Gremlin Gang","floor":13.0,"turns":6.0},{"damage":20.0,"enemies":"Lagavulin","floor":14.0,"turns":8.0},{"damage":47.0,"enemies":"Slime Boss","floor":16.0,"turns":12.0},{"damage":30,"enemies":"2 Thieves","floor":18,"turns":4},{"damage":1,"enemies":"Spheric Guardian","floor":20,"turns":4},{"damage":51,"enemies":"Slavers","floor":23,"turns":5},{"damage":21,"enemies":"Centurion and Healer","floor":25,"turns":6},{"damage":41,"enemies":"Book of Stabbing","floor":28,"turns":5}],"seed_played":"-5619867773706998298","potions_obtained":[{"floor":2.0,"key":"Explosive Potion"},{"floor":13.0,"key":"BlessingOfTheForge"},{"floor":14.0,"key":"Dexterity Potion"},{"floor":16,"key":"Weak Potion"},{"floor":20,"key":"Regen Potion"},{"floor":25,"key":"SkillPotion"}],"is_trial":false,"path_per_floor":["M","M","?","M","$","E","R","E","T","R","M","?","M","E","R","B",null,"M","$","M","?","$","E","R","M","T","?","E"],"character_chosen":"IRONCLAD","items_purchased":["Feel No Pain","Havoc"],"campfire_rested":3,"item_purchase_floors":[5,22],"current_hp_per_floor":[53,31,31,33,33,17,39,42,42,42,28,28,31,21,48,11,73,49,49,54,54,54,21,49,38,38,38,0],"gold":63,"neow_bonus":"ONE_RANDOM_RARE_CARD","is_prod":false,"is_daily":false,"chose_seed":false,"campfire_upgraded":1,"win_rate":0,"timestamp":1675111027,"path_taken":["M","M","?","?","?","E","R","E","T","R","M","?","?","E","R","BOSS","BOSS","M","$","?","?","$","E","R","?","T","?","E"],"build_version":"2022-12-18","purchased_purges":1,"victory":false,"max_hp_per_floor":[75,75,75,75,75,75,75,78,78,78,82,82,86,90,90,94,94,94,94,94,94,94,94,94,98,98,98,98],"card_choices":[{"not_picked":["Sword Boomerang","Pommel Strike"],"picked":"Sentinel","floor":1.0},{"not_picked":["Armaments","True Grit"],"picked":"Sentinel","floor":2.0},{"not_picked":["Warcry","Flex"],"picked":"Intimidate","floor":4.0},{"not_picked":["Sentinel","Fire Breathing"],"picked":"Feed","floor":6.0},{"not_picked":["Thunderclap","Clothesline"],"picked":"Berserk","floor":8.0},{"not_picked":["Headbutt","Ghostly Armor"],"picked":"Spot Weakness","floor":11.0},{"not_picked":["Perfected Strike","Second Wind"],"picked":"Body Slam","floor":13.0},{"not_picked":["Whirlwind","Anger"],"picked":"Infernal Blade","floor":14.0},{"not_picked":["Berserk","Barricade"],"picked":"Juggernaut","floor":16},{"not_picked":["Uppercut","Reckless Charge"],"picked":"Flame Barrier","floor":18},{"not_picked":["Heavy Blade","Anger"],"picked":"Flex","floor":20},{"not_picked":["Dropkick","Clash"],"picked":"Battle Trance","floor":23},{"not_picked":["Headbutt+1","Clash+1"],"picked":"Seeing Red","floor":25}],"player_experience":2077005,"relics_obtained":[{"floor":6.0,"key":"Lantern"},{"floor":8.0,"key":"Shuriken"},{"floor":14.0,"key":"CaptainsWheel"},{"floor":23,"key":"Letter Opener"},{"floor":26,"key":"Blood Vial"}],"event_choices":[{"damage_healed":0.0,"max_hp_gain":0.0,"max_hp_loss":0.0,"gold_gain":0.0,"event_name":"Match and Keep!","player_choice":"1 cards matched","floor":3.0,"gold_loss":0.0,"damage_taken":0.0,"cards_obtained":["Pommel Strike"]},{"damage_healed":0.0,"max_hp_gain":0.0,"max_hp_loss":0.0,"gold_gain":0.0,"event_name":"Shining Light","player_choice":"Ignored","floor":12.0,"gold_loss":0.0,"damage_taken":0.0},{"cards_removed":["Strike_R"],"damage_healed":0,"gold_gain":0,"player_choice":"Purged","damage_taken":0,"max_hp_gain":0,"max_hp_loss":0,"event_name":"Purifier","floor":21,"gold_loss":0},{"damage_healed":0,"gold_gain":0,"player_choice":"Trade","damage_taken":0,"relics_obtained":["NlothsMask"],"max_hp_gain":0,"max_hp_loss":0,"event_name":"FaceTrader","floor":27,"gold_loss":0}],"is_beta":false,"boss_relics":[{"not_picked":["Snecko Eye","Velvet Choker"],"picked":"Ectoplasm"}],"items_purged_floors":[19],"is_endless":false,"potions_floor_spawned":[2,13,14,16,20,25],"killed_by":"Book of Stabbing","ascension_level":20}