{"gold_per_floor":[111,209,209,229,247,274,8,8,35,35,62,62,62,62,62,74,86,86,163,163,181,231,91,66,66,66,66],"floor_reached":27,"playtime":969,"items_purged":["Strike_R"],"score":438,"play_id":"124a838b-c95e-4797-be95-429de864b12a","local_time":"20230204115559","is_ascension_mode":true,"campfire_choices":[{"floor":8.0,"key":"REST"},{"data":"ReplayTheSpireMod:Necrogeddon","floor":10.0,"key":"SMITH"},{"floor":12.0,"key":"REST"},{"data":"Abandon","floor":18,"key":"SMITH"},{"floor":26,"key":"REST"}],"neow_cost":"BASIC_CARDS","seed_source_timestamp":701508442033500,"circlet_count":0,"master_deck":["AscendersBane","Strike_R","Strike_R","Strike_R","Defend_R","Defend_R","Defend_R","Defend_R","Bash","Eruption","Vigilance","ReplayTheSpireMod:Necrogeddon+1","Cleave","Shrug It Off","Abandon+1","Whirlwind","ReplayTheSpireMod:Strike From Hell","Metallicize","ReplayTheSpireMod:Muscle Training","ReplayTheSpireMod:Strike From Hell","True Grit","Hemogenesis","CurseOfTheBell","Shrug It Off+1","ReplayTheSpireMod:IOU","Transmutation"],"special_seed":0,"relics":["Burning Blood","Red Skull","Onion Ring","Bag of Preparation","Pet Ghost","Calling Bell","Juzu Bracelet","Self Forming Clay","StoneCalendar","ReplayTheSpireMod:CursedCoin","FaceOfCleric"],"potions_floor_usage":[],"damage_taken":[{"damage":4.0,"enemies":"2 Louse","floor":1.0,"turns":3.0},{"damage":0.0,"enemies":"Cultist","floor":4.0,"turns":3.0},{"damage":0.0,"enemies":"Jaw Worm","floor":5.0,"turns":3.0},{"damage":66.0,"enemies":"3 Sentries","floor":6.0,"turns":8.0},{"damage":35.0,"enemies":"Lagavulin","floor":11.0,"turns":4.0},{"damage":1,"enemies":"3 Louse","floor":16,"turns":1},{"damage":0,"enemies":"Lots of Slimes","floor":17,"turns":1},{"damage":29,"enemies":"Slime Boss","floor":19,"turns":5},{"damage":21,"enemies":"Spheric Guardian","floor":21,"turns":6},{"damage":22,"enemies":"2 Thieves","floor":24,"turns":4},{"damage":94,"enemies":"Cultist and Chosen","floor":27,"turns":5}],"seed_played":"4158999865897297514","potions_obtained":[{"floor":5.0,"key":"Dexterity Potion"},{"floor":16,"key":"BlessingOfTheForge"}],"is_trial":false,"path_per_floor":["M","?","?","M","M","E","$","R","T","R","E","R","PTL","PTL","PTL","M","M","R","B",null,"M","?","$","M","?","R","M"],"character_chosen":"IRONCLAD","items_purchased":["Onion Ring","ReplayTheSpireMod:CursedCoin","Transmutation"],"campfire_rested":3,"item_purchase_floors":[7,23,23],"current_hp_per_floor":[70,70,70,75,75,15,15,37,37,37,8,30,30,30,30,35,41,41,18,61,46,46,46,30,30,52,0],"gold":66,"neow_bonus":"RANDOM_COLORLESS_2","is_prod":false,"is_daily":false,"chose_seed":false,"campfire_upgraded":2,"win_rate":0,"timestamp":1675508159,"path_taken":["M","?","?","M","?","E","$","R","T","R","E","R","PTL","PTL","PTL","M","?","R","BOSS","M","?","$","M","?","R","M"],"build_version":"2022-12-18","purchased_purges":1,"victory":false,"max_hp_per_floor":[75,75,75,75,75,75,75,75,75,75,75,75,75,75,75,75,75,75,75,75,75,75,75,75,75,75,75],"card_choices":[{"not_picked":["Crow Ritual","Mayhem"],"picked":"ReplayTheSpireMod:Necrogeddon","floor":0.0},{"not_picked":["Rupture","Flex"],"picked":"Cleave","floor":1.0},{"not_picked":["Body Slam","ReplayTheSpireMod:LeadingStrike"],"picked":"Shrug It Off","floor":2.0},{"not_picked":["Cleave","Dark Embrace"],"picked":"Abandon","floor":2.0},{"not_picked":["Perfected Strike","Clothesline"],"picked":"Whirlwind","floor":4.0},{"not_picked":["Body Slam","Shrug It Off"],"picked":"ReplayTheSpireMod:Strike From Hell","floor":5.0},{"not_picked":["Clothesline","ReplayTheSpireMod:Corrosion Curse"],"picked":"Metallicize","floor":6.0},{"not_picked":["Infernal Blade","Iron Wave"],"picked":"ReplayTheSpireMod:Muscle Training","floor":11.0},{"not_picked":["Body Slam","Shrug It Off"],"picked":"ReplayTheSpireMod:Strike From Hell","floor":16},{"not_picked":["Flex","Perfected Strike"],"picked":"True Grit","floor":17},{"not_picked":["Barricade","Corruption"],"picked":"Hemogenesis","floor":19},{"not_picked":["Sword Boomerang","Massacre"],"picked":"Shrug It Off+1","floor":21},{"not_picked":["Shrug It Off","Rage","Twin Strike"],"picked":"SKIP","floor":24}],"player_experience":2097651,"relics_obtained":[{"floor":6.0,"key":"Red Skull"},{"floor":9.0,"key":"Bag of Preparation"},{"floor":11.0,"key":"Pet Ghost"},{"floor":20,"key":"Juzu Bracelet"},{"floor":20,"key":"Self Forming Clay"},{"floor":20,"key":"StoneCalendar"}],"event_choices":[{"cards_removed":["Strike_R"],"damage_healed":0.0,"max_hp_gain":0.0,"max_hp_loss":0.0,"gold_gain":0.0,"event_name":"Purifier","player_choice":"Purged","floor":3.0,"gold_loss":0.0,"damage_taken":0.0},{"damage_healed":0,"gold_gain":50,"player_choice":"Stole From Cult","damage_taken":0,"max_hp_gain":0,"max_hp_loss":0,"event_name":"Nest","floor":22,"gold_loss":0},{"damage_healed":0,"gold_gain":0,"player_choice":"Trade","damage_taken":0,"relics_obtained":["FaceOfCleric"],"max_hp_gain":0,"max_hp_loss":0,"event_name":"FaceTrader","floor":25,"gold_loss":0}],"is_beta":false,"boss_relics":[{"not_picked":["Abe\u0027s Treasure","Tiny House"],"picked":"Calling Bell"}],"items_purged_floors":[23],"is_endless":false,"potions_floor_spawned":[5,16,17,19,21],"killed_by":"Cultist and Chosen","ascension_level":20}