{"gold_per_floor":[118,193,173,183,183,183,218,237,237,266,284,284,313,325,325,400,400,420,420,2,2,16,44,61,61,61,24,24,35,35,35,35,114,114,129,129,143,194,219,253,253,285,285,285,285,305,305,337,337,337,337,337,337,16,51,51],"floor_reached":57,"playtime":2015,"items_purged":["Strike_R"],"score":2898,"play_id":"e26ab90d-30c5-41e8-87fb-bb0e242b3b15","local_time":"20230202220508","is_ascension_mode":true,"campfire_choices":[{"data":"Cleave","floor":6.0,"key":"SMITH"},{"data":"Uppercut","floor":15.0,"key":"SMITH"},{"floor":28.0,"key":"REST"},{"floor":32.0,"key":"REST"},{"floor":41.0,"key":"REST"},{"floor":45.0,"key":"REST"},{"data":"1","floor":47.0,"key":"LIFT"},{"floor":49.0,"key":"RECALL"},{"data":"2","floor":53,"key":"LIFT"}],"neow_cost":"NONE","seed_source_timestamp":564085445355300,"circlet_count":0,"master_deck":["AscendersBane","Strike_R+1","Strike_R","Strike_R","Defend_R+1","Defend_R","Bash","Shrug It Off","Cleave+1","Warcry","Uppercut+1","Thunderclap","Seeing Red","True Grit","Limit Break","CurseOfTheBell","Havoc+1","J.A.X.+1","Limit Break+1","Inflame","Sentinel+1","Impervious+1","Havoc+1","Decay","Rage+1","Limit Break+1","Shame","Exhume+1","Corruption+1","Limit Break+1","Infernal Blade+1","Whirlwind","Mayhem","Warcry+1","Feel No Pain","Feel No Pain","Sever Soul"],"special_seed":0,"relics":["Burning Blood","NeowsBlessing","Paper Frog","Self Forming Clay","Red Skull","Question Card","Calling Bell","Juzu Bracelet","Toxic Egg 2","Magic Flower","Lee\u0027s Waffle","Mango","Eternal Feather","InkBottle","Astrolabe","Du-Vu Doll","Thread and Needle","MealTicket","Centennial Puzzle","Girya","Charon\u0027s Ashes","Dream Catcher","Dead Branch","Bronze Scales"],"potions_floor_usage":[56,56],"damage_taken":[{"damage":0.0,"enemies":"2 Louse","floor":1.0,"turns":1.0},{"damage":0.0,"enemies":"Small Slimes","floor":4.0,"turns":1.0},{"damage":0.0,"enemies":"3 Sentries","floor":7.0,"turns":2.0},{"damage":6.0,"enemies":"Cultist","floor":8.0,"turns":4.0},{"damage":23.0,"enemies":"Gremlin Nob","floor":10.0,"turns":4.0},{"damage":0.0,"enemies":"3 Louse","floor":11.0,"turns":2.0},{"damage":10.0,"enemies":"3 Sentries","floor":13.0,"turns":5.0},{"damage":1.0,"enemies":"Blue Slaver","floor":14.0,"turns":3.0},{"damage":17.0,"enemies":"The Guardian","floor":16.0,"turns":10.0},{"damage":30.0,"enemies":"Shell Parasite","floor":18.0,"turns":5.0},{"damage":7.0,"enemies":"3 Byrds","floor":22.0,"turns":3.0},{"damage":45.0,"enemies":"Book of Stabbing","floor":23.0,"turns":5.0},{"damage":28.0,"enemies":"Centurion and Healer","floor":24.0,"turns":8.0},{"damage":46.0,"enemies":"Cultist and Chosen","floor":29.0,"turns":6.0},{"damage":71.0,"enemies":"Automaton","floor":33.0,"turns":8.0},{"damage":10.0,"enemies":"3 Shapes","floor":35.0,"turns":4.0},{"damage":33.0,"enemies":"3 Darklings","floor":37.0,"turns":3.0},{"damage":40.0,"enemies":"2 Orb Walkers","floor":38.0,"turns":4.0},{"damage":0.0,"enemies":"Mind Bloom Boss Battle","floor":39.0,"turns":3.0},{"damage":19.0,"enemies":"Giant Head","floor":40.0,"turns":4.0},{"damage":62.0,"enemies":"Reptomancer","floor":42.0,"turns":6.0},{"damage":21.0,"enemies":"Sphere and 2 Shapes","floor":46.0,"turns":8.0},{"damage":4.0,"enemies":"Giant Head","floor":48.0,"turns":4.0},{"damage":38,"enemies":"Awakened One","floor":50,"turns":7},{"damage":37,"enemies":"Donu and Deca","floor":51,"turns":6},{"damage":28,"enemies":"Shield and Spear","floor":55,"turns":3},{"damage":53,"enemies":"The Heart","floor":56,"turns":8}],"seed_played":"1819851079598676813","potions_obtained":[{"floor":1.0,"key":"Weak Potion"},{"floor":3.0,"key":"Ancient Potion"},{"floor":8.0,"key":"LiquidMemories"},{"floor":11.0,"key":"Block Potion"},{"floor":18.0,"key":"LiquidBronze"},{"floor":37.0,"key":"GamblersBrew"},{"floor":39.0,"key":"Dexterity Potion"},{"floor":42.0,"key":"PowerPotion"}],"is_trial":false,"path_per_floor":["M","?","?","M","?","R","E","M","T","E","M","?","E","M","R","B",null,"M","?","$","?","M","E","M","?","T","$","R","M","T","?","R","B",null,"M","?","M","?","?","E","R","E","T","T","R","M","R","E","R","B","B",null,"R","$","E","B",null],"character_chosen":"IRONCLAD","items_purchased":["Lee\u0027s Waffle","Limit Break+1","Rage+1","Dead Branch"],"campfire_rested":4,"item_purchase_floors":[20,20,27,54],"current_hp_per_floor":[74,63,63,69,46,46,52,52,52,35,41,41,37,42,42,31,64,43,43,82,82,82,60,41,41,41,41,69,32,32,32,78,16,76,75,75,51,20,29,19,68,15,15,15,64,52,73,78,96,67,39,82,96,96,77,33],"gold":51,"neow_bonus":"THREE_ENEMY_KILL","is_prod":false,"is_daily":false,"chose_seed":false,"campfire_upgraded":2,"win_rate":0,"timestamp":1675371908,"path_taken":["M","?","?","?","?","R","E","M","T","E","M","?","E","M","R","BOSS","M","?","$","?","M","E","M","?","T","?","R","M","?","?","R","BOSS","M","?","M","?","?","E","R","E","T","?","R","M","R","E","R","BOSS","BOSS","R","$","E","BOSS"],"build_version":"2022-12-18","purchased_purges":1,"victory":true,"max_hp_per_floor":[75,75,75,75,75,75,75,75,75,75,75,75,75,75,75,75,75,75,75,82,82,82,96,96,96,96,96,96,96,96,96,96,96,96,96,96,96,96,96,96,96,96,96,96,96,96,96,96,96,96,96,96,96,96,96,96],"card_choices":[{"not_picked":["Sentinel","Flex"],"picked":"Shrug It Off","floor":1.0},{"not_picked":["Warcry","Second Wind"],"picked":"Cleave","floor":4.0},{"not_picked":["Clash","Cleave"],"picked":"Warcry","floor":7.0},{"not_picked":["Shrug It Off","Armaments"],"picked":"Uppercut","floor":8.0},{"not_picked":["Immolate","Clothesline"],"picked":"Thunderclap","floor":10.0},{"not_picked":["Heavy Blade","Body Slam"],"picked":"Seeing Red","floor":11.0},{"not_picked":["Anger","Perfected Strike","Havoc"],"picked":"SKIP","floor":13.0},{"not_picked":["Heavy Blade","Clash","Immolate"],"picked":"True Grit","floor":14.0},{"not_picked":["Demon Form","Juggernaut","Offering"],"picked":"Limit Break","floor":16.0},{"not_picked":["True Grit+1","Metallicize","Thunderclap"],"picked":"Havoc+1","floor":18.0},{"not_picked":["Cleave","Headbutt","Perfected Strike"],"picked":"Sentinel+1","floor":22.0},{"not_picked":["Sever Soul","Pommel Strike","Wild Strike"],"picked":"Impervious+1","floor":23.0},{"not_picked":["Clash","Shrug It Off+1","Reckless Charge"],"picked":"Havoc+1","floor":24.0},{"not_picked":["Flex+1","Thunderclap","Hemokinesis"],"picked":"Limit Break+1","floor":29.0},{"not_picked":["Impervious+1","Fiend Fire","Bludgeon"],"picked":"Exhume+1","floor":33.0},{"not_picked":["Twin Strike","Cleave","Disarm+1"],"picked":"Whirlwind","floor":35.0},{"not_picked":["Apotheosis+1","Enlightenment+1","Panacea+1"],"picked":"Mayhem","floor":36.0},{"not_picked":["Second Wind+1","Havoc+1","Headbutt","Body Slam"],"picked":"SKIP","floor":37.0},{"not_picked":["Pommel Strike","Clothesline","Thunderclap+1"],"picked":"Warcry+1","floor":38.0},{"not_picked":["Battle Trance+1","Seeing Red+1","Thunderclap"],"picked":"Feel No Pain","floor":40.0},{"not_picked":["Shrug It Off+1","Iron Wave","Flex+1"],"picked":"Feel No Pain","floor":42.0},{"not_picked":["Berserk","Anger","Twin Strike","Headbutt"],"picked":"SKIP","floor":46.0},{"not_picked":["Inflame","Bloodletting+1","Sword Boomerang","Heavy Blade+1"],"picked":"SKIP","floor":48.0},{"not_picked":["Limit Break+1","Bludgeon","Barricade"],"picked":"Sever Soul","floor":55}],"player_experience":2091435,"relics_obtained":[{"floor":7.0,"key":"Paper Frog"},{"floor":9.0,"key":"Self Forming Clay"},{"floor":10.0,"key":"Red Skull"},{"floor":13.0,"key":"Question Card"},{"floor":17.0,"key":"Juzu Bracelet"},{"floor":17.0,"key":"Toxic Egg 2"},{"floor":17.0,"key":"Magic Flower"},{"floor":23.0,"key":"Mango"},{"floor":30.0,"key":"Eternal Feather"},{"floor":38.0,"key":"Du-Vu Doll"},{"floor":39.0,"key":"Thread and Needle"},{"floor":40.0,"key":"MealTicket"},{"floor":42.0,"key":"Centennial Puzzle"},{"floor":43.0,"key":"Girya"},{"floor":44.0,"key":"Charon\u0027s Ashes"},{"floor":48.0,"key":"Dream Catcher"},{"floor":55,"key":"Bronze Scales"}],"event_choices":[{"damage_healed":0.0,"max_hp_gain":0.0,"max_hp_loss":0.0,"gold_gain":75.0,"event_name":"World of Goop","player_choice":"Gather Gold","floor":2.0,"gold_loss":0.0,"damage_taken":11.0},{"damage_healed":0.0,"max_hp_gain":0.0,"max_hp_loss":0.0,"gold_gain":0.0,"event_name":"The Woman in Blue","player_choice":"Bought 1 Potion","floor":3.0,"gold_loss":0.0,"damage_taken":0.0},{"damage_healed":0.0,"max_hp_gain":0.0,"max_hp_loss":0.0,"gold_gain":0.0,"event_name":"Shining Light","player_choice":"Entered Light","floor":5.0,"gold_loss":0.0,"damage_taken":23.0,"cards_upgraded":["Strike_R","Defend_R"]},{"damage_healed":0.0,"max_hp_gain":0.0,"max_hp_loss":0.0,"gold_gain":0.0,"event_name":"Liars Game","player_choice":"Ignored","floor":12.0,"gold_loss":0.0,"damage_taken":0.0},{"damage_healed":0.0,"max_hp_gain":0.0,"max_hp_loss":0.0,"gold_gain":0.0,"event_name":"Drug Dealer","player_choice":"Obtain J.A.X.","floor":19.0,"gold_loss":0.0,"damage_taken":0.0,"cards_obtained":["J.A.X."]},{"damage_healed":0.0,"max_hp_gain":0.0,"max_hp_loss":0.0,"gold_gain":0.0,"event_name":"The Library","player_choice":"Read","floor":21.0,"gold_loss":0.0,"damage_taken":0.0,"cards_obtained":["Inflame"]},{"damage_healed":0.0,"max_hp_gain":0.0,"max_hp_loss":0.0,"gold_gain":0.0,"event_name":"Forgotten Altar","player_choice":"Smashed Altar","floor":25.0,"gold_loss":0.0,"damage_taken":0.0,"cards_obtained":["Decay"]},{"damage_healed":0.0,"max_hp_gain":0.0,"max_hp_loss":0.0,"gold_gain":0.0,"event_name":"Addict","player_choice":"Stole Relic","floor":31.0,"gold_loss":0.0,"damage_taken":0.0,"relics_obtained":["InkBottle"],"cards_obtained":["Shame"]},{"damage_healed":0.0,"max_hp_gain":0.0,"max_hp_loss":0.0,"gold_gain":0.0,"event_name":"SensoryStone","player_choice":"Memory 1","floor":36.0,"gold_loss":0.0,"damage_taken":0.0},{"damage_healed":0.0,"max_hp_gain":0.0,"max_hp_loss":0.0,"gold_gain":0.0,"event_name":"Mysterious Sphere","player_choice":"Fight","floor":38.0,"gold_loss":0.0,"damage_taken":0.0},{"damage_healed":0.0,"max_hp_gain":0.0,"max_hp_loss":0.0,"gold_gain":0.0,"event_name":"MindBloom","player_choice":"Fight","floor":39.0,"gold_loss":0.0,"damage_taken":0.0}],"is_beta":false,"boss_relics":[{"not_picked":["Runic Pyramid","Snecko Eye"],"picked":"Calling Bell"},{"not_picked":["SlaversCollar","Black Star"],"picked":"Astrolabe"}],"items_purged_floors":[20],"is_endless":false,"potions_floor_spawned":[1,8,11,13,18,37,39,40,42],"ascension_level":20}