{"gold_per_floor":[111,30,180,16,16,44,44,44,44,78,96,128,53,63,63,141,141,101,111,70,70,70,101,148,148,200,200,200,210,244,644,644,719,719,735,36,55,35,51,51,81,109,109,147,147,191,191,206,206,206,206,206,206,31,70,70],"floor_reached":56,"playtime":2238,"items_purged":["Strike_R","Strike_R"],"score":2249,"play_id":"6cd855d8-7195-424f-bc92-b1d216196db1","local_time":"20230204113926","is_ascension_mode":true,"campfire_choices":[{"data":"Demon Form","floor":7.0,"key":"SMITH"},{"data":"Rampage","floor":15.0,"key":"SMITH"},{"floor":25.0,"key":"REST"},{"data":"Feed","floor":27.0,"key":"SMITH"},{"floor":32.0,"key":"REST"},{"data":"Uppercut","floor":40.0,"key":"SMITH"},{"floor":45.0,"key":"REST"},{"floor":49.0,"key":"RECALL"},{"data":"Bludgeon","floor":53.0,"key":"SMITH"}],"neow_cost":"NONE","seed_source_timestamp":0,"circlet_count":0,"master_deck":["AscendersBane","Strike_R","Strike_R","Strike_R+1","Defend_R","Defend_R","Defend_R","Defend_R","Bash","Thunderclap","Double Tap+1","Demon Form+1","Flame Barrier+1","Headbutt","Shockwave","Rampage+1","Feed+1","Dropkick","Flame Barrier+1","Uppercut+1","Bash","Necronomicurse","Entrench","Dropkick","Barricade","CurseOfTheBell","Demon Form+1","Entrench","Bludgeon+1","Shrug It Off+1","Reaper"],"special_seed":0,"relics":["Burning Blood","NeowsBlessing","Sling","Mummified Hand","Darkstone Periapt","Dream Catcher","InkBottle","Snecko Eye","Lizard Tail","Pen Nib","Happy Flower","Necronomicon","War Paint","Old Coin","The Courier","Calling Bell","CeramicFish","StrikeDummy","Incense Burner","DollysMirror","PreservedInsect","Blood Vial","Magic Flower","Thread and Needle","Blue Candle","Orichalcum","Nunchaku","White Beast Statue"],"potions_floor_usage":[56],"damage_taken":[{"damage":0.0,"enemies":"Cultist","floor":1.0,"turns":1.0},{"damage":0.0,"enemies":"Gremlin Nob","floor":6.0,"turns":1.0},{"damage":0.0,"enemies":"Lagavulin","floor":10.0,"turns":1.0},{"damage":14.0,"enemies":"Jaw Worm","floor":11.0,"turns":4.0},{"damage":5.0,"enemies":"3 Sentries","floor":12.0,"turns":6.0},{"damage":11.0,"enemies":"Small Slimes","floor":14.0,"turns":3.0},{"damage":27.0,"enemies":"The Guardian","floor":16.0,"turns":10.0},{"damage":40.0,"enemies":"2 Thieves","floor":18.0,"turns":5.0},{"damage":1.0,"enemies":"Chosen","floor":19.0,"turns":5.0},{"damage":16.0,"enemies":"Book of Stabbing","floor":23.0,"turns":5.0},{"damage":8.0,"enemies":"Centurion and Healer","floor":29.0,"turns":4.0},{"damage":7.0,"enemies":"Slavers","floor":30.0,"turns":3.0},{"damage":9.0,"enemies":"Colosseum Slavers","floor":31.0,"turns":3.0},{"damage":0.0,"enemies":"Colosseum Nobs","floor":31.0,"turns":3.0},{"damage":38.0,"enemies":"Champ","floor":33.0,"turns":7.0},{"damage":50.0,"enemies":"3 Darklings","floor":35.0,"turns":5.0},{"damage":0.0,"enemies":"Orb Walker","floor":37.0,"turns":3.0},{"damage":0.0,"enemies":"Maw","floor":39.0,"turns":5.0},{"damage":58.0,"enemies":"Nemesis","floor":41.0,"turns":7.0},{"damage":21.0,"enemies":"Spire Growth","floor":42.0,"turns":6.0},{"damage":2.0,"enemies":"Reptomancer","floor":44.0,"turns":6.0},{"damage":0.0,"enemies":"Giant Head","floor":46.0,"turns":5.0},{"damage":2.0,"enemies":"3 Darklings","floor":48.0,"turns":5.0},{"damage":17.0,"enemies":"Donu and Deca","floor":50.0,"turns":8.0},{"damage":52.0,"enemies":"Time Eater","floor":51.0,"turns":8.0},{"damage":47.0,"enemies":"Shield and Spear","floor":55.0,"turns":6.0},{"damage":33,"enemies":"The Heart","floor":56,"turns":5}],"seed_played":"491985502818196316","potions_obtained":[{"floor":1.0,"key":"Explosive Potion"},{"floor":11.0,"key":"Block Potion"},{"floor":14.0,"key":"EssenceOfSteel"},{"floor":16.0,"key":"Fire Potion"},{"floor":29.0,"key":"Block Potion"},{"floor":30.0,"key":"DuplicationPotion"},{"floor":44.0,"key":"PowerPotion"},{"floor":46.0,"key":"DistilledChaos"}],"is_trial":false,"path_per_floor":["M","$","?","$","?","E","R","?","T","E","M","E","$","M","R","B",null,"M","M","$","?","$","E","T","R","T","R","?","M","E","?","R","B",null,"M","$","M","?","M","R","E","M","T","E","R","E","?","M","R","B","B",null,"R","$","E","B"],"character_chosen":"IRONCLAD","items_purchased":["Double Tap","Sling","Uppercut","DollysMirror","PreservedInsect","Blood Vial","Magic Flower","Nunchaku","Dexterity Potion"],"campfire_rested":3,"item_purchase_floors":[2,4,20,36,36,36,36,54,54],"current_hp_per_floor":[74,74,74,74,67,73,73,50,50,56,48,49,49,44,44,23,62,31,36,36,36,36,26,26,49,49,49,34,36,35,42,69,41,88,44,44,62,62,74,74,28,25,25,41,75,87,87,97,97,98,64,103,103,103,74,44],"gold":70,"neow_bonus":"THREE_ENEMY_KILL","is_prod":false,"is_daily":false,"chose_seed":false,"campfire_upgraded":5,"win_rate":0,"timestamp":1675507166,"path_taken":["M","$","?","$","?","E","R","?","T","E","M","E","?","M","R","BOSS","M","M","$","?","?","E","?","R","T","R","?","M","E","?","R","BOSS","M","$","M","?","M","R","E","?","T","E","R","E","?","M","R","BOSS","BOSS","R","$","E","BOSS"],"build_version":"2022-12-18","purchased_purges":2,"victory":false,"max_hp_per_floor":[75,75,75,75,75,75,75,75,75,75,75,75,75,75,75,75,75,78,78,78,78,78,78,78,78,78,78,84,88,88,92,92,96,102,102,102,106,106,106,106,106,110,110,114,114,114,108,108,108,112,116,116,116,116,120,120],"card_choices":[{"not_picked":["Perfected Strike","Body Slam"],"picked":"Thunderclap","floor":1.0},{"not_picked":["Warcry","Shockwave"],"picked":"Demon Form","floor":6.0},{"not_picked":["Infernal Blade","Iron Wave"],"picked":"Flame Barrier","floor":10.0},{"not_picked":["Hemokinesis","Carnage"],"picked":"Headbutt","floor":11.0},{"not_picked":["Dark Embrace","Feel No Pain"],"picked":"Shockwave","floor":12.0},{"not_picked":["Iron Wave","Rupture"],"picked":"Rampage","floor":14.0},{"not_picked":["Limit Break","Double Tap"],"picked":"Feed","floor":16.0},{"not_picked":["Anger","Warcry"],"picked":"Dropkick","floor":18.0},{"not_picked":["Sword Boomerang","Clothesline"],"picked":"Flame Barrier","floor":19.0},{"not_picked":["Pummel","True Grit+1","Clash"],"picked":"SKIP","floor":23.0},{"not_picked":["Anger+1","Headbutt"],"picked":"Entrench","floor":29.0},{"not_picked":["Body Slam","Sever Soul","Clothesline"],"picked":"SKIP","floor":30.0},{"not_picked":["Thunderclap","Perfected Strike"],"picked":"Dropkick","floor":31.0},{"not_picked":["Exhume","Immolate"],"picked":"Barricade","floor":33.0},{"not_picked":["Iron Wave","Body Slam","Burning Pact"],"picked":"SKIP","floor":35.0},{"not_picked":["Dropkick","Clash","Twin Strike"],"picked":"SKIP","floor":37.0},{"not_picked":["Battle Trance","Warcry","Flex"],"picked":"SKIP","floor":39.0},{"not_picked":["Havoc","Headbutt","Warcry"],"picked":"SKIP","floor":41.0},{"not_picked":["Burning Pact","Warcry"],"picked":"Entrench","floor":42.0},{"not_picked":["Sentinel+1","Feed"],"picked":"Bludgeon","floor":44.0},{"not_picked":["Clash","Spot Weakness"],"picked":"Shrug It Off+1","floor":46.0},{"not_picked":["Ghostly Armor","Sword Boomerang","Flex"],"picked":"SKIP","floor":48.0},{"not_picked":["Rage+1","Warcry"],"picked":"Reaper","floor":55.0}],"player_experience":2095413,"relics_obtained":[{"floor":6.0,"key":"Mummified Hand"},{"floor":9.0,"key":"Darkstone Periapt"},{"floor":10.0,"key":"Dream Catcher"},{"floor":12.0,"key":"InkBottle"},{"floor":23.0,"key":"Lizard Tail"},{"floor":24.0,"key":"Pen Nib"},{"floor":26.0,"key":"Happy Flower"},{"floor":28.0,"key":"Necronomicon"},{"floor":30.0,"key":"War Paint"},{"floor":31.0,"key":"Old Coin"},{"floor":31.0,"key":"The Courier"},{"floor":34.0,"key":"CeramicFish"},{"floor":34.0,"key":"StrikeDummy"},{"floor":34.0,"key":"Incense Burner"},{"floor":41.0,"key":"Thread and Needle"},{"floor":44.0,"key":"Blue Candle"},{"floor":46.0,"key":"Orichalcum"},{"floor":55.0,"key":"White Beast Statue"}],"event_choices":[{"damage_healed":0.0,"max_hp_gain":0.0,"max_hp_loss":0.0,"gold_gain":150.0,"event_name":"Liars Game","player_choice":"AGREE","floor":3.0,"gold_loss":0.0,"damage_taken":0.0,"cards_obtained":["Doubt"]},{"cards_removed":["Doubt"],"damage_healed":0.0,"max_hp_gain":0.0,"max_hp_loss":0.0,"gold_gain":0.0,"event_name":"Golden Wing","player_choice":"Card Removal","floor":5.0,"gold_loss":0.0,"damage_taken":7.0},{"damage_healed":0.0,"max_hp_gain":0.0,"max_hp_loss":0.0,"gold_gain":0.0,"event_name":"Shining Light","player_choice":"Entered Light","floor":8.0,"gold_loss":0.0,"damage_taken":23.0,"cards_upgraded":["Double Tap","Strike_R"]},{"damage_healed":0.0,"max_hp_gain":0.0,"max_hp_loss":0.0,"gold_gain":0.0,"event_name":"Match and Keep!","player_choice":"1 cards matched","floor":21.0,"gold_loss":0.0,"damage_taken":0.0,"cards_obtained":["Bash"]},{"damage_healed":0.0,"max_hp_gain":0.0,"max_hp_loss":0.0,"gold_gain":0.0,"event_name":"Cursed Tome","player_choice":"Obtained Book","floor":28.0,"gold_loss":0.0,"damage_taken":21.0},{"damage_healed":0.0,"max_hp_gain":0.0,"max_hp_loss":0.0,"gold_gain":0.0,"event_name":"Colosseum","player_choice":"Fight","floor":31.0,"gold_loss":0.0,"damage_taken":0.0},{"damage_healed":0.0,"max_hp_gain":0.0,"max_hp_loss":0.0,"gold_gain":0.0,"event_name":"Colosseum","player_choice":"Fought Nobs","floor":31.0,"gold_loss":0.0,"damage_taken":0.0},{"damage_healed":0.0,"max_hp_gain":0.0,"max_hp_loss":0.0,"gold_gain":0.0,"event_name":"The Woman in Blue","player_choice":"Bought 1 Potion","floor":38.0,"gold_loss":0.0,"damage_taken":0.0},{"damage_healed":0.0,"max_hp_gain":0.0,"max_hp_loss":6.0,"gold_gain":0.0,"event_name":"Winding Halls","player_choice":"Max HP","floor":47.0,"gold_loss":0.0,"damage_taken":0.0}],"is_beta":false,"boss_relics":[{"not_picked":["Velvet Choker","Tiny House"],"picked":"Snecko Eye"},{"not_picked":["Black Star","SacredBark"],"picked":"Calling Bell"}],"items_purged_floors":[13,36],"is_endless":false,"potions_floor_spawned":[1,11,14,16,19,29,30,31,35,44,46,48,55],"killed_by":"The Heart","ascension_level":20}