{"gold_per_floor":[112,262,280,280,292,292,57,92,118,147,147,167,190,230,230,230],"floor_reached":16,"playtime":513,"items_purged":["Strike_R"],"score":239,"play_id":"572cac60-15f9-428f-aaaa-9062429552f8","local_time":"20230202212606","is_ascension_mode":true,"campfire_choices":[{"data":"Rage","floor":6,"key":"SMITH"},{"data":"Disarm","floor":15,"key":"SMITH"}],"neow_cost":"NONE","seed_source_timestamp":563383028051600,"circlet_count":0,"master_deck":["AscendersBane","Strike_R","Strike_R","Strike_R","Strike_R","Defend_R","Defend_R","Defend_R","Defend_R","Bash","Flame Barrier","Anger","Rage+1","Feed","Spot Weakness","Disarm+1","Havoc","Flame Barrier"],"relics":["Burning Blood","NeowsBlessing","Spirit Poop","Toy Ornithopter","Art of War","Boot","Golden Idol","Oddly Smooth Stone"],"potions_floor_usage":[8,8,12,14,14],"damage_taken":[{"damage":0,"enemies":"Jaw Worm","floor":1,"turns":1},{"damage":0,"enemies":"2 Louse","floor":3,"turns":1},{"damage":0,"enemies":"Cultist","floor":5,"turns":1},{"damage":23,"enemies":"Lagavulin","floor":8,"turns":10},{"damage":32,"enemies":"Gremlin Nob","floor":10,"turns":4},{"damage":17,"enemies":"Large Slime","floor":12,"turns":8},{"damage":10,"enemies":"Blue Slaver","floor":13,"turns":6},{"damage":33,"enemies":"3 Sentries","floor":14,"turns":9},{"damage":23,"enemies":"Hexaghost","floor":16,"turns":12}],"seed_played":"1835005292127795530","potions_obtained":[{"floor":1,"key":"Block Potion"},{"floor":3,"key":"ColorlessPotion"},{"floor":10,"key":"Block Potion"},{"floor":13,"key":"BlessingOfTheForge"},{"floor":14,"key":"Fruit Juice"}],"is_trial":false,"path_per_floor":["M","?","M","?","M","R","$","E","T","E","?","M","M","E","R","B"],"character_chosen":"IRONCLAD","items_purchased":["Feed"],"campfire_rested":0,"item_purchase_floors":[7],"current_hp_per_floor":[74,74,75,75,75,75,75,61,61,35,35,32,31,22,22,0],"gold":230,"neow_bonus":"THREE_ENEMY_KILL","is_prod":false,"is_daily":false,"chose_seed":false,"campfire_upgraded":2,"win_rate":0,"timestamp":1675369566,"path_taken":["M","?","M","?","?","R","$","E","T","E","?","M","M","E","R","BOSS"],"build_version":"2022-12-18","purchased_purges":1,"victory":false,"max_hp_per_floor":[75,75,75,75,75,75,75,78,78,78,71,74,77,85,85,85],"card_choices":[{"not_picked":["Reckless Charge","Intimidate"],"picked":"Flame Barrier","floor":1},{"not_picked":["Havoc","Sentinel"],"picked":"Anger","floor":3},{"not_picked":["Wild Strike","Sword Boomerang"],"picked":"Rage","floor":5},{"not_picked":["Burning Pact","Entrench"],"picked":"Spot Weakness","floor":8},{"not_picked":["Pummel","Ghostly Armor"],"picked":"Disarm","floor":10},{"not_picked":["Body Slam","Seeing Red"],"picked":"Havoc","floor":12},{"not_picked":["Rupture","Iron Wave","Rampage"],"picked":"SKIP","floor":13},{"not_picked":["Flex","Infernal Blade"],"picked":"Flame Barrier","floor":14}],"player_experience":2090750,"relics_obtained":[{"floor":8,"key":"Toy Ornithopter"},{"floor":9,"key":"Art of War"},{"floor":10,"key":"Boot"},{"floor":14,"key":"Oddly Smooth Stone"}],"event_choices":[{"damage_healed":0,"gold_gain":150,"player_choice":"AGREE","damage_taken":0,"max_hp_gain":0,"max_hp_loss":0,"event_name":"Liars Game","floor":2,"gold_loss":0,"cards_obtained":["Doubt"]},{"cards_removed":["Doubt"],"damage_healed":0,"gold_gain":0,"player_choice":"Offered Curse","damage_taken":0,"relics_obtained":["Spirit Poop"],"max_hp_gain":0,"max_hp_loss":0,"event_name":"Bonfire Elementals","floor":4,"gold_loss":0},{"damage_healed":0,"gold_gain":0,"player_choice":"Lose Max HP","damage_taken":0,"relics_obtained":["Golden Idol"],"max_hp_gain":0,"max_hp_loss":7,"event_name":"Golden Idol","floor":11,"gold_loss":0}],"is_beta":false,"boss_relics":[],"items_purged_floors":[7],"is_endless":false,"potions_floor_spawned":[1,3,10,13,14],"killed_by":"Hexaghost","ascension_level":20}