{"gold_per_floor":[113,113,113,113,38,38,3,3,3,26,49,64,64,83,83,83],"floor_reached":16,"playtime":338,"items_purged":["Injury"],"score":180,"play_id":"840ee61c-9ccb-437d-9546-c2aa10a6e7fb","local_time":"20230131131834","is_ascension_mode":true,"campfire_choices":[{"data":"Strike_R","floor":6,"key":"PURGE"},{"data":"Strike_R","floor":8,"key":"PURGE"},{"data":"Strike_R","floor":13,"key":"PURGE"},{"data":"Strike_R","floor":15,"key":"PURGE"}],"neow_cost":"PERCENT_DAMAGE","seed_source_timestamp":3728689766000,"circlet_count":0,"master_deck":["AscendersBane","Strike_R","Defend_R","Defend_R","Defend_R","Defend_R","Bash","Dropkick","Shrug It Off","Sword Boomerang","Cleave"],"relics":["Burning Blood","Peace Pipe","Golden Idol","Juzu Bracelet"],"potions_floor_usage":[12,16],"damage_taken":[{"damage":10,"enemies":"2 Louse","floor":1,"turns":3},{"damage":4,"enemies":"Jaw Worm","floor":10,"turns":4},{"damage":19,"enemies":"Small Slimes","floor":11,"turns":4},{"damage":8,"enemies":"2 Fungi Beasts","floor":12,"turns":5},{"damage":14,"enemies":"Red Slaver","floor":14,"turns":7},{"damage":40,"enemies":"Slime Boss","floor":16,"turns":7}],"seed_played":"-5865722953684170726","potions_obtained":[{"floor":1,"key":"PowerPotion"},{"floor":11,"key":"Weak Potion"}],"is_trial":false,"path_per_floor":["M","?","?","?","$","R","?","R","T","M","M","M","R","M","R","B"],"character_chosen":"IRONCLAD","items_purchased":[],"campfire_rested":0,"item_purchase_floors":[],"current_hp_per_floor":[46,46,46,39,39,39,57,57,57,59,46,44,44,36,36,0],"gold":83,"neow_bonus":"ONE_RARE_RELIC","is_prod":false,"is_daily":false,"chose_seed":false,"campfire_upgraded":0,"win_rate":0,"timestamp":1675167514,"path_taken":["M","?","?","?","$","R","?","R","T","M","M","M","R","M","R","BOSS"],"build_version":"2022-12-18","purchased_purges":1,"victory":false,"max_hp_per_floor":[75,75,75,75,75,75,75,75,75,75,75,75,75,75,75,75],"card_choices":[{"not_picked":["Clothesline","Sentinel"],"picked":"Dropkick","floor":1},{"not_picked":["Bloodletting","True Grit","Twin Strike"],"picked":"SKIP","floor":10},{"not_picked":["Second Wind","Flex"],"picked":"Shrug It Off","floor":11},{"not_picked":["Pummel","Twin Strike"],"picked":"Sword Boomerang","floor":12},{"not_picked":["Clothesline","Sword Boomerang"],"picked":"Cleave","floor":14}],"player_experience":2081669,"relics_obtained":[],"event_choices":[{"damage_healed":0,"gold_gain":0,"player_choice":"Take Wound","damage_taken":0,"relics_obtained":["Golden Idol"],"max_hp_gain":0,"max_hp_loss":0,"event_name":"Golden Idol","floor":2,"gold_loss":0,"cards_obtained":["Injury"]},{"damage_healed":0,"gold_gain":0,"player_choice":"Box","damage_taken":0,"relics_obtained":["Juzu Bracelet"],"max_hp_gain":0,"max_hp_loss":0,"event_name":"Big Fish","floor":3,"gold_loss":0,"cards_obtained":["Regret"]},{"cards_removed":["Regret"],"damage_healed":0,"gold_gain":0,"player_choice":"Card Removal","damage_taken":7,"max_hp_gain":0,"max_hp_loss":0,"event_name":"Golden Wing","floor":4,"gold_loss":0},{"damage_healed":18,"gold_gain":0,"player_choice":"Healed","damage_taken":0,"max_hp_gain":0,"max_hp_loss":0,"event_name":"The Cleric","floor":7,"gold_loss":35}],"is_beta":false,"boss_relics":[],"items_purged_floors":[5],"is_endless":false,"potions_floor_spawned":[1,11],"killed_by":"Slime Boss","ascension_level":20}