{"gold_per_floor":[119,133,133,3,20,20,53,53,53,86,86,86,86,86,86,86],"floor_reached":16,"playtime":333,"items_purged":["Regret"],"score":216,"play_id":"809158ca-29de-482c-b3ea-61aaaf243cfd","local_time":"20230206203352","is_ascension_mode":true,"campfire_choices":[{"data":"Searing Blow","floor":6,"key":"SMITH"},{"data":"Searing Blow+1","floor":8,"key":"SMITH"},{"data":"Searing Blow+2","floor":11,"key":"SMITH"},{"data":"Searing Blow+4","floor":15,"key":"SMITH"}],"neow_cost":"CURSE","seed_source_timestamp":906036176855500,"circlet_count":0,"master_deck":["AscendersBane","Strike_R","Strike_R","Strike_R","Strike_R","Strike_R+1","Defend_R","Defend_R+1","Defend_R","Defend_R","Bash","Writhe","The Bomb","Burning Pact","Searing Blow+5","Shrug It Off","Double Tap","Havoc"],"relics":["Burning Blood","Bag of Preparation","Vajra","Molten Egg 2","Blue Candle"],"potions_floor_usage":[7,14,16],"damage_taken":[{"damage":9,"enemies":"Jaw Worm","floor":1,"turns":5},{"damage":5,"enemies":"Small Slimes","floor":2,"turns":3},{"damage":9,"enemies":"2 Louse","floor":5,"turns":3},{"damage":22,"enemies":"3 Sentries","floor":7,"turns":5},{"damage":15,"enemies":"Lagavulin","floor":10,"turns":5},{"damage":11,"enemies":"Large Slime","floor":14,"turns":4},{"damage":13,"enemies":"Slime Boss","floor":16,"turns":3}],"seed_played":"8331920746887555344","potions_obtained":[{"floor":1,"key":"DistilledChaos"},{"floor":2,"key":"SmokeBomb"},{"floor":7,"key":"BlessingOfTheForge"}],"is_trial":false,"path_per_floor":["M","M","?","$","M","R","E","R","T","E","R","?","?","M","R","B"],"character_chosen":"IRONCLAD","items_purchased":["Shrug It Off"],"campfire_rested":0,"item_purchase_floors":[4],"current_hp_per_floor":[65,66,66,66,63,63,47,47,47,38,38,38,15,10,10,0],"gold":86,"neow_bonus":"RANDOM_COLORLESS_2","is_prod":false,"is_daily":false,"chose_seed":false,"campfire_upgraded":4,"win_rate":0,"timestamp":1675712032,"path_taken":["M","M","?","$","M","R","E","R","T","E","R","?","?","M","R","BOSS"],"build_version":"2022-12-18","purchased_purges":1,"victory":false,"max_hp_per_floor":[75,75,75,75,75,75,75,75,75,75,75,75,75,75,75,75],"card_choices":[{"not_picked":["Secret Weapon","Secret Technique"],"picked":"The Bomb","floor":0},{"not_picked":["Headbutt","Warcry"],"picked":"Burning Pact","floor":1},{"not_picked":["Burning Pact","Armaments"],"picked":"Searing Blow","floor":2},{"not_picked":["Dark Embrace","Havoc"],"picked":"Double Tap","floor":5},{"not_picked":["Dual Wield","Clothesline"],"picked":"Havoc","floor":7},{"not_picked":["Iron Wave+1","Flex","Anger+1"],"picked":"SKIP","floor":10}],"player_experience":2107460,"relics_obtained":[{"floor":7,"key":"Vajra"},{"floor":9,"key":"Molten Egg 2"},{"floor":10,"key":"Blue Candle"}],"event_choices":[{"damage_healed":0,"gold_gain":0,"player_choice":"Box","damage_taken":0,"relics_obtained":["Bag of Preparation"],"max_hp_gain":0,"max_hp_loss":0,"event_name":"Big Fish","floor":3,"gold_loss":0,"cards_obtained":["Regret"]},{"damage_healed":0,"gold_gain":0,"player_choice":"Grow","damage_taken":0,"max_hp_gain":0,"max_hp_loss":0,"event_name":"Living Wall","floor":12,"gold_loss":0,"cards_upgraded":["Searing Blow"]},{"damage_healed":0,"gold_gain":0,"player_choice":"Entered Light","damage_taken":23,"max_hp_gain":0,"max_hp_loss":0,"event_name":"Shining Light","floor":13,"gold_loss":0,"cards_upgraded":["Strike_R","Defend_R"]}],"is_beta":false,"boss_relics":[],"items_purged_floors":[4],"is_endless":false,"potions_floor_spawned":[1,2,7],"killed_by":"Slime Boss","ascension_level":20}