{"gold_per_floor":[119,30,42,42,42,70,70,100,100,125,139,139,139,139],"floor_reached":14,"playtime":388,"items_purged":[],"score":262,"play_id":"9ec990f2-9a9f-4b82-88e2-060f82b7dcd9","local_time":"20230131082336","is_ascension_mode":true,"campfire_choices":[{"data":"Whirlwind","floor":7,"key":"SMITH"},{"data":"Double Tap","floor":12,"key":"SMITH"}],"neow_cost":"NONE","seed_source_timestamp":343753212256700,"circlet_count":0,"master_deck":["AscendersBane","Strike_R","Strike_R","Strike_R","Strike_R","Defend_R","Defend_R","Defend_R","Defend_R","Bash","True Grit","Whirlwind+1","Fire Breathing","Pommel Strike","Fire Breathing","Double Tap+1"],"relics":["Burning Blood","NeowsBlessing","Magic Flower","Ornamental Fan","Kunai","Bag of Marbles"],"potions_floor_usage":[8,14],"damage_taken":[{"damage":0,"enemies":"Small Slimes","floor":1,"turns":1},{"damage":0,"enemies":"Cultist","floor":3,"turns":1},{"damage":0,"enemies":"Gremlin Nob","floor":6,"turns":1},{"damage":43,"enemies":"Lagavulin","floor":8,"turns":7},{"damage":20,"enemies":"3 Sentries","floor":10,"turns":5},{"damage":0,"enemies":"2 Louse","floor":11,"turns":3},{"damage":53,"enemies":"Lagavulin","floor":14,"turns":5}],"seed_played":"2467888426420816971","potions_obtained":[{"floor":3,"key":"Block Potion"},{"floor":8,"key":"LiquidBronze"},{"floor":11,"key":"ColorlessPotion"}],"is_trial":false,"path_per_floor":["M","$","M","$","?","E","R","E","T","E","M","R","?","E"],"character_chosen":"IRONCLAD","items_purchased":["Whirlwind"],"campfire_rested":0,"item_purchase_floors":[2],"current_hp_per_floor":[74,74,75,75,75,75,75,41,41,30,39,39,39,0],"gold":139,"neow_bonus":"THREE_ENEMY_KILL","is_prod":false,"is_daily":false,"chose_seed":false,"campfire_upgraded":2,"win_rate":0,"timestamp":1675149816,"path_taken":["M","$","M","$","?","E","R","E","T","E","?","R","?","E"],"build_version":"2022-12-18","purchased_purges":0,"victory":false,"max_hp_per_floor":[75,75,75,75,75,75,75,75,75,75,75,75,75,75],"card_choices":[{"not_picked":["Armaments","Seeing Red"],"picked":"True Grit","floor":1},{"not_picked":["Body Slam","True Grit"],"picked":"Fire Breathing","floor":3},{"not_picked":["Iron Wave","Perfected Strike"],"picked":"Pommel Strike","floor":6},{"not_picked":["Pummel","Headbutt","Iron Wave"],"picked":"SKIP","floor":8},{"not_picked":["Clash","Heavy Blade"],"picked":"Fire Breathing","floor":10},{"not_picked":["Headbutt","Pommel Strike"],"picked":"Double Tap","floor":11}],"player_experience":2079740,"relics_obtained":[{"floor":6,"key":"Magic Flower"},{"floor":8,"key":"Ornamental Fan"},{"floor":9,"key":"Kunai"},{"floor":10,"key":"Bag of Marbles"}],"event_choices":[{"cards_removed":["Strike_R"],"damage_healed":0,"gold_gain":0,"player_choice":"Purged","damage_taken":0,"max_hp_gain":0,"max_hp_loss":0,"event_name":"Purifier","floor":5,"gold_loss":0},{"damage_healed":0,"gold_gain":0,"player_choice":"Ignored","damage_taken":0,"max_hp_gain":0,"max_hp_loss":0,"event_name":"Liars Game","floor":13,"gold_loss":0}],"is_beta":false,"boss_relics":[],"items_purged_floors":[],"is_endless":false,"potions_floor_spawned":[3,8,11],"killed_by":"Lagavulin","ascension_level":20}