{"gold_per_floor":[109,125,125,50,50,50,93,93,143,43,84,9,32,51,51,137,146,166,182,107,126,0,0],"floor_reached":23,"playtime":593,"items_purged":["Regret","Strike_R"],"score":448,"play_id":"25e0a519-4c1f-4bf3-a9a3-b77efcfa64a9","local_time":"20230209181646","is_ascension_mode":true,"campfire_choices":[{"data":"Inflame","floor":6,"key":"SMITH"},{"data":"Shockwave","floor":8,"key":"SMITH"},{"floor":15,"key":"DIG"}],"neow_cost":"NONE","seed_source_timestamp":1156752531470000,"circlet_count":0,"master_deck":["AscendersBane","Strike_R","Defend_R","Defend_R","Defend_R","Defend_R","Bash","Pommel Strike","Thunderclap","Inflame+1","Shockwave+1","Rage","Pommel Strike","Juggernaut","CurseOfTheBell","Disarm"],"relics":["Burning Blood","NeowsBlessing","Lantern","CeramicFish","Bronze Scales","Shovel","Calipers","Calling Bell","PreservedInsect","The Courier","Du-Vu Doll"],"potions_floor_usage":[11,19,21,21],"damage_taken":[{"damage":0,"enemies":"Jaw Worm","floor":1,"turns":1},{"damage":0,"enemies":"2 Louse","floor":2,"turns":1},{"damage":0,"enemies":"Lagavulin","floor":7,"turns":1},{"damage":32,"enemies":"Gremlin Nob","floor":11,"turns":4},{"damage":9,"enemies":"Small Slimes","floor":13,"turns":3},{"damage":7,"enemies":"Blue Slaver","floor":14,"turns":2},{"damage":38,"enemies":"The Guardian","floor":16,"turns":12},{"damage":27,"enemies":"Shell Parasite","floor":18,"turns":5},{"damage":36,"enemies":"Spheric Guardian","floor":19,"turns":6},{"damage":8,"enemies":"Centurion and Healer","floor":21,"turns":6},{"damage":8,"enemies":"Gremlin Leader","floor":23,"turns":2}],"seed_played":"-4686099810027362456","potions_obtained":[{"floor":1,"key":"Swift Potion"},{"floor":13,"key":"Dexterity Potion"},{"floor":19,"key":"EntropicBrew"}],"is_trial":false,"path_per_floor":["M","M","?","$","?","R","E","R","T","$","E","?","M","M","R","B",null,"M","M","?","M","?","E"],"character_chosen":"IRONCLAD","items_purchased":[],"campfire_rested":0,"item_purchase_floors":[],"current_hp_per_floor":[74,75,75,75,75,75,75,75,75,75,49,49,46,45,45,13,60,39,9,9,7,7,0],"gold":0,"neow_bonus":"THREE_ENEMY_KILL","is_prod":false,"is_daily":false,"chose_seed":false,"campfire_upgraded":2,"win_rate":0,"timestamp":1675963006,"path_taken":["M","M","?","?","?","R","E","R","T","?","E","?","?","M","R","BOSS","M","?","?","M","?","E"],"build_version":"2022-12-18","purchased_purges":2,"victory":false,"max_hp_per_floor":[75,75,75,75,75,75,75,75,75,75,75,75,75,75,75,75,75,75,75,75,75,75,75],"card_choices":[{"not_picked":["Dropkick","Evolve"],"picked":"Pommel Strike","floor":1},{"not_picked":["Twin Strike","Sever Soul"],"picked":"Thunderclap","floor":2},{"not_picked":["Reckless Charge","Flame Barrier"],"picked":"Shockwave","floor":7},{"not_picked":["Perfected Strike","Havoc"],"picked":"Rage","floor":11},{"not_picked":["Bloodletting","Iron Wave"],"picked":"Pommel Strike","floor":13},{"not_picked":["Shockwave","Clash","Hemokinesis"],"picked":"SKIP","floor":14},{"not_picked":["Bludgeon","Fiend Fire"],"picked":"Juggernaut","floor":16},{"not_picked":["Iron Wave","Body Slam","Rupture"],"picked":"SKIP","floor":18},{"not_picked":["Twin Strike","Anger","Flex"],"picked":"SKIP","floor":19},{"not_picked":["Battle Trance","Pommel Strike"],"picked":"Disarm","floor":21}],"player_experience":2113889,"relics_obtained":[{"floor":7,"key":"CeramicFish"},{"floor":9,"key":"Bronze Scales"},{"floor":11,"key":"Shovel"},{"floor":15,"key":"Calipers"},{"floor":17,"key":"PreservedInsect"},{"floor":17,"key":"The Courier"},{"floor":17,"key":"Du-Vu Doll"}],"event_choices":[{"damage_healed":0,"gold_gain":0,"player_choice":"Box","damage_taken":0,"relics_obtained":["Lantern"],"max_hp_gain":0,"max_hp_loss":0,"event_name":"Big Fish","floor":3,"gold_loss":0,"cards_obtained":["Regret"]},{"damage_healed":0,"gold_gain":0,"cards_transformed":["Strike_R"],"player_choice":"Change","damage_taken":0,"max_hp_gain":0,"max_hp_loss":0,"event_name":"Living Wall","floor":5,"gold_loss":0,"cards_obtained":["Inflame"]},{"cards_removed":["Strike_R"],"damage_healed":0,"gold_gain":0,"player_choice":"Card Removal","damage_taken":0,"max_hp_gain":0,"max_hp_loss":0,"event_name":"The Cleric","floor":12,"gold_loss":75},{"cards_removed":["Strike_R"],"damage_healed":0,"gold_gain":0,"player_choice":"Gave Gold","damage_taken":0,"max_hp_gain":0,"max_hp_loss":0,"event_name":"Beggar","floor":20,"gold_loss":75},{"damage_healed":0,"gold_gain":0,"player_choice":"Paid Fearfully","damage_taken":0,"max_hp_gain":0,"max_hp_loss":0,"event_name":"Masked Bandits","floor":22,"gold_loss":126}],"is_beta":false,"boss_relics":[{"not_picked":["Black Blood","Runic Pyramid"],"picked":"Calling Bell"}],"items_purged_floors":[4,10],"is_endless":false,"potions_floor_spawned":[1,13,19],"killed_by":"Gremlin Leader","ascension_level":20}