{"gold_per_floor":[113,113,113,38,38,38,52,8,31,75,146,210,234,259,259,352,352,352],"floor_reached":18,"playtime":476,"items_purged":["Regret"],"score":386,"play_id":"7b571567-7672-48d8-a8e6-32e81144011b","local_time":"20230209190626","is_ascension_mode":true,"campfire_choices":[{"data":"Bash","floor":6,"key":"SMITH"},{"floor":15,"key":"REST"}],"neow_cost":"NONE","seed_source_timestamp":1159849714687800,"circlet_count":0,"master_deck":["AscendersBane","Strike_R","Strike_R","Strike_R","Strike_R","Strike_R","Defend_R","Defend_R","Defend_R","Defend_R","Bash+1","Twin Strike","Injury","Combust","Inflame","Rage","Battle Trance","Armaments","Rampage","Ghostly Armor","Limit Break","CurseOfTheBell"],"relics":["Burning Blood","NeowsBlessing","Golden Idol","Blood Vial","Gambling Chip","Juzu Bracelet","Boot","Centennial Puzzle","Toy Ornithopter","Calling Bell","Regal Pillow","Blue Candle","Prayer Wheel"],"potions_floor_usage":[11,12,16],"damage_taken":[{"damage":0,"enemies":"Jaw Worm","floor":1,"turns":1},{"damage":0,"enemies":"2 Louse","floor":7,"turns":1},{"damage":0,"enemies":"Gremlin Nob","floor":10,"turns":1},{"damage":48,"enemies":"Lagavulin Event","floor":11,"turns":6},{"damage":21,"enemies":"3 Sentries","floor":12,"turns":6},{"damage":8,"enemies":"Small Slimes","floor":13,"turns":3},{"damage":3,"enemies":"Blue Slaver","floor":14,"turns":4},{"damage":36,"enemies":"Slime Boss","floor":16,"turns":8},{"damage":24,"enemies":"Chosen","floor":18,"turns":5}],"seed_played":"1909322463153327118","potions_obtained":[{"floor":10,"key":"ColorlessPotion"},{"floor":11,"key":"ColorlessPotion"},{"floor":14,"key":"Explosive Potion"}],"is_trial":false,"path_per_floor":["M","?","?","$","?","R","M","$","T","E","?","E","M","M","R","B",null,"M"],"character_chosen":"IRONCLAD","items_purchased":["Inflame"],"campfire_rested":1,"item_purchase_floors":[8],"current_hp_per_floor":[74,74,74,74,48,48,56,56,56,64,24,11,11,16,38,15,60,38],"gold":352,"neow_bonus":"THREE_ENEMY_KILL","is_prod":false,"is_daily":false,"chose_seed":false,"campfire_upgraded":1,"win_rate":0,"timestamp":1675965986,"path_taken":["M","?","?","$","?","R","?","?","T","E","?","E","M","M","R","BOSS","M"],"build_version":"2022-12-18","purchased_purges":1,"victory":false,"max_hp_per_floor":[75,75,75,75,75,75,75,75,75,75,75,75,75,75,75,75,75,75],"card_choices":[{"not_picked":["Perfected Strike","Blood for Blood"],"picked":"Twin Strike","floor":1},{"not_picked":["Twin Strike","Iron Wave"],"picked":"Combust","floor":7},{"not_picked":["Body Slam","True Grit"],"picked":"Rage","floor":10},{"not_picked":["Heavy Blade","Bloodletting"],"picked":"Battle Trance","floor":11},{"not_picked":["Searing Blow","Dual Wield"],"picked":"Armaments","floor":12},{"not_picked":["Headbutt","Twin Strike"],"picked":"Rampage","floor":13},{"not_picked":["Iron Wave","Flex"],"picked":"Ghostly Armor","floor":14},{"not_picked":["Offering","Fiend Fire"],"picked":"Limit Break","floor":16}],"player_experience":2116841,"relics_obtained":[{"floor":9,"key":"Juzu Bracelet"},{"floor":10,"key":"Boot"},{"floor":11,"key":"Centennial Puzzle"},{"floor":12,"key":"Toy Ornithopter"},{"floor":17,"key":"Regal Pillow"},{"floor":17,"key":"Blue Candle"},{"floor":17,"key":"Prayer Wheel"}],"event_choices":[{"damage_healed":0,"gold_gain":0,"player_choice":"Take Wound","damage_taken":0,"relics_obtained":["Golden Idol"],"max_hp_gain":0,"max_hp_loss":0,"event_name":"Golden Idol","floor":2,"gold_loss":0,"cards_obtained":["Injury"]},{"damage_healed":0,"gold_gain":0,"player_choice":"Box","damage_taken":0,"relics_obtained":["Blood Vial"],"max_hp_gain":0,"max_hp_loss":0,"event_name":"Big Fish","floor":3,"gold_loss":0,"cards_obtained":["Regret"]},{"damage_healed":0,"gold_gain":0,"player_choice":"Success","damage_taken":26,"relics_obtained":["Gambling Chip"],"max_hp_gain":0,"max_hp_loss":0,"event_name":"Scrap Ooze","floor":5,"gold_loss":0},{"damage_healed":0,"gold_gain":0,"player_choice":"Searched \u00271\u0027 times","damage_taken":0,"max_hp_gain":0,"max_hp_loss":0,"event_name":"Dead Adventurer","floor":11,"gold_loss":0}],"is_beta":false,"boss_relics":[{"not_picked":["Snecko Eye","Sozu"],"picked":"Calling Bell"}],"items_purged_floors":[4],"is_endless":false,"potions_floor_spawned":[10,11,14],"killed_by":"Chosen","ascension_level":20}