{"gold_per_floor":[113,113,19,35,35,67,67,95,95,38,58,89,89,105,105,183,183,196,246,246,265,25,25,25,44,68,79,99,115,15,15],"floor_reached":31,"playtime":1022,"items_purged":["Strike_R","Shame"],"score":510,"play_id":"aef5781c-b3e5-4362-9495-7864878f0f49","local_time":"20230206210243","is_ascension_mode":true,"campfire_choices":[{"data":"Inflame","floor":7,"key":"SMITH"},{"data":"Flame Barrier","floor":15,"key":"SMITH"},{"data":"True Grit","floor":23,"key":"SMITH"}],"neow_cost":"TEN_PERCENT_HP_LOSS","seed_source_timestamp":907078021564800,"circlet_count":0,"master_deck":["AscendersBane","Strike_R","Strike_R","Defend_R","Defend_R","Defend_R","Defend_R","Bash","Anger","Feel No Pain","Pommel Strike","Inflame+1","Evolve","Fire Breathing","Cleave","True Grit+1","Sword Boomerang","Flame Barrier+1","Juggernaut","Shrug It Off","Bloodletting+1","Rage"],"relics":["Burning Blood","TungstenRod","NlothsMask","Mummified Hand","Meat on the Bone","StrikeDummy","Cursed Key","ClockworkSouvenir","Centennial Puzzle"],"potions_floor_usage":[8,16,16,25,27,29],"damage_taken":[{"damage":0,"enemies":"Cultist","floor":1,"turns":4},{"damage":6,"enemies":"2 Louse","floor":4,"turns":3},{"damage":21,"enemies":"3 Sentries","floor":6,"turns":9},{"damage":19,"enemies":"Lagavulin","floor":8,"turns":6},{"damage":7,"enemies":"Jaw Worm","floor":11,"turns":4},{"damage":30,"enemies":"Gremlin Nob","floor":12,"turns":4},{"damage":2,"enemies":"3 Louse","floor":14,"turns":3},{"damage":42,"enemies":"Hexaghost","floor":16,"turns":9},{"damage":20,"enemies":"Shell Parasite","floor":18,"turns":4},{"damage":3,"enemies":"3 Byrds","floor":21,"turns":5},{"damage":2,"enemies":"Sentry and Sphere","floor":25,"turns":5},{"damage":25,"enemies":"3 Cultists","floor":27,"turns":5},{"damage":5,"enemies":"Cultist and Chosen","floor":28,"turns":4},{"damage":12,"enemies":"Shelled Parasite and Fungi","floor":29,"turns":5},{"damage":44,"enemies":"Book of Stabbing","floor":31,"turns":5}],"seed_played":"-2003574244006124268","potions_obtained":[{"floor":4,"key":"SpeedPotion"},{"floor":8,"key":"Regen Potion"},{"floor":12,"key":"Weak Potion"},{"floor":16,"key":"SpeedPotion"},{"floor":18,"key":"Swift Potion"},{"floor":25,"key":"SpeedPotion"}],"is_trial":false,"path_per_floor":["M","?","$","M","$","E","R","E","T","$","M","E","?","M","R","B",null,"M","?","?","M","$","R","?","M","T","M","M","M","$","E"],"character_chosen":"IRONCLAD","items_purchased":["Feel No Pain","Pommel Strike","Cleave","ClockworkSouvenir"],"campfire_rested":0,"item_purchase_floors":[3,3,10,22],"current_hp_per_floor":[68,68,68,68,68,53,53,40,40,40,51,39,33,49,49,40,61,47,47,47,50,50,50,50,54,54,47,48,42,42,0],"gold":15,"neow_bonus":"ONE_RARE_RELIC","is_prod":false,"is_daily":false,"chose_seed":false,"campfire_upgraded":3,"win_rate":0,"timestamp":1675713763,"path_taken":["M","?","?","M","$","E","R","E","T","$","?","E","?","M","R","BOSS","M","?","?","M","$","R","?","M","T","M","M","M","$","E"],"build_version":"2022-12-18","purchased_purges":2,"victory":false,"max_hp_per_floor":[68,68,68,68,68,68,68,68,68,68,68,68,68,68,68,68,68,68,68,68,68,68,68,68,68,68,68,68,68,68,68],"card_choices":[{"not_picked":["Wild Strike","Warcry"],"picked":"Anger","floor":1},{"not_picked":["Wild Strike","Perfected Strike"],"picked":"Inflame","floor":4},{"not_picked":["Anger","Shrug It Off"],"picked":"Evolve","floor":6},{"not_picked":["Body Slam","Bloodletting"],"picked":"Fire Breathing","floor":8},{"not_picked":["Twin Strike","Sentinel"],"picked":"True Grit","floor":11},{"not_picked":["Armaments","Sentinel"],"picked":"Sword Boomerang","floor":12},{"not_picked":["Anger","Heavy Blade"],"picked":"Flame Barrier","floor":14},{"not_picked":["Feed","Berserk"],"picked":"Juggernaut","floor":16},{"not_picked":["Heavy Blade","Pommel Strike"],"picked":"Shrug It Off","floor":18},{"not_picked":["Thunderclap","Armaments"],"picked":"Bloodletting+1","floor":21},{"not_picked":["Feel No Pain","Sword Boomerang+1","Shrug It Off"],"picked":"SKIP","floor":25},{"not_picked":["Havoc","Thunderclap+1","Warcry"],"picked":"SKIP","floor":27},{"not_picked":["Limit Break","Clash"],"picked":"Rage","floor":28},{"not_picked":["True Grit","Headbutt","Armaments"],"picked":"SKIP","floor":29}],"player_experience":2108460,"relics_obtained":[{"floor":6,"key":"Mummified Hand"},{"floor":8,"key":"Meat on the Bone"},{"floor":12,"key":"StrikeDummy"},{"floor":26,"key":"Centennial Puzzle"}],"event_choices":[{"damage_healed":0,"gold_gain":0,"player_choice":"Trade","damage_taken":0,"relics_obtained":["NlothsMask"],"max_hp_gain":0,"max_hp_loss":0,"event_name":"FaceTrader","floor":2,"gold_loss":0},{"cards_removed":["Strike_R"],"damage_healed":0,"gold_gain":0,"player_choice":"Card Removal","damage_taken":7,"max_hp_gain":0,"max_hp_loss":0,"event_name":"Golden Wing","floor":13,"gold_loss":0},{"damage_healed":0,"gold_gain":50,"player_choice":"Stole From Cult","damage_taken":0,"max_hp_gain":0,"max_hp_loss":0,"event_name":"Nest","floor":19,"gold_loss":0},{"damage_healed":0,"gold_gain":0,"player_choice":"Ignored","damage_taken":0,"max_hp_gain":0,"max_hp_loss":0,"event_name":"Ghosts","floor":20,"gold_loss":0},{"cards_removed":["Strike_R"],"damage_healed":0,"gold_gain":0,"player_choice":"Offered Basic","damage_taken":0,"max_hp_gain":0,"max_hp_loss":0,"event_name":"Bonfire Elementals","floor":24,"gold_loss":0}],"is_beta":false,"boss_relics":[{"not_picked":["Ectoplasm","Sozu"],"picked":"Cursed Key"}],"items_purged_floors":[22,30],"is_endless":false,"potions_floor_spawned":[4,8,12,16,18,21,25],"killed_by":"Book of Stabbing","ascension_level":20}