{"gold_per_floor":[119,145,162,87,87,87,128,128,180,204,244,30,70,84,84,177,177,201,221,246,246,262,262],"floor_reached":23,"playtime":595,"items_purged":[],"score":472,"play_id":"83edafff-a794-407b-a50c-6cdc51bd1e3f","local_time":"20230206124851","is_ascension_mode":true,"campfire_choices":[{"data":"Rampage","floor":6,"key":"SMITH"},{"data":"Inflame","floor":8,"key":"SMITH"},{"data":"Bash","floor":15,"key":"SMITH"}],"neow_cost":"NONE","seed_source_timestamp":877871986286300,"circlet_count":0,"master_deck":["AscendersBane","Strike_R","Strike_R","Strike_R","Strike_R","Defend_R","Defend_R","Defend_R","Defend_R","Bash+1","Inflame+1","Rampage+1","Pommel Strike","Pommel Strike","Shrug It Off","Battle Trance","Havoc","Feed+1","Disarm","Shrug It Off"],"relics":["Burning Blood","NeowsBlessing","Blood Vial","Golden Idol","Boot","Omamori","InkBottle","Anchor","Bronze Scales","Philosopher\u0027s Stone"],"potions_floor_usage":[11,16,20],"damage_taken":[{"damage":0,"enemies":"Cultist","floor":1,"turns":1},{"damage":0,"enemies":"Small Slimes","floor":3,"turns":1},{"damage":0,"enemies":"Gremlin Nob","floor":7,"turns":1},{"damage":3,"enemies":"2 Louse","floor":10,"turns":3},{"damage":24,"enemies":"3 Sentries","floor":11,"turns":7},{"damage":10,"enemies":"Gremlin Nob","floor":13,"turns":3},{"damage":0,"enemies":"Large Slime","floor":14,"turns":4},{"damage":19,"enemies":"The Guardian","floor":16,"turns":9},{"damage":20,"enemies":"Chosen","floor":18,"turns":5},{"damage":24,"enemies":"Shell Parasite","floor":19,"turns":5},{"damage":13,"enemies":"Centurion and Healer","floor":20,"turns":4},{"damage":42,"enemies":"Cultist and Chosen","floor":22,"turns":7},{"damage":18,"enemies":"Gremlin Leader","floor":23,"turns":2}],"seed_played":"4248867074358188917","potions_obtained":[{"floor":1,"key":"BlessingOfTheForge"},{"floor":3,"key":"ElixirPotion"},{"floor":14,"key":"AttackPotion"},{"floor":19,"key":"LiquidMemories"}],"is_trial":false,"path_per_floor":["M","T","M","?","?","R","E","R","T","M","E","$","E","M","R","B",null,"M","M","M","?","M","E"],"character_chosen":"IRONCLAD","items_purchased":["Anchor","Shrug It Off"],"campfire_rested":0,"item_purchase_floors":[12,12],"current_hp_per_floor":[74,74,75,75,49,49,57,57,57,62,46,46,44,52,52,41,67,58,45,43,43,13,0],"gold":262,"neow_bonus":"THREE_ENEMY_KILL","is_prod":false,"is_daily":false,"chose_seed":false,"campfire_upgraded":3,"win_rate":0,"timestamp":1675684131,"path_taken":["M","?","M","?","?","R","E","R","T","M","E","$","E","M","R","BOSS","M","M","M","?","?","E"],"build_version":"2022-12-18","purchased_purges":0,"victory":false,"max_hp_per_floor":[75,75,75,75,75,75,75,75,75,75,75,75,75,75,75,75,75,78,81,84,84,88,88],"card_choices":[{"not_picked":["Blood for Blood","Second Wind"],"picked":"Inflame","floor":1},{"not_picked":["Clothesline","Pommel Strike"],"picked":"Rampage","floor":3},{"not_picked":["Heavy Blade","Exhume"],"picked":"Pommel Strike","floor":7},{"not_picked":["Iron Wave","Dark Embrace"],"picked":"Pommel Strike","floor":10},{"not_picked":["Carnage","Reckless Charge","Sword Boomerang"],"picked":"SKIP","floor":11},{"not_picked":["Thunderclap","Body Slam"],"picked":"Battle Trance","floor":13},{"not_picked":["Pummel","Anger"],"picked":"Havoc","floor":14},{"not_picked":["Immolate","Reaper"],"picked":"Feed","floor":16},{"not_picked":["Uppercut","Flex"],"picked":"Disarm","floor":18},{"not_picked":["Thunderclap","Clash","Searing Blow"],"picked":"SKIP","floor":19},{"not_picked":["Clash","Perfected Strike","Fire Breathing"],"picked":"SKIP","floor":20},{"not_picked":["Sword Boomerang","Pommel Strike"],"picked":"Shrug It Off","floor":22}],"player_experience":2103906,"relics_obtained":[{"floor":2,"key":"Blood Vial"},{"floor":7,"key":"Boot"},{"floor":9,"key":"Omamori"},{"floor":11,"key":"InkBottle"},{"floor":13,"key":"Bronze Scales"}],"event_choices":[{"cards_removed":["Strike_R"],"damage_healed":0,"gold_gain":0,"player_choice":"Card Removal","damage_taken":0,"max_hp_gain":0,"max_hp_loss":0,"event_name":"The Cleric","floor":4,"gold_loss":75},{"damage_healed":0,"gold_gain":0,"player_choice":"Take Damage","damage_taken":26,"relics_obtained":["Golden Idol"],"max_hp_gain":0,"max_hp_loss":0,"event_name":"Golden Idol","floor":5,"gold_loss":0},{"damage_healed":0,"gold_gain":0,"player_choice":"Forge","damage_taken":0,"max_hp_gain":0,"max_hp_loss":0,"event_name":"Accursed Blacksmith","floor":21,"gold_loss":0,"cards_upgraded":["Feed"]}],"is_beta":false,"boss_relics":[{"not_picked":["Mark of Pain","Velvet Choker"],"picked":"Philosopher\u0027s Stone"}],"items_purged_floors":[],"is_endless":false,"potions_floor_spawned":[1,3,14,19],"killed_by":"Gremlin Leader","ascension_level":20}