{"gold_per_floor":[111,36,36,36,53,88,88,123,123,154,154,166,231,274,274,359,359,374,383,42,54,4,4],"floor_reached":23,"playtime":580,"items_purged":["Defend_R"],"score":480,"play_id":"7d6919f5-4fa5-4fa2-aba0-55b798a7cc78","local_time":"20230130211353","is_ascension_mode":true,"campfire_choices":[{"data":"Inflame","floor":7,"key":"SMITH"},{"data":"Sword Boomerang","floor":15,"key":"SMITH"}],"neow_cost":"NONE","seed_source_timestamp":303377478480700,"circlet_count":0,"master_deck":["AscendersBane","Strike_R","Defend_R","Defend_R","Defend_R","Bash","Inflame+1","Warcry","Sword Boomerang","Bloodletting","Sword Boomerang+1","Flex","Infernal Blade","Shrug It Off","Shrug It Off","Double Tap","Barricade"],"relics":["Burning Blood","NeowsBlessing","Sundial","Dream Catcher","Lantern","Kunai","Smiling Mask","CeramicFish","Black Star","Oddly Smooth Stone","Bronze Scales"],"potions_floor_usage":[10,13,16,18,23],"damage_taken":[{"damage":0,"enemies":"2 Louse","floor":1,"turns":1},{"damage":0,"enemies":"Small Slimes","floor":5,"turns":1},{"damage":0,"enemies":"Lagavulin","floor":6,"turns":1},{"damage":45,"enemies":"3 Sentries","floor":8,"turns":10},{"damage":11,"enemies":"Gremlin Nob","floor":10,"turns":3},{"damage":0,"enemies":"Cultist","floor":12,"turns":2},{"damage":8,"enemies":"Gremlin Nob","floor":13,"turns":3},{"damage":7,"enemies":"Lagavulin","floor":14,"turns":4},{"damage":35,"enemies":"Hexaghost","floor":16,"turns":8},{"damage":9,"enemies":"3 Byrds","floor":18,"turns":6},{"damage":17,"enemies":"Shell Parasite","floor":21,"turns":4},{"damage":85,"enemies":"Slavers","floor":23,"turns":3}],"seed_played":"7006495911510307902","potions_obtained":[{"floor":6,"key":"CultistPotion"},{"floor":8,"key":"SteroidPotion"},{"floor":10,"key":"SneckoOil"},{"floor":13,"key":"BloodPotion"},{"floor":16,"key":"DuplicationPotion"}],"is_trial":false,"path_per_floor":["M","?","?","?","M","E","R","E","T","E","?","M","?","E","R","B",null,"M","?","$","M","$","E"],"character_chosen":"IRONCLAD","items_purchased":["Oddly Smooth Stone","Bronze Scales"],"campfire_rested":0,"item_purchase_floors":[20,20],"current_hp_per_floor":[74,74,74,79,80,80,80,41,41,36,36,42,40,39,39,10,63,60,60,60,49,49,0],"gold":4,"neow_bonus":"THREE_ENEMY_KILL","is_prod":false,"is_daily":false,"chose_seed":false,"campfire_upgraded":2,"win_rate":0,"timestamp":1675109633,"path_taken":["M","?","?","?","M","E","R","E","T","E","?","?","?","E","R","BOSS","M","?","$","?","$","E"],"build_version":"2022-12-18","purchased_purges":1,"victory":false,"max_hp_per_floor":[75,75,75,80,80,80,80,80,80,80,80,80,80,80,80,80,80,80,80,80,80,80,80],"card_choices":[{"not_picked":["Clothesline","Pommel Strike"],"picked":"Inflame","floor":1},{"not_picked":["Intimidate","Flame Barrier"],"picked":"Sword Boomerang","floor":5},{"not_picked":["Wild Strike","Clash"],"picked":"Bloodletting","floor":6},{"not_picked":["Wild Strike","Iron Wave"],"picked":"Sword Boomerang","floor":8},{"not_picked":["Heavy Blade","Barricade"],"picked":"Flex","floor":10},{"not_picked":["Twin Strike","Sword Boomerang","Dropkick"],"picked":"SKIP","floor":12},{"not_picked":["Flex","Havoc"],"picked":"Shrug It Off","floor":13},{"not_picked":["True Grit","Armaments"],"picked":"Shrug It Off","floor":14},{"not_picked":["Barricade","Fiend Fire"],"picked":"Double Tap","floor":16},{"not_picked":["Iron Wave+1","Flex","Heavy Blade"],"picked":"SKIP","floor":18},{"not_picked":["Heavy Blade+1","Metallicize","Headbutt+1"],"picked":"SKIP","floor":21}],"player_experience":2076160,"relics_obtained":[{"floor":6,"key":"Sundial"},{"floor":8,"key":"Dream Catcher"},{"floor":9,"key":"Lantern"},{"floor":10,"key":"Kunai"},{"floor":13,"key":"Smiling Mask"},{"floor":14,"key":"CeramicFish"}],"event_choices":[{"cards_removed":["Strike_R"],"damage_healed":0,"gold_gain":0,"player_choice":"Card Removal","damage_taken":0,"max_hp_gain":0,"max_hp_loss":0,"event_name":"The Cleric","floor":2,"gold_loss":75},{"damage_healed":0,"gold_gain":0,"cards_transformed":["Strike_R"],"player_choice":"Change","damage_taken":0,"max_hp_gain":0,"max_hp_loss":0,"event_name":"Living Wall","floor":3,"gold_loss":0,"cards_obtained":["Warcry"]},{"damage_healed":0,"gold_gain":0,"player_choice":"Donut","damage_taken":0,"max_hp_gain":5,"max_hp_loss":0,"event_name":"Big Fish","floor":4,"gold_loss":0},{"damage_healed":0,"gold_gain":0,"cards_transformed":["Strike_R"],"player_choice":"Transformed","damage_taken":0,"max_hp_gain":0,"max_hp_loss":0,"event_name":"Transmorgrifier","floor":11,"gold_loss":0,"cards_obtained":["Infernal Blade"]},{"damage_healed":0,"gold_gain":0,"player_choice":"Searched \u00272\u0027 times","damage_taken":0,"max_hp_gain":0,"max_hp_loss":0,"event_name":"Dead Adventurer","floor":13,"gold_loss":0},{"damage_healed":0,"gold_gain":0,"cards_transformed":["Strike_R"],"player_choice":"Transformed","damage_taken":0,"max_hp_gain":0,"max_hp_loss":0,"event_name":"Transmorgrifier","floor":19,"gold_loss":0,"cards_obtained":["Barricade"]}],"is_beta":false,"boss_relics":[{"not_picked":["Pandora\u0027s Box","Coffee Dripper"],"picked":"Black Star"}],"items_purged_floors":[22],"is_endless":false,"potions_floor_spawned":[6,8,10,13,16],"killed_by":"Slavers","ascension_level":20}