{"gold_per_floor":[110,260,274,27,102,102,134,152,152,174,174,192,192],"floor_reached":13,"playtime":287,"items_purged":["Doubt"],"score":166,"play_id":"ab4e1621-0239-4559-b08e-fd8eb1ef42a0","local_time":"20230209185813","is_ascension_mode":true,"campfire_choices":[{"floor":6,"key":"REST"}],"neow_cost":"PERCENT_DAMAGE","seed_source_timestamp":1159546749397100,"circlet_count":0,"master_deck":["AscendersBane","Strike_R","Strike_R","Strike_R","Strike_R","Strike_R","Defend_R","Defend_R","Defend_R","Defend_R","Bash","Demon Form","Whirlwind","Anger","Pommel Strike","Seeing Red","Flex","Warcry"],"relics":["Burning Blood","OrangePellets","The Courier","Frozen Egg 2","Odd Mushroom"],"potions_floor_usage":[10,12,13],"damage_taken":[{"damage":8,"enemies":"2 Louse","floor":1,"turns":3},{"damage":23,"enemies":"Jaw Worm","floor":3,"turns":7},{"damage":32,"enemies":"Gremlin Nob","floor":7,"turns":4},{"damage":12,"enemies":"Small Slimes","floor":8,"turns":2},{"damage":16,"enemies":"The Mushroom Lair","floor":10,"turns":4},{"damage":24,"enemies":"Exordium Wildlife","floor":12,"turns":3},{"damage":35,"enemies":"Lagavulin","floor":13,"turns":5}],"seed_played":"-5367890942502638795","potions_obtained":[{"floor":3,"key":"BloodPotion"},{"floor":7,"key":"Strength Potion"},{"floor":12,"key":"FearPotion"}],"is_trial":false,"path_per_floor":["M","?","M","$","?","R","E","M","T","?","?","M","E"],"character_chosen":"IRONCLAD","items_purchased":["OrangePellets"],"campfire_rested":1,"item_purchase_floors":[4],"current_hp_per_floor":[48,48,31,31,20,42,16,10,10,15,40,22,0],"gold":192,"neow_bonus":"THREE_RARE_CARDS","is_prod":false,"is_daily":false,"chose_seed":false,"campfire_upgraded":0,"win_rate":0,"timestamp":1675965493,"path_taken":["M","?","M","$","?","R","E","M","T","?","?","?","E"],"build_version":"2022-12-18","purchased_purges":1,"victory":false,"max_hp_per_floor":[75,75,75,75,75,75,75,75,75,75,75,75,75],"card_choices":[{"not_picked":["Limit Break","Double Tap"],"picked":"Demon Form","floor":0},{"not_picked":["Body Slam","Wild Strike"],"picked":"Whirlwind","floor":1},{"not_picked":["Twin Strike","Warcry"],"picked":"Anger","floor":3},{"not_picked":["Warcry","Feel No Pain"],"picked":"Pommel Strike","floor":7},{"not_picked":["Berserk","Clash"],"picked":"Seeing Red","floor":8},{"not_picked":["Wild Strike","Perfected Strike"],"picked":"Flex","floor":10},{"not_picked":["Clash","Cleave"],"picked":"Warcry","floor":12}],"player_experience":2116554,"relics_obtained":[{"floor":7,"key":"The Courier"},{"floor":9,"key":"Frozen Egg 2"},{"floor":10,"key":"Odd Mushroom"}],"event_choices":[{"damage_healed":0,"gold_gain":150,"player_choice":"AGREE","damage_taken":0,"max_hp_gain":0,"max_hp_loss":0,"event_name":"Liars Game","floor":2,"gold_loss":0,"cards_obtained":["Doubt"]},{"damage_healed":0,"gold_gain":75,"player_choice":"Gather Gold","damage_taken":11,"max_hp_gain":0,"max_hp_loss":0,"event_name":"World of Goop","floor":5,"gold_loss":0},{"damage_healed":0,"gold_gain":0,"player_choice":"Fought Mushrooms","damage_taken":0,"max_hp_gain":0,"max_hp_loss":0,"event_name":"Mushrooms","floor":10,"gold_loss":0},{"damage_healed":25,"gold_gain":0,"player_choice":"Banana","damage_taken":0,"max_hp_gain":0,"max_hp_loss":0,"event_name":"Big Fish","floor":11,"gold_loss":0}],"is_beta":false,"boss_relics":[],"items_purged_floors":[4],"is_endless":false,"potions_floor_spawned":[3,7,12],"killed_by":"Lagavulin","ascension_level":20}