{"gold_per_floor":[118,129,54,64,64,64,64,64,64,64],"floor_reached":10,"playtime":150,"items_purged":[],"score":112,"play_id":"4901be64-7e10-42e6-af0a-b5c5bd527ff5","local_time":"20230130210337","is_ascension_mode":true,"campfire_choices":[{"data":"Pommel Strike","floor":6,"key":"SMITH"},{"data":"Bash","floor":8,"key":"SMITH"}],"neow_cost":"NONE","seed_source_timestamp":303191473997300,"circlet_count":0,"master_deck":["AscendersBane","Strike_R","Strike_R","Strike_R","Defend_R","Defend_R","Defend_R","Defend_R","Bash+1","Power Through","Pommel Strike+1","Shrug It Off","True Grit","Regret"],"relics":["Burning Blood","NeowsBlessing","MealTicket","Molten Egg 2"],"potions_floor_usage":[10],"damage_taken":[{"damage":0,"enemies":"Small Slimes","floor":1,"turns":1},{"damage":0,"enemies":"2 Louse","floor":2,"turns":1},{"damage":0,"enemies":"Cultist","floor":4,"turns":1},{"damage":13,"enemies":"3 Sentries","floor":10,"turns":3}],"seed_played":"-9217996968743766824","potions_obtained":[{"floor":1,"key":"SneckoOil"},{"floor":4,"key":"SteroidPotion"}],"is_trial":false,"path_per_floor":["M","M","?","M","?","R","?","R","T","E"],"character_chosen":"IRONCLAD","items_purchased":[],"campfire_rested":0,"item_purchase_floors":[],"current_hp_per_floor":[74,75,75,75,75,75,75,75,75,62],"gold":64,"neow_bonus":"THREE_ENEMY_KILL","is_prod":false,"is_daily":false,"chose_seed":false,"campfire_upgraded":2,"win_rate":0,"timestamp":1675109017,"path_taken":["M","M","?","M","?","R","?","R","T","E"],"build_version":"2022-12-18","purchased_purges":0,"victory":false,"max_hp_per_floor":[75,75,75,75,75,75,75,75,75,75],"card_choices":[{"not_picked":["Reckless Charge","Perfected Strike"],"picked":"Power Through","floor":1},{"not_picked":["Wild Strike","Body Slam"],"picked":"Pommel Strike","floor":2},{"not_picked":["Battle Trance","Clothesline"],"picked":"Shrug It Off","floor":4}],"player_experience":2076010,"relics_obtained":[{"floor":9,"key":"Molten Egg 2"}],"event_choices":[{"cards_removed":["Strike_R"],"damage_healed":0,"gold_gain":0,"player_choice":"Card Removal","damage_taken":0,"max_hp_gain":0,"max_hp_loss":0,"event_name":"The Cleric","floor":3,"gold_loss":75},{"damage_healed":0,"gold_gain":0,"cards_transformed":["Strike_R"],"player_choice":"Change","damage_taken":0,"max_hp_gain":0,"max_hp_loss":0,"event_name":"Living Wall","floor":5,"gold_loss":0,"cards_obtained":["True Grit"]},{"damage_healed":0,"gold_gain":0,"player_choice":"Box","damage_taken":0,"relics_obtained":["MealTicket"],"max_hp_gain":0,"max_hp_loss":0,"event_name":"Big Fish","floor":7,"gold_loss":0,"cards_obtained":["Regret"]}],"is_beta":false,"boss_relics":[],"items_purged_floors":[],"is_endless":false,"potions_floor_spawned":[1,4],"killed_by":"3 Sentries","ascension_level":20}