{"gold_per_floor":[109,259,259,277,288,288,288,25,25,43,78,3,17,74,74,74],"floor_reached":16,"playtime":379,"items_purged":["Strike_R"],"score":200,"play_id":"c38f73c2-8a2a-4d7d-a981-522a07f456fa","local_time":"20230202195058","is_ascension_mode":true,"campfire_choices":[{"data":"Armaments","floor":6,"key":"SMITH"},{"data":"Dual Wield","floor":15,"key":"SMITH"}],"neow_cost":"PERCENT_DAMAGE","seed_source_timestamp":557809364052900,"circlet_count":0,"master_deck":["AscendersBane","Strike_R","Strike_R","Strike_R","Defend_R","Defend_R","Defend_R","Defend_R","Bash","Body Slam","Armaments+1","Twin Strike","Bludgeon","Battle Trance","Dual Wield+1"],"relics":["Burning Blood","CaptainsWheel","Darkstone Periapt","InkBottle","Pen Nib"],"potions_floor_usage":[10,16,16],"damage_taken":[{"damage":2,"enemies":"2 Louse","floor":1,"turns":3},{"damage":12,"enemies":"Small Slimes","floor":4,"turns":4},{"damage":0,"enemies":"Jaw Worm","floor":5,"turns":4},{"damage":5,"enemies":"Exordium Thugs","floor":10,"turns":4},{"damage":16,"enemies":"Gremlin Nob","floor":11,"turns":4},{"damage":6,"enemies":"Exordium Wildlife","floor":13,"turns":3},{"damage":8,"enemies":"Gremlin Nob","floor":14,"turns":3},{"damage":51,"enemies":"Hexaghost","floor":16,"turns":11}],"seed_played":"-8847421970269714252","potions_obtained":[{"floor":1,"key":"BlessingOfTheForge"},{"floor":11,"key":"HeartOfIron"},{"floor":14,"key":"Regen Potion"}],"is_trial":false,"path_per_floor":["M","?","?","M","M","R","?","$","T","M","E","$","M","?","R","B"],"character_chosen":"IRONCLAD","items_purchased":["Darkstone Periapt"],"campfire_rested":0,"item_purchase_floors":[8],"current_hp_per_floor":[54,54,54,48,54,54,47,47,47,48,38,38,38,36,36,0],"gold":74,"neow_bonus":"ONE_RARE_RELIC","is_prod":false,"is_daily":false,"chose_seed":false,"campfire_upgraded":2,"win_rate":0,"timestamp":1675363858,"path_taken":["M","?","?","M","M","R","?","$","T","M","E","$","M","?","R","BOSS"],"build_version":"2022-12-18","purchased_purges":1,"victory":false,"max_hp_per_floor":[75,75,75,75,75,75,75,75,75,75,75,75,75,75,75,75],"card_choices":[{"not_picked":["Entrench","Perfected Strike"],"picked":"Body Slam","floor":1},{"not_picked":["True Grit","Cleave"],"picked":"Armaments","floor":4},{"not_picked":["Sword Boomerang","Heavy Blade"],"picked":"Twin Strike","floor":5},{"not_picked":["Thunderclap","Sentinel"],"picked":"Bludgeon","floor":10},{"not_picked":["Perfected Strike","Carnage"],"picked":"Battle Trance","floor":11},{"not_picked":["Iron Wave","Searing Blow","Clash"],"picked":"SKIP","floor":13},{"not_picked":["Hemokinesis","Clothesline"],"picked":"Dual Wield","floor":14}],"player_experience":2085765,"relics_obtained":[{"floor":9,"key":"InkBottle"},{"floor":14,"key":"Pen Nib"}],"event_choices":[{"damage_healed":0,"gold_gain":150,"player_choice":"AGREE","damage_taken":0,"max_hp_gain":0,"max_hp_loss":0,"event_name":"Liars Game","floor":2,"gold_loss":0,"cards_obtained":["Doubt"]},{"cards_removed":["Doubt"],"damage_healed":0,"gold_gain":0,"player_choice":"Forget","damage_taken":0,"max_hp_gain":0,"max_hp_loss":0,"event_name":"Living Wall","floor":3,"gold_loss":0},{"cards_removed":["Strike_R"],"damage_healed":0,"gold_gain":0,"player_choice":"Card Removal","damage_taken":7,"max_hp_gain":0,"max_hp_loss":0,"event_name":"Golden Wing","floor":7,"gold_loss":0},{"damage_healed":0,"gold_gain":0,"player_choice":"Searched \u00271\u0027 times","damage_taken":0,"max_hp_gain":0,"max_hp_loss":0,"event_name":"Dead Adventurer","floor":14,"gold_loss":0}],"is_beta":false,"boss_relics":[],"items_purged_floors":[12],"is_endless":false,"potions_floor_spawned":[1,11,14],"killed_by":"Hexaghost","ascension_level":20}