{"gold_per_floor":[13,13,26,26,51,51,14,55,104,123,146,184,205,244,244,338,338,363,63,86,86,86,86],"floor_reached":23,"playtime":698,"items_purged":["Strike_R"],"score":422,"play_id":"0d37836a-e953-4586-ae10-b65a12ef391b","local_time":"20230131085012","is_ascension_mode":true,"campfire_choices":[{"data":"Immolate","floor":6,"key":"SMITH"},{"data":"Armaments","floor":15,"key":"SMITH"}],"neow_cost":"NO_GOLD","seed_source_timestamp":345038913689100,"circlet_count":0,"master_deck":["AscendersBane","Strike_R","Strike_R+1","Strike_R+1","Defend_R","Defend_R","Defend_R","Defend_R","Bash","Immolate+1","Armaments+1","Sword Boomerang","True Grit","True Grit","Feel No Pain","Demon Form","Thunderclap","Barricade","Feel No Pain"],"relics":["Burning Blood","Golden Idol","Centennial Puzzle","Smiling Mask","Anchor","Omamori","Mark of Pain","Whetstone","Necronomicon"],"potions_floor_usage":[12,14,14,20],"damage_taken":[{"damage":4,"enemies":"2 Louse","floor":1,"turns":3},{"damage":0,"enemies":"Jaw Worm","floor":3,"turns":3},{"damage":7,"enemies":"Cultist","floor":5,"turns":4},{"damage":23,"enemies":"3 Sentries","floor":8,"turns":9},{"damage":3,"enemies":"Blue Slaver","floor":10,"turns":4},{"damage":0,"enemies":"2 Fungi Beasts","floor":11,"turns":1},{"damage":8,"enemies":"Gremlin Nob","floor":12,"turns":3},{"damage":1,"enemies":"Looter","floor":13,"turns":3},{"damage":15,"enemies":"Lagavulin","floor":14,"turns":6},{"damage":19,"enemies":"Hexaghost","floor":16,"turns":8},{"damage":18,"enemies":"Shell Parasite","floor":18,"turns":6},{"damage":21,"enemies":"3 Byrds","floor":20,"turns":4},{"damage":43,"enemies":"Book of Stabbing","floor":23,"turns":5}],"seed_played":"-596514399429588153","potions_obtained":[{"floor":8,"key":"Strength Potion"},{"floor":10,"key":"SmokeBomb"},{"floor":12,"key":"AttackPotion"},{"floor":13,"key":"BlessingOfTheForge"},{"floor":16,"key":"Regen Potion"}],"is_trial":false,"path_per_floor":["M","?","M","?","M","R","$","E","T","M","M","E","M","E","R","B",null,"M","$","M","?","?","E"],"character_chosen":"IRONCLAD","items_purchased":["Feel No Pain","Whetstone","Feel No Pain"],"campfire_rested":0,"item_purchase_floors":[7,19,19],"current_hp_per_floor":[70,70,75,49,48,48,48,31,31,34,40,38,43,34,34,21,62,50,50,47,26,41,0],"gold":86,"neow_bonus":"THREE_RARE_CARDS","is_prod":false,"is_daily":false,"chose_seed":false,"campfire_upgraded":2,"win_rate":0,"timestamp":1675151412,"path_taken":["M","?","M","?","M","R","?","E","T","?","?","E","M","E","R","BOSS","M","$","M","?","?","E"],"build_version":"2022-12-18","purchased_purges":1,"victory":false,"max_hp_per_floor":[75,75,75,75,75,75,75,75,75,75,75,75,75,75,75,75,75,75,75,75,75,75,75],"card_choices":[{"not_picked":["Exhume","Corruption"],"picked":"Immolate","floor":0},{"not_picked":["Twin Strike","Anger"],"picked":"Armaments","floor":1},{"not_picked":["Blood for Blood","Armaments"],"picked":"True Grit","floor":3},{"not_picked":["Flex","Power Through"],"picked":"True Grit","floor":5},{"not_picked":["Blood for Blood","Warcry"],"picked":"Demon Form","floor":8},{"not_picked":["True Grit","Clash"],"picked":"Thunderclap","floor":10},{"not_picked":["Anger","True Grit","Sword Boomerang"],"picked":"SKIP","floor":11},{"not_picked":["Perfected Strike","Bludgeon","Pommel Strike"],"picked":"SKIP","floor":12},{"not_picked":["Warcry","Iron Wave","Clothesline"],"picked":"SKIP","floor":13},{"not_picked":["Ghostly Armor","Flex","Perfected Strike"],"picked":"SKIP","floor":14},{"not_picked":["Impervious","Limit Break"],"picked":"Barricade","floor":16},{"not_picked":["Rampage","Perfected Strike","Clothesline"],"picked":"SKIP","floor":18},{"not_picked":["Clash","Clothesline","Shrug It Off"],"picked":"SKIP","floor":20}],"player_experience":2080971,"relics_obtained":[{"floor":8,"key":"Centennial Puzzle"},{"floor":9,"key":"Smiling Mask"},{"floor":12,"key":"Anchor"},{"floor":14,"key":"Omamori"},{"floor":21,"key":"Necronomicon"}],"event_choices":[{"damage_healed":0,"gold_gain":0,"cards_transformed":["Strike_R"],"player_choice":"Change","damage_taken":0,"max_hp_gain":0,"max_hp_loss":0,"event_name":"Living Wall","floor":2,"gold_loss":0,"cards_obtained":["Sword Boomerang"]},{"damage_healed":0,"gold_gain":0,"player_choice":"Take Damage","damage_taken":26,"relics_obtained":["Golden Idol"],"max_hp_gain":0,"max_hp_loss":0,"event_name":"Golden Idol","floor":4,"gold_loss":0},{"damage_healed":0,"gold_gain":0,"player_choice":"Obtained Book","damage_taken":21,"max_hp_gain":0,"max_hp_loss":0,"event_name":"Cursed Tome","floor":21,"gold_loss":0},{"damage_healed":15,"gold_gain":0,"player_choice":"Heal","damage_taken":0,"max_hp_gain":0,"max_hp_loss":0,"event_name":"The Library","floor":22,"gold_loss":0}],"is_beta":false,"boss_relics":[{"not_picked":["SlaversCollar","Sozu"],"picked":"Mark of Pain"}],"items_purged_floors":[19],"is_endless":false,"potions_floor_spawned":[8,10,12,13,16],"killed_by":"Book of Stabbing","ascension_level":20}