{"gold_per_floor":[109,34,34,47,66,100,100,110,110,435,435],"floor_reached":11,"playtime":278,"items_purged":[],"score":166,"play_id":"37adba69-3f2f-4d8e-b797-b5bfb2a1eef3","local_time":"20230205130537","is_ascension_mode":true,"campfire_choices":[],"neow_cost":"NONE","seed_source_timestamp":792794138542900,"circlet_count":0,"master_deck":["AscendersBane","Strike_R","Strike_R","Strike_R","Strike_R","Defend_R","Defend_R","Defend_R","Defend_R","Bash","Pommel Strike+1","Shrug It Off","Feel No Pain","Warcry","Body Slam","Entrench"],"relics":["Burning Blood","NeowsBlessing","Frozen Egg 2","Calipers","Old Coin"],"potions_floor_usage":[6,10,11,11],"damage_taken":[{"damage":0,"enemies":"2 Louse","floor":1,"turns":1},{"damage":0,"enemies":"Small Slimes","floor":4,"turns":1},{"damage":0,"enemies":"Cultist","floor":5,"turns":1},{"damage":7,"enemies":"3 Sentries","floor":6,"turns":5},{"damage":11,"enemies":"Blue Slaver","floor":8,"turns":6},{"damage":63,"enemies":"Lagavulin","floor":10,"turns":8},{"damage":24,"enemies":"Gremlin Gang","floor":11,"turns":3}],"seed_played":"3378052453877849792","potions_obtained":[{"floor":3,"key":"PowerPotion"},{"floor":3,"key":"SmokeBomb"},{"floor":6,"key":"LiquidMemories"},{"floor":8,"key":"Regen Potion"},{"floor":10,"key":"Block Potion"}],"is_trial":false,"path_per_floor":["M","?","?","M","M","E","?","M","T","E","M"],"character_chosen":"IRONCLAD","items_purchased":[],"campfire_rested":0,"item_purchase_floors":[],"current_hp_per_floor":[74,74,74,75,75,74,74,69,69,12,0],"gold":435,"neow_bonus":"THREE_ENEMY_KILL","is_prod":false,"is_daily":false,"chose_seed":false,"campfire_upgraded":0,"win_rate":0,"timestamp":1675598737,"path_taken":["M","?","?","M","?","E","?","?","T","E","M"],"build_version":"2022-12-18","purchased_purges":0,"victory":false,"max_hp_per_floor":[75,75,75,75,75,75,75,75,75,75,75],"card_choices":[{"not_picked":["Iron Wave","Sword Boomerang"],"picked":"Pommel Strike","floor":1},{"not_picked":["Battle Trance","Thunderclap"],"picked":"Shrug It Off","floor":4},{"not_picked":["Warcry","Perfected Strike"],"picked":"Feel No Pain","floor":5},{"not_picked":["Bloodletting","Wild Strike"],"picked":"Warcry","floor":6},{"not_picked":["Iron Wave","Clash"],"picked":"Body Slam","floor":8},{"not_picked":["Armaments","Ghostly Armor"],"picked":"Entrench","floor":10}],"player_experience":2100019,"relics_obtained":[{"floor":6,"key":"Frozen Egg 2"},{"floor":9,"key":"Calipers"},{"floor":10,"key":"Old Coin"}],"event_choices":[{"cards_removed":["Strike_R"],"damage_healed":0,"gold_gain":0,"player_choice":"Card Removal","damage_taken":0,"max_hp_gain":0,"max_hp_loss":0,"event_name":"The Cleric","floor":2,"gold_loss":75},{"damage_healed":0,"gold_gain":0,"player_choice":"Got Potions","damage_taken":0,"max_hp_gain":0,"max_hp_loss":0,"event_name":"Lab","floor":3,"gold_loss":0},{"damage_healed":0,"gold_gain":0,"player_choice":"Upgraded","damage_taken":0,"max_hp_gain":0,"max_hp_loss":0,"event_name":"Upgrade Shrine","floor":7,"gold_loss":0,"cards_upgraded":["Pommel Strike"]}],"is_beta":false,"boss_relics":[],"items_purged_floors":[],"is_endless":false,"potions_floor_spawned":[4,6,8,10],"killed_by":"Gremlin Gang","ascension_level":20}