{"gold_per_floor":[116,116,116,41,51,76,226,226,226,36,36,64,64,81,81,158,158,175,10,60,60,77,77],"floor_reached":23,"playtime":1375,"items_purged":["Regret","Doubt"],"score":390,"play_id":"18e063b5-b108-4ae9-a25d-8c3a8c3d137b","local_time":"20230202211507","is_ascension_mode":true,"campfire_choices":[{"data":"Perfected Strike","floor":8,"key":"SMITH"},{"floor":11,"key":"REST"},{"data":"Perfected Strike","floor":13,"key":"SMITH"},{"data":"Bash","floor":15,"key":"SMITH"}],"neow_cost":"PERCENT_DAMAGE","seed_source_timestamp":561862073056200,"circlet_count":0,"master_deck":["AscendersBane","Strike_R","Strike_R","Strike_R","Strike_R+1","Strike_R","Defend_R+1","Defend_R","Defend_R","Defend_R","Bash+1","Impervious","Pommel Strike","Perfected Strike+1","Impatience","Perfected Strike+1","Pommel Strike","Demon Form","Dual Wield","Twin Strike"],"relics":["Burning Blood","WingedGreaves","Ancient Tea Set","Orichalcum","Vajra","SacredBark","Lee\u0027s Waffle"],"potions_floor_usage":[16,18],"damage_taken":[{"damage":1,"enemies":"Small Slimes","floor":1,"turns":5},{"damage":0,"enemies":"2 Louse","floor":5,"turns":3},{"damage":8,"enemies":"Gremlin Nob","floor":6,"turns":3},{"damage":20,"enemies":"3 Sentries","floor":12,"turns":7},{"damage":2,"enemies":"Jaw Worm","floor":14,"turns":2},{"damage":43,"enemies":"The Guardian","floor":16,"turns":11},{"damage":43,"enemies":"3 Byrds","floor":18,"turns":7},{"damage":21,"enemies":"Spheric Guardian","floor":22,"turns":5},{"damage":82,"enemies":"Slavers","floor":23,"turns":6}],"seed_played":"6860812498559885558","potions_obtained":[{"floor":5,"key":"GamblersBrew"},{"floor":6,"key":"SpeedPotion"},{"floor":16,"key":"SkillPotion"}],"is_trial":false,"path_per_floor":["M","?","?","$","M","E","?","R","T","$","R","E","R","M","R","B",null,"M","$","?","?","M","E"],"character_chosen":"IRONCLAD","items_purchased":["Impatience","Lee\u0027s Waffle"],"campfire_rested":1,"item_purchase_floors":[10,19],"current_hp_per_floor":[55,55,32,32,38,36,36,36,36,36,58,44,44,48,48,11,59,22,82,82,92,77,0],"gold":77,"neow_bonus":"THREE_RARE_CARDS","is_prod":false,"is_daily":false,"chose_seed":false,"campfire_upgraded":3,"win_rate":0,"timestamp":1675368907,"path_taken":["M","?","?","?","?","E","?","R","T","$","R","E","R","M","R","BOSS","M","$","?","?","?","E"],"build_version":"2022-12-18","purchased_purges":2,"victory":false,"max_hp_per_floor":[75,75,75,75,75,75,75,75,75,75,75,75,75,75,75,75,75,75,82,82,92,92,92],"card_choices":[{"not_picked":["Berserk","Brutality"],"picked":"Impervious","floor":0},{"not_picked":["Flex","Wild Strike"],"picked":"Pommel Strike","floor":1},{"not_picked":["Twin Strike","Wild Strike"],"picked":"Perfected Strike","floor":5},{"not_picked":["Clash","Intimidate"],"picked":"Double Tap","floor":6},{"not_picked":["Hemokinesis","Seeing Red"],"picked":"Perfected Strike","floor":12},{"not_picked":["Wild Strike","Havoc"],"picked":"Pommel Strike","floor":14},{"not_picked":["Fiend Fire","Corruption"],"picked":"Demon Form","floor":16},{"not_picked":["Sword Boomerang","Fire Breathing"],"picked":"Dual Wield","floor":18},{"not_picked":["Body Slam","Hemokinesis+1"],"picked":"Twin Strike","floor":22}],"player_experience":2089247,"relics_obtained":[{"floor":6,"key":"Ancient Tea Set"},{"floor":9,"key":"Orichalcum"},{"floor":12,"key":"Vajra"}],"event_choices":[{"damage_healed":0,"gold_gain":0,"player_choice":"Box","damage_taken":0,"relics_obtained":["WingedGreaves"],"max_hp_gain":0,"max_hp_loss":0,"event_name":"Big Fish","floor":2,"gold_loss":0,"cards_obtained":["Regret"]},{"damage_healed":0,"gold_gain":0,"player_choice":"Entered Light","damage_taken":23,"max_hp_gain":0,"max_hp_loss":0,"event_name":"Shining Light","floor":3,"gold_loss":0,"cards_upgraded":["Strike_R","Defend_R"]},{"damage_healed":0,"gold_gain":150,"player_choice":"AGREE","damage_taken":0,"max_hp_gain":0,"max_hp_loss":0,"event_name":"Liars Game","floor":7,"gold_loss":0,"cards_obtained":["Doubt"]},{"damage_healed":0,"gold_gain":50,"player_choice":"Stole From Cult","damage_taken":0,"max_hp_gain":0,"max_hp_loss":0,"event_name":"Nest","floor":20,"gold_loss":0},{"cards_removed":["Double Tap"],"damage_healed":0,"gold_gain":0,"player_choice":"Offered Rare","damage_taken":0,"max_hp_gain":10,"max_hp_loss":0,"event_name":"Bonfire Elementals","floor":21,"gold_loss":0}],"is_beta":false,"boss_relics":[{"not_picked":["Fusion Hammer","Coffee Dripper"],"picked":"SacredBark"}],"items_purged_floors":[4,10],"is_endless":false,"potions_floor_spawned":[5,6,16],"killed_by":"Slavers","ascension_level":20}