{"gold_per_floor":[119,119,119,44,44,44,62,20,20,20,48,67,97,109,109,188,188,200,228,153,66,66,66,93,93,166,183,183,209,209,228,228,228],"floor_reached":33,"playtime":893,"items_purged":[],"score":653,"play_id":"063d02de-c8b9-41a7-b7c8-2f540b1c68e8","local_time":"20230209185308","is_ascension_mode":true,"campfire_choices":[{"data":"Bash","floor":6,"key":"SMITH"},{"data":"Shockwave","floor":10,"key":"SMITH"},{"data":"Inflame","floor":15,"key":"SMITH"},{"data":"Juggernaut","floor":23,"key":"SMITH"},{"floor":25,"key":"REST"},{"floor":28,"key":"REST"},{"data":"Feel No Pain","floor":32,"key":"SMITH"}],"neow_cost":"NONE","seed_source_timestamp":1158635578682200,"circlet_count":0,"master_deck":["AscendersBane","Strike_R","Strike_R+1","Strike_R","Strike_R+1","Defend_R","Defend_R","Defend_R","Defend_R","Bash+1","Ghostly Armor","Wild Strike","Shockwave+1","Inflame+1","Feel No Pain+1","Corruption","Burning Pact","Juggernaut+1","Wild Strike+1","Metallicize","Disarm","Battle Trance","Shrug It Off","Intimidate"],"relics":["Burning Blood","NeowsBlessing","Pen Nib","Question Card","Akabeko","Red Skull","Philosopher\u0027s Stone","Red Mask","Gremlin Horn","Pear","Torii"],"potions_floor_usage":[16,24,31,33,33],"damage_taken":[{"damage":0,"enemies":"2 Louse","floor":1,"turns":1},{"damage":0,"enemies":"Small Slimes","floor":7,"turns":1},{"damage":0,"enemies":"Lagavulin","floor":11,"turns":1},{"damage":4,"enemies":"Jaw Worm","floor":12,"turns":5},{"damage":15,"enemies":"3 Sentries","floor":13,"turns":5},{"damage":13,"enemies":"2 Fungi Beasts","floor":14,"turns":4},{"damage":20,"enemies":"Hexaghost","floor":16,"turns":8},{"damage":9,"enemies":"Chosen","floor":18,"turns":5},{"damage":33,"enemies":"Masked Bandits","floor":19,"turns":5},{"damage":46,"enemies":"Slavers","floor":24,"turns":5},{"damage":11,"enemies":"Shell Parasite","floor":27,"turns":4},{"damage":22,"enemies":"Gremlin Leader","floor":29,"turns":4},{"damage":23,"enemies":"3 Cultists","floor":31,"turns":5},{"damage":78,"enemies":"Collector","floor":33,"turns":9}],"seed_played":"-5055033445319587496","potions_obtained":[{"floor":11,"key":"Ancient Potion"},{"floor":14,"key":"SteroidPotion"},{"floor":16,"key":"ElixirPotion"},{"floor":24,"key":"BlessingOfTheForge"},{"floor":29,"key":"DuplicationPotion"},{"floor":31,"key":"Weak Potion"}],"is_trial":false,"path_per_floor":["M","?","?","?","?","R","M","$","T","R","E","M","E","M","R","B",null,"M","?","?","$","?","R","E","R","T","M","R","E","?","M","R","B"],"character_chosen":"IRONCLAD","items_purchased":["Shockwave","Disarm"],"campfire_rested":2,"item_purchase_floors":[8,21],"current_hp_per_floor":[74,74,51,51,51,51,57,57,57,57,63,65,56,49,49,35,65,62,35,35,35,50,50,10,32,42,37,62,46,95,78,78,0],"gold":228,"neow_bonus":"THREE_ENEMY_KILL","is_prod":false,"is_daily":false,"chose_seed":false,"campfire_upgraded":5,"win_rate":0,"timestamp":1675965188,"path_taken":["M","?","?","?","?","R","M","$","T","R","E","M","E","M","R","BOSS","M","?","?","$","?","R","E","R","T","M","R","E","?","?","R","BOSS"],"build_version":"2022-12-18","purchased_purges":0,"victory":false,"max_hp_per_floor":[75,75,75,75,75,75,75,75,75,75,75,75,75,75,75,75,75,75,75,75,75,75,75,75,75,85,85,85,85,95,95,95,95],"card_choices":[{"not_picked":["Thunderclap","Twin Strike"],"picked":"Ghostly Armor","floor":1},{"not_picked":["Dual Wield","Heavy Blade"],"picked":"Wild Strike","floor":7},{"not_picked":["Rupture","Wild Strike","Intimidate"],"picked":"Inflame","floor":11},{"not_picked":["Sever Soul","Iron Wave","Evolve"],"picked":"Feel No Pain","floor":12},{"not_picked":["Wild Strike","Dark Embrace","Twin Strike"],"picked":"Corruption","floor":13},{"not_picked":["Uppercut","True Grit","Whirlwind"],"picked":"Burning Pact","floor":14},{"not_picked":["Corruption","Feed","Demon Form"],"picked":"Juggernaut","floor":16},{"not_picked":["Iron Wave","Rampage","Perfected Strike"],"picked":"Wild Strike+1","floor":18},{"not_picked":["Dual Wield","Shockwave","Blood for Blood+1"],"picked":"Metallicize","floor":19},{"not_picked":["Warcry","Thunderclap","Anger+1"],"picked":"Battle Trance","floor":24},{"not_picked":["Sword Boomerang","Clothesline","Body Slam"],"picked":"Shrug It Off","floor":27},{"not_picked":["Havoc","Iron Wave","Twin Strike"],"picked":"Berserk","floor":29},{"not_picked":["Carnage+1","Spot Weakness","Shockwave"],"picked":"Intimidate","floor":31}],"player_experience":2115661,"relics_obtained":[{"floor":9,"key":"Question Card"},{"floor":11,"key":"Akabeko"},{"floor":13,"key":"Red Skull"},{"floor":19,"key":"Red Mask"},{"floor":24,"key":"Gremlin Horn"},{"floor":26,"key":"Pear"},{"floor":29,"key":"Torii"}],"event_choices":[{"damage_healed":0,"gold_gain":0,"player_choice":"Box","damage_taken":0,"relics_obtained":["Pen Nib"],"max_hp_gain":0,"max_hp_loss":0,"event_name":"Big Fish","floor":2,"gold_loss":0,"cards_obtained":["Regret"]},{"damage_healed":0,"gold_gain":0,"player_choice":"Entered Light","damage_taken":23,"max_hp_gain":0,"max_hp_loss":0,"event_name":"Shining Light","floor":3,"gold_loss":0,"cards_upgraded":["Strike_R","Strike_R"]},{"cards_removed":["Regret"],"damage_healed":0,"gold_gain":0,"player_choice":"Card Removal","damage_taken":0,"max_hp_gain":0,"max_hp_loss":0,"event_name":"The Cleric","floor":4,"gold_loss":75},{"damage_healed":0,"gold_gain":0,"player_choice":"Ignored","damage_taken":0,"max_hp_gain":0,"max_hp_loss":0,"event_name":"Liars Game","floor":5,"gold_loss":0},{"damage_healed":0,"gold_gain":0,"player_choice":"Fought Bandits","damage_taken":0,"max_hp_gain":0,"max_hp_loss":0,"event_name":"Masked Bandits","floor":19,"gold_loss":0},{"cards_removed":["Strike_R"],"damage_healed":0,"gold_gain":0,"player_choice":"Gave Gold","damage_taken":0,"max_hp_gain":0,"max_hp_loss":0,"event_name":"Beggar","floor":20,"gold_loss":75},{"damage_healed":15,"gold_gain":0,"player_choice":"Heal","damage_taken":0,"max_hp_gain":0,"max_hp_loss":0,"event_name":"The Library","floor":22,"gold_loss":0},{"cards_removed":["Berserk"],"damage_healed":39,"gold_gain":0,"player_choice":"Offered Rare","damage_taken":0,"max_hp_gain":10,"max_hp_loss":0,"event_name":"Bonfire Elementals","floor":30,"gold_loss":0}],"is_beta":false,"boss_relics":[{"not_picked":["SacredBark","Runic Cube"],"picked":"Philosopher\u0027s Stone"}],"items_purged_floors":[],"is_endless":false,"potions_floor_spawned":[11,14,16,18,24,29,31],"killed_by":"Collector","ascension_level":20}