{"gold_per_floor":[115,14,29,29,46,78,78,113,160,188,188,83,63,63,63,138,138,138,138,98,98,112,112],"floor_reached":23,"playtime":775,"items_purged":[],"score":414,"play_id":"688fef87-982e-4107-b23f-d33f5b955880","local_time":"20230131133801","is_ascension_mode":true,"campfire_choices":[{"data":"Clothesline","floor":7,"key":"SMITH"},{"floor":11,"key":"REST"},{"data":"Body Slam","floor":15,"key":"SMITH"}],"neow_cost":"NONE","seed_source_timestamp":4459433645300,"circlet_count":0,"master_deck":["AscendersBane","Strike_R","Strike_R","Strike_R","Strike_R","Strike_R","Defend_R","Defend_R","Defend_R","Defend_R","Bash","Clothesline+1","Madness","Ghostly Armor","Body Slam+1","Impervious","Rage","Brutality","Demon Form","Shrug It Off","RitualDagger","Sword Boomerang"],"relics":["Burning Blood","NeowsBlessing","Gremlin Horn","Red Skull","Juzu Bracelet","Anchor","Black Star"],"potions_floor_usage":[8,16,18,23],"damage_taken":[{"damage":0,"enemies":"Small Slimes","floor":1,"turns":1},{"damage":0,"enemies":"Cultist","floor":3,"turns":1},{"damage":1,"enemies":"2 Louse","floor":5,"turns":2},{"damage":25,"enemies":"3 Sentries","floor":6,"turns":14},{"damage":44,"enemies":"Lagavulin","floor":8,"turns":9},{"damage":19,"enemies":"Gremlin Nob","floor":10,"turns":4},{"damage":15,"enemies":"Hexaghost","floor":16,"turns":9},{"damage":0,"enemies":"3 Byrds","floor":18,"turns":1},{"damage":1,"enemies":"2 Thieves","floor":20,"turns":5},{"damage":65,"enemies":"Cultist and Chosen","floor":22,"turns":8},{"damage":61,"enemies":"Slavers","floor":23,"turns":3}],"seed_played":"5905625443979671460","potions_obtained":[{"floor":5,"key":"FairyPotion"},{"floor":6,"key":"SkillPotion"},{"floor":16,"key":"SmokeBomb"},{"floor":20,"key":"Regen Potion"}],"is_trial":false,"path_per_floor":["M","$","M","?","M","E","R","E","T","E","R","$","?","?","R","B",null,"M","?","M","?","M","E"],"character_chosen":"IRONCLAD","items_purchased":["Madness","CultistPotion"],"campfire_rested":1,"item_purchase_floors":[2,12],"current_hp_per_floor":[74,74,75,85,85,66,66,28,28,15,40,40,40,40,40,31,72,78,78,83,77,18,0],"gold":112,"neow_bonus":"THREE_ENEMY_KILL","is_prod":false,"is_daily":false,"chose_seed":false,"campfire_upgraded":2,"win_rate":0,"timestamp":1675168681,"path_taken":["M","$","M","?","?","E","R","E","T","E","R","$","?","?","R","BOSS","M","?","M","?","M","E"],"build_version":"2022-12-18","purchased_purges":0,"victory":false,"max_hp_per_floor":[75,75,75,85,85,85,85,85,85,85,85,85,85,85,85,85,85,85,85,85,85,85,85],"card_choices":[{"not_picked":["Armaments","Anger"],"picked":"Clothesline","floor":1},{"not_picked":["Intimidate","Clothesline"],"picked":"Barricade","floor":3},{"not_picked":["Clash","Headbutt"],"picked":"Ghostly Armor","floor":5},{"not_picked":["Twin Strike","Power Through"],"picked":"Body Slam","floor":6},{"not_picked":["Warcry","Pommel Strike"],"picked":"Impervious","floor":8},{"not_picked":["True Grit","Combust"],"picked":"Rage","floor":10},{"not_picked":["Limit Break","Berserk"],"picked":"Demon Form","floor":16},{"not_picked":["Wild Strike","Spot Weakness","Perfected Strike"],"picked":"SKIP","floor":20},{"not_picked":["Flex","Sever Soul"],"picked":"Sword Boomerang","floor":22}],"player_experience":2082371,"relics_obtained":[{"floor":6,"key":"Gremlin Horn"},{"floor":8,"key":"Red Skull"},{"floor":9,"key":"Juzu Bracelet"},{"floor":10,"key":"Anchor"}],"event_choices":[{"cards_removed":["Barricade"],"damage_healed":0,"gold_gain":0,"player_choice":"Offered Rare","damage_taken":0,"max_hp_gain":10,"max_hp_loss":0,"event_name":"Bonfire Elementals","floor":4,"gold_loss":0},{"damage_healed":0,"gold_gain":0,"player_choice":"Bought 1 Potion","damage_taken":0,"max_hp_gain":0,"max_hp_loss":0,"event_name":"The Woman in Blue","floor":13,"gold_loss":0},{"damage_healed":0,"gold_gain":0,"player_choice":"1 cards matched","damage_taken":0,"max_hp_gain":0,"max_hp_loss":0,"event_name":"Match and Keep!","floor":14,"gold_loss":0,"cards_obtained":["Brutality"]},{"damage_healed":0,"gold_gain":0,"player_choice":"Read","damage_taken":0,"max_hp_gain":0,"max_hp_loss":0,"event_name":"The Library","floor":19,"gold_loss":0,"cards_obtained":["Shrug It Off"]},{"damage_healed":0,"gold_gain":0,"player_choice":"Joined the Cult","damage_taken":6,"max_hp_gain":0,"max_hp_loss":0,"event_name":"Nest","floor":21,"gold_loss":0,"cards_obtained":["RitualDagger"]}],"is_beta":false,"boss_relics":[{"not_picked":["SlaversCollar","Runic Cube"],"picked":"Black Star"}],"items_purged_floors":[],"is_endless":false,"potions_floor_spawned":[5,6,16,18,20],"killed_by":"Slavers","ascension_level":20}