{"gold_per_floor":[115,40,54,54,65,92,104,114,169,169,169,203,203,217,217,307,307,327,327,252,252,271,271,305,220,275,37,55,55,55,70,70,146,146,159,159,159,178,197,233,261,261],"floor_reached":42,"playtime":1343,"items_purged":["Strike_R"],"score":1066,"play_id":"677e6e05-9c5e-4d82-a4f8-e39cc01a8903","local_time":"20230130215955","is_ascension_mode":true,"campfire_choices":[{"data":"Armaments","floor":15,"key":"SMITH"},{"data":"Rupture","floor":23,"key":"SMITH"},{"data":"Demon Form","floor":30,"key":"SMITH"},{"floor":32,"key":"REST"}],"neow_cost":"NONE","seed_source_timestamp":305375398474500,"circlet_count":0,"master_deck":["AscendersBane","Strike_R","Defend_R","Defend_R","Defend_R","Defend_R","Power Through","Dark Embrace","Armaments+1","Thunderclap+1","Pommel Strike+1","Bludgeon+1","Demon Form+1","Rage+1","Offering","Offering","Rupture+1","Sword Boomerang+1","Evolve","Rupture","Limit Break","Pommel Strike+1","Exhume","Rage","Feel No Pain"],"relics":["Burning Blood","NeowsBlessing","Oddly Smooth Stone","Molten Egg 2","Bag of Preparation","Bloody Idol","Dream Catcher","Paper Frog","Runic Dome","Letter Opener","Red Skull","Art of War","Toolbox","SacredBark","CeramicFish"],"potions_floor_usage":[6,12,16,22,24,40,42],"damage_taken":[{"damage":0,"enemies":"Jaw Worm","floor":1,"turns":1},{"damage":0,"enemies":"2 Louse","floor":3,"turns":1},{"damage":0,"enemies":"Small Slimes","floor":5,"turns":2},{"damage":0,"enemies":"3 Sentries","floor":6,"turns":13},{"damage":20,"enemies":"3 Louse","floor":7,"turns":5},{"damage":0,"enemies":"2 Fungi Beasts","floor":8,"turns":2},{"damage":32,"enemies":"Gremlin Nob","floor":12,"turns":6},{"damage":0,"enemies":"Exordium Wildlife","floor":14,"turns":3},{"damage":11,"enemies":"The Guardian","floor":16,"turns":12},{"damage":14,"enemies":"Spheric Guardian","floor":18,"turns":4},{"damage":24,"enemies":"3 Byrds","floor":22,"turns":5},{"damage":45,"enemies":"Gremlin Leader","floor":24,"turns":4},{"damage":6,"enemies":"Snecko","floor":28,"turns":2},{"damage":6,"enemies":"Centurion and Healer","floor":31,"turns":2},{"damage":12,"enemies":"Collector","floor":33,"turns":4},{"damage":20,"enemies":"3 Shapes","floor":35,"turns":4},{"damage":23,"enemies":"3 Darklings","floor":38,"turns":3},{"damage":53,"enemies":"Maw","floor":39,"turns":7},{"damage":20,"enemies":"Nemesis","floor":40,"turns":3},{"damage":18,"enemies":"Spire Growth","floor":41,"turns":3},{"damage":37,"enemies":"Reptomancer","floor":42,"turns":2}],"seed_played":"-3053951000721286386","potions_obtained":[{"floor":1,"key":"HeartOfIron"},{"floor":3,"key":"Regen Potion"},{"floor":7,"key":"Ancient Potion"},{"floor":12,"key":"DistilledChaos"},{"floor":18,"key":"BlessingOfTheForge"},{"floor":28,"key":"ColorlessPotion"},{"floor":33,"key":"Explosive Potion"},{"floor":35,"key":"CultistPotion"},{"floor":37,"key":"Dexterity Potion"},{"floor":39,"key":"Regen Potion"},{"floor":41,"key":"ColorlessPotion"}],"is_trial":false,"path_per_floor":["M","?","M","?","M","E","M","M","T","?","?","E","T","M","R","B",null,"M","?","?","?","M","R","E","?","T","$","M","$","R","M","R","B",null,"M","?","?","M","M","E","M","E"],"character_chosen":"IRONCLAD","items_purchased":["Toolbox"],"campfire_rested":1,"item_purchase_floors":[27],"current_hp_per_floor":[74,74,75,57,63,69,55,61,61,61,66,40,40,46,46,41,70,62,62,62,62,49,49,24,24,29,29,34,34,34,39,63,62,76,67,67,67,55,13,28,26,0],"gold":261,"neow_bonus":"THREE_ENEMY_KILL","is_prod":false,"is_daily":false,"chose_seed":false,"campfire_upgraded":3,"win_rate":0,"timestamp":1675112395,"path_taken":["M","?","M","?","?","E","M","M","T","?","?","E","?","M","R","BOSS","M","?","?","?","M","R","E","?","T","$","?","$","R","M","R","BOSS","M","?","?","M","M","E","?","E"],"build_version":"2022-12-18","purchased_purges":1,"victory":false,"max_hp_per_floor":[75,75,75,75,75,75,75,75,75,75,80,80,80,80,80,80,80,80,80,80,80,80,80,80,80,80,80,80,80,80,80,80,80,80,80,80,80,80,80,80,80,80],"card_choices":[{"not_picked":["Warcry","Anger"],"picked":"Power Through","floor":1},{"not_picked":["Clash","Ghostly Armor"],"picked":"Dark Embrace","floor":3},{"not_picked":["Combust","Headbutt"],"picked":"Armaments","floor":5},{"not_picked":["Anger+1","Sever Soul+1"],"picked":"Thunderclap+1","floor":6},{"not_picked":["Wild Strike+1","Carnage+1"],"picked":"Pommel Strike+1","floor":7},{"not_picked":["Clothesline+1","Pommel Strike+1"],"picked":"Bludgeon+1","floor":8},{"not_picked":["Thunderclap+1","Entrench","Sword Boomerang+1"],"picked":"SKIP","floor":12},{"not_picked":["Uppercut+1","Sever Soul+1","Sword Boomerang+1"],"picked":"SKIP","floor":14},{"not_picked":["Limit Break","Double Tap"],"picked":"Demon Form","floor":16},{"not_picked":["Shockwave","Carnage+1"],"picked":"Rage+1","floor":18},{"not_picked":["Cleave+1","Havoc"],"picked":"Rupture","floor":22},{"not_picked":["Warcry","Rampage+1","Dropkick+1"],"picked":"SKIP","floor":24},{"not_picked":["Wild Strike+1","Clash+1"],"picked":"Sword Boomerang+1","floor":28},{"not_picked":["Flex","Evolve","Anger+1"],"picked":"SKIP","floor":31},{"not_picked":["Flex","Anger+1"],"picked":"Evolve","floor":31},{"not_picked":["True Grit","Havoc"],"picked":"Rupture","floor":32},{"not_picked":["Exhume","Brutality"],"picked":"Limit Break","floor":33},{"not_picked":["Headbutt+1","True Grit"],"picked":"Pommel Strike+1","floor":35},{"not_picked":["Iron Wave+1","Havoc","Armaments+1"],"picked":"SKIP","floor":38},{"not_picked":["Wild Strike+1","Dark Embrace"],"picked":"Exhume","floor":39},{"not_picked":["Rampage+1","Reckless Charge+1"],"picked":"Rage","floor":40},{"not_picked":["Flex","Burning Pact+1"],"picked":"Feel No Pain","floor":41}],"player_experience":2078102,"relics_obtained":[{"floor":6,"key":"Molten Egg 2"},{"floor":9,"key":"Bag of Preparation"},{"floor":12,"key":"Dream Catcher"},{"floor":13,"key":"Paper Frog"},{"floor":24,"key":"Letter Opener"},{"floor":26,"key":"Art of War"},{"floor":40,"key":"CeramicFish"}],"event_choices":[{"cards_removed":["Strike_R"],"damage_healed":0,"gold_gain":0,"player_choice":"Card Removal","damage_taken":0,"max_hp_gain":0,"max_hp_loss":0,"event_name":"The Cleric","floor":2,"gold_loss":75},{"damage_healed":0,"gold_gain":0,"player_choice":"Success","damage_taken":18,"relics_obtained":["Oddly Smooth Stone"],"max_hp_gain":0,"max_hp_loss":0,"event_name":"Scrap Ooze","floor":4,"gold_loss":0},{"damage_healed":0,"gold_gain":0,"player_choice":"Take Wound","damage_taken":0,"relics_obtained":["Golden Idol"],"max_hp_gain":0,"max_hp_loss":0,"event_name":"Golden Idol","floor":10,"gold_loss":0,"cards_obtained":["Injury"]},{"damage_healed":0,"gold_gain":0,"player_choice":"Donut","damage_taken":0,"max_hp_gain":5,"max_hp_loss":0,"event_name":"Big Fish","floor":11,"gold_loss":0},{"damage_healed":0,"gold_gain":0,"player_choice":"Gave Idol","damage_taken":0,"relics_obtained":["Bloody Idol"],"max_hp_gain":0,"max_hp_loss":0,"event_name":"Forgotten Altar","floor":19,"relics_lost":["Golden Idol"],"gold_loss":0},{"cards_removed":["Injury"],"damage_healed":0,"gold_gain":0,"player_choice":"Gave Gold","damage_taken":0,"max_hp_gain":0,"max_hp_loss":0,"event_name":"Beggar","floor":20,"gold_loss":75},{"damage_healed":0,"gold_gain":0,"cards_transformed":["Strike_R","Strike_R"],"player_choice":"Became Test Subject","damage_taken":0,"max_hp_gain":0,"max_hp_loss":0,"event_name":"Drug Dealer","floor":21,"gold_loss":0,"cards_obtained":["Offering","Offering"]},{"damage_healed":0,"gold_gain":0,"player_choice":"Obtained Relic","damage_taken":0,"relics_obtained":["Red Skull"],"max_hp_gain":0,"max_hp_loss":0,"event_name":"Addict","floor":25,"gold_loss":85},{"cards_removed":["Bash"],"damage_healed":0,"gold_gain":0,"player_choice":"Removed Attack","damage_taken":0,"max_hp_gain":0,"max_hp_loss":0,"event_name":"Falling","floor":36,"gold_loss":0},{"damage_healed":0,"gold_gain":0,"player_choice":"Got Potions","damage_taken":0,"max_hp_gain":0,"max_hp_loss":0,"event_name":"Lab","floor":37,"gold_loss":0}],"is_beta":false,"boss_relics":[{"not_picked":["Velvet Choker","Coffee Dripper"],"picked":"Runic Dome"},{"not_picked":["Snecko Eye","Black Star"],"picked":"SacredBark"}],"items_purged_floors":[27],"is_endless":false,"potions_floor_spawned":[1,3,7,12,18,28,33,35,39,41],"killed_by":"Reptomancer","ascension_level":20}