{"gold_per_floor":[110,110,110,110,110,110,148,148,148,148,186,204,239,253,253,352,352,370,370,391,404,38,79,79,93,93,93],"floor_reached":27,"playtime":757,"items_purged":["Strike_R"],"score":598,"play_id":"313fa871-095b-46df-b6c1-8f57b34b1450","local_time":"20230209183433","is_ascension_mode":true,"campfire_choices":[{"data":"Armaments","floor":6,"key":"SMITH"},{"data":"Bash","floor":8,"key":"SMITH"},{"data":"Sword Boomerang","floor":10,"key":"SMITH"},{"data":"Body Slam","floor":15,"key":"SMITH"},{"floor":24,"key":"REST"}],"neow_cost":"NONE","seed_source_timestamp":1157656350787500,"circlet_count":0,"master_deck":["AscendersBane","Strike_R","Strike_R","Strike_R","Defend_R","Defend_R","Defend_R","Defend_R","Bash+1","Armaments+1","Infernal Blade","Sword Boomerang+1","Disarm","Shrug It Off","Body Slam+1","Barricade","Shrug It Off","True Grit"],"relics":["Burning Blood","NeowsBlessing","Mercury Hourglass","Golden Idol","Oddly Smooth Stone","Ornamental Fan","Ginger","Busted Crown","Nloth\u0027s Gift","Pear","Self Forming Clay"],"potions_floor_usage":[13,16,20,23],"damage_taken":[{"damage":0,"enemies":"Jaw Worm","floor":1,"turns":1},{"damage":0,"enemies":"Lagavulin","floor":7,"turns":1},{"damage":0,"enemies":"3 Sentries","floor":11,"turns":1},{"damage":0,"enemies":"2 Louse","floor":12,"turns":1},{"damage":7,"enemies":"Gremlin Nob","floor":13,"turns":3},{"damage":0,"enemies":"Cultist","floor":14,"turns":3},{"damage":68,"enemies":"The Guardian","floor":16,"turns":19},{"damage":12,"enemies":"Chosen","floor":18,"turns":4},{"damage":0,"enemies":"3 Byrds","floor":20,"turns":3},{"damage":12,"enemies":"Snake Plant","floor":21,"turns":5},{"damage":94,"enemies":"Slavers","floor":23,"turns":9},{"damage":23,"enemies":"Shelled Parasite and Fungi","floor":25,"turns":5},{"damage":30,"enemies":"Snecko","floor":27,"turns":6}],"seed_played":"2394505462678181037","potions_obtained":[{"floor":11,"key":"DistilledChaos"},{"floor":12,"key":"SneckoOil"},{"floor":16,"key":"PowerPotion"},{"floor":18,"key":"FairyPotion"},{"floor":21,"key":"SpeedPotion"}],"is_trial":false,"path_per_floor":["M","?","?","?","?","R","E","R","T","R","E","M","E","M","R","B",null,"M","?","M","M","$","E","R","M","T","M"],"character_chosen":"IRONCLAD","items_purchased":["Pear","Shrug It Off"],"campfire_rested":1,"item_purchase_floors":[22,22],"current_hp_per_floor":[74,74,48,41,41,41,47,47,47,47,53,61,62,70,70,10,59,55,55,61,55,65,9,34,17,17,0],"gold":93,"neow_bonus":"THREE_ENEMY_KILL","is_prod":false,"is_daily":false,"chose_seed":false,"campfire_upgraded":4,"win_rate":0,"timestamp":1675964073,"path_taken":["M","?","?","?","?","R","E","R","T","R","E","M","E","M","R","BOSS","M","?","M","?","$","E","R","M","T","M"],"build_version":"2022-12-18","purchased_purges":1,"victory":false,"max_hp_per_floor":[75,75,75,75,75,75,75,75,75,75,75,75,75,75,75,75,75,75,75,75,75,85,85,85,85,85,85],"card_choices":[{"not_picked":["Perfected Strike","Shockwave"],"picked":"Armaments","floor":1},{"not_picked":["Twin Strike","Heavy Blade"],"picked":"Sword Boomerang","floor":7},{"not_picked":["Warcry","Havoc"],"picked":"Disarm","floor":11},{"not_picked":["Second Wind","Battle Trance"],"picked":"Shrug It Off","floor":12},{"not_picked":["Anger","Iron Wave","Infernal Blade"],"picked":"SKIP","floor":13},{"not_picked":["Disarm","Anger"],"picked":"Body Slam","floor":14},{"not_picked":["Double Tap","Berserk"],"picked":"Barricade","floor":16},{"not_picked":["Warcry"],"picked":"SKIP","floor":18},{"not_picked":["Disarm"],"picked":"SKIP","floor":20},{"not_picked":["Dark Embrace+1"],"picked":"SKIP","floor":21},{"not_picked":[],"picked":"True Grit","floor":23},{"not_picked":["Iron Wave"],"picked":"SKIP","floor":25}],"player_experience":2114728,"relics_obtained":[{"floor":7,"key":"Oddly Smooth Stone"},{"floor":9,"key":"Ornamental Fan"},{"floor":11,"key":"Blood Vial"},{"floor":13,"key":"Ginger"},{"floor":26,"key":"Self Forming Clay"}],"event_choices":[{"damage_healed":0,"gold_gain":0,"player_choice":"Box","damage_taken":0,"relics_obtained":["Mercury Hourglass"],"max_hp_gain":0,"max_hp_loss":0,"event_name":"Big Fish","floor":2,"gold_loss":0,"cards_obtained":["Regret"]},{"damage_healed":0,"gold_gain":0,"player_choice":"Take Damage","damage_taken":26,"relics_obtained":["Golden Idol"],"max_hp_gain":0,"max_hp_loss":0,"event_name":"Golden Idol","floor":3,"gold_loss":0},{"cards_removed":["Regret"],"damage_healed":0,"gold_gain":0,"player_choice":"Card Removal","damage_taken":7,"max_hp_gain":0,"max_hp_loss":0,"event_name":"Golden Wing","floor":4,"gold_loss":0},{"damage_healed":0,"gold_gain":0,"cards_transformed":["Strike_R"],"player_choice":"Change","damage_taken":0,"max_hp_gain":0,"max_hp_loss":0,"event_name":"Living Wall","floor":5,"gold_loss":0,"cards_obtained":["Infernal Blade"]},{"damage_healed":0,"gold_gain":0,"player_choice":"Traded Relic","damage_taken":0,"relics_obtained":["Nloth\u0027s Gift"],"max_hp_gain":0,"max_hp_loss":0,"event_name":"N\u0027loth","floor":19,"relics_lost":["Blood Vial"],"gold_loss":0}],"is_beta":false,"boss_relics":[{"not_picked":["Runic Dome","Snecko Eye"],"picked":"Busted Crown"}],"items_purged_floors":[22],"is_endless":false,"potions_floor_spawned":[11,12,16,18,21],"killed_by":"Snecko","ascension_level":20}