{"gold_per_floor":[117,192,205,217,50,50,67,84,108,135,166,178,190,202],"floor_reached":14,"playtime":370,"items_purged":[],"score":168,"play_id":"575ef1c5-57ff-4f13-88f8-31852965a197","local_time":"20230206212005","is_ascension_mode":true,"campfire_choices":[{"data":"Pommel Strike","floor":12,"key":"SMITH"}],"neow_cost":"CURSE","seed_source_timestamp":908772485318800,"circlet_count":0,"master_deck":["AscendersBane","Strike_R","Strike_R","Strike_R","Strike_R","Strike_R","Defend_R","Defend_R","Defend_R","Defend_R","Bash","Writhe","Sadistic Nature+1","Shrug It Off","Thunderclap","Pommel Strike+1","Intimidate"],"relics":["Burning Blood","Blood Vial","MawBank","Golden Idol"],"potions_floor_usage":[8],"damage_taken":[{"damage":7,"enemies":"Small Slimes","floor":1,"turns":4},{"damage":4,"enemies":"Jaw Worm","floor":3,"turns":3},{"damage":17,"enemies":"Cultist","floor":4,"turns":4},{"damage":20,"enemies":"Large Slime","floor":7,"turns":5},{"damage":1,"enemies":"Looter","floor":8,"turns":4},{"damage":12,"enemies":"Exordium Wildlife","floor":10,"turns":4},{"damage":3,"enemies":"Blue Slaver","floor":11,"turns":4},{"damage":35,"enemies":"Lagavulin","floor":14,"turns":6}],"seed_played":"4733568656059020360","potions_obtained":[{"floor":7,"key":"Swift Potion"}],"is_trial":false,"path_per_floor":["M","?","M","M","$","?","M","M","T","M","M","R","?","E"],"character_chosen":"IRONCLAD","items_purchased":["Blood Vial"],"campfire_rested":0,"item_purchase_floors":[5],"current_hp_per_floor":[67,56,58,47,47,47,35,42,42,38,43,43,17,0],"gold":202,"neow_bonus":"RANDOM_COLORLESS_2","is_prod":false,"is_daily":false,"chose_seed":false,"campfire_upgraded":1,"win_rate":0,"timestamp":1675714805,"path_taken":["M","?","M","M","$","?","M","?","T","M","M","R","?","E"],"build_version":"2022-12-18","purchased_purges":0,"victory":false,"max_hp_per_floor":[75,75,75,75,75,75,75,75,75,75,75,75,75,75],"card_choices":[{"not_picked":["The Bomb","Panache"],"picked":"Sadistic Nature","floor":0},{"not_picked":["Seeing Red","Sever Soul"],"picked":"Shrug It Off","floor":1},{"not_picked":["Sword Boomerang","Sentinel"],"picked":"Thunderclap","floor":3},{"not_picked":["Rupture","Armaments"],"picked":"Pommel Strike","floor":4},{"not_picked":["Body Slam","Twin Strike","Heavy Blade"],"picked":"SKIP","floor":7},{"not_picked":["Pommel Strike","Shrug It Off"],"picked":"Intimidate","floor":8},{"not_picked":["Shrug It Off","Wild Strike","Clash"],"picked":"SKIP","floor":10},{"not_picked":["Wild Strike","Flex","Shrug It Off"],"picked":"SKIP","floor":11}],"player_experience":2110121,"relics_obtained":[{"floor":9,"key":"MawBank"}],"event_choices":[{"damage_healed":0,"gold_gain":75,"player_choice":"Gather Gold","damage_taken":11,"max_hp_gain":0,"max_hp_loss":0,"event_name":"World of Goop","floor":2,"gold_loss":0},{"damage_healed":0,"gold_gain":0,"player_choice":"Upgraded","damage_taken":0,"max_hp_gain":0,"max_hp_loss":0,"event_name":"Upgrade Shrine","floor":6,"gold_loss":0,"cards_upgraded":["Sadistic Nature"]},{"damage_healed":0,"gold_gain":0,"player_choice":"Take Damage","damage_taken":26,"relics_obtained":["Golden Idol"],"max_hp_gain":0,"max_hp_loss":0,"event_name":"Golden Idol","floor":13,"gold_loss":0}],"is_beta":false,"boss_relics":[],"items_purged_floors":[],"is_endless":false,"potions_floor_spawned":[7],"killed_by":"Lagavulin","ascension_level":20}