{"gold_per_floor":[115,126,126,126,126,126,152,152,223,223,235,259,21,40,40,40],"floor_reached":16,"playtime":312,"items_purged":["Doubt"],"score":196,"play_id":"9dd73546-db20-4112-b51b-90e3212babb4","local_time":"20230202194431","is_ascension_mode":true,"campfire_choices":[{"data":"Spot Weakness","floor":6,"key":"SMITH"},{"floor":8,"key":"REST"},{"data":"Immolate","floor":10,"key":"SMITH"},{"data":"Flame Barrier","floor":15,"key":"SMITH"}],"neow_cost":"CURSE","seed_source_timestamp":557488807336600,"circlet_count":0,"master_deck":["AscendersBane","Strike_R","Strike_R","Strike_R","Strike_R","Strike_R","Defend_R","Defend_R","Defend_R","Defend_R","Bash","True Grit","Spot Weakness+1","Immolate+1","Flame Barrier+1","Intimidate"],"relics":["Burning Blood","Pen Nib","Bottled Lightning","InkBottle","Happy Flower","Tiny Chest"],"potions_floor_usage":[7],"damage_taken":[{"damage":9,"enemies":"Jaw Worm","floor":1,"turns":4},{"damage":6,"enemies":"2 Louse","floor":2,"turns":4},{"damage":68,"enemies":"Lagavulin","floor":7,"turns":9},{"damage":2,"enemies":"Small Slimes","floor":11,"turns":3},{"damage":8,"enemies":"Exordium Wildlife","floor":14,"turns":3},{"damage":45,"enemies":"Hexaghost","floor":16,"turns":9}],"seed_played":"8186467889905762322","potions_obtained":[{"floor":2,"key":"Ancient Potion"}],"is_trial":false,"path_per_floor":["M","M","?","?","?","R","E","R","T","R","M","T","$","M","R","B"],"character_chosen":"IRONCLAD","items_purchased":["Tiny Chest"],"campfire_rested":1,"item_purchase_floors":[13],"current_hp_per_floor":[79,79,79,74,74,74,12,38,38,38,42,42,42,40,40,0],"gold":40,"neow_bonus":"TWENTY_PERCENT_HP_BONUS","is_prod":false,"is_daily":false,"chose_seed":false,"campfire_upgraded":3,"win_rate":0,"timestamp":1675363471,"path_taken":["M","M","?","?","?","R","E","R","T","R","?","?","$","M","R","BOSS"],"build_version":"2022-12-18","purchased_purges":1,"victory":false,"max_hp_per_floor":[89,89,89,89,89,89,89,89,89,89,89,89,89,89,89,89],"card_choices":[{"not_picked":["Clash","Warcry"],"picked":"True Grit","floor":1},{"not_picked":["Heavy Blade","Thunderclap"],"picked":"Spot Weakness","floor":2},{"not_picked":["Warcry","Rampage"],"picked":"Immolate","floor":7},{"not_picked":["Flex","Shrug It Off"],"picked":"Flame Barrier","floor":11},{"not_picked":["Clothesline","Cleave"],"picked":"Intimidate","floor":14}],"player_experience":2085453,"relics_obtained":[{"floor":7,"key":"Bottled Lightning"},{"floor":9,"key":"InkBottle"},{"floor":12,"key":"Happy Flower"}],"event_choices":[{"damage_healed":0,"gold_gain":0,"player_choice":"Ignored","damage_taken":0,"max_hp_gain":0,"max_hp_loss":0,"event_name":"Shining Light","floor":3,"gold_loss":0},{"damage_healed":0,"gold_gain":0,"player_choice":"Success","damage_taken":5,"relics_obtained":["Pen Nib"],"max_hp_gain":0,"max_hp_loss":0,"event_name":"Scrap Ooze","floor":4,"gold_loss":0},{"damage_healed":0,"gold_gain":0,"player_choice":"0 cards matched","damage_taken":0,"max_hp_gain":0,"max_hp_loss":0,"event_name":"Match and Keep!","floor":5,"gold_loss":0,"cards_obtained":[]}],"is_beta":false,"boss_relics":[],"items_purged_floors":[13],"is_endless":false,"potions_floor_spawned":[2],"killed_by":"Hexaghost","ascension_level":20}