{"gold_per_floor":[369,369,385,385,401,401,429,449,472,38,79,106,143,163,163,250,250,273,188,209,45,55,89,89,89,89,120,20,55,55,55],"floor_reached":31,"playtime":1282,"items_purged":["Strike_R","Strike_R"],"score":626,"play_id":"168ef78c-640c-4c93-ae97-9bd3361ff1b7","local_time":"20230220220024","is_ascension_mode":true,"campfire_choices":[{"data":"Whirlwind","floor":6,"key":"SMITH"},{"floor":15,"key":"REST"},{"data":"Apotheosis","floor":24,"key":"SMITH"},{"floor":30,"key":"RECALL"}],"neow_cost":"CURSE","seed_source_timestamp":2119887167470700,"circlet_count":0,"master_deck":["AscendersBane","Strike_R","Defend_R","Defend_R","Defend_R","Defend_R","Bash","Shockwave","Power Through","Whirlwind+1","Shrug It Off","Spot Weakness","Apotheosis+1","Power Through","Inflame","Fiend Fire","Reaper","Intimidate+1","Sword Boomerang","Double Tap"],"relics":["Burning Blood","Dream Catcher","MealTicket","Medical Kit","CeramicFish","StrikeDummy","SlaversCollar","Art of War","Orichalcum","Champion Belt","Pantograph","Happy Flower"],"potions_floor_usage":[7,18,20],"damage_taken":[{"damage":12,"enemies":"Small Slimes","floor":1,"turns":5},{"damage":5,"enemies":"2 Louse","floor":3,"turns":4},{"damage":3,"enemies":"Cultist","floor":5,"turns":4},{"damage":29,"enemies":"Gremlin Nob","floor":7,"turns":6},{"damage":3,"enemies":"Blue Slaver","floor":8,"turns":6},{"damage":22,"enemies":"3 Sentries","floor":11,"turns":8},{"damage":6,"enemies":"Looter","floor":12,"turns":5},{"damage":28,"enemies":"Gremlin Nob","floor":13,"turns":4},{"damage":14,"enemies":"Exordium Wildlife","floor":14,"turns":5},{"damage":17,"enemies":"The Guardian","floor":16,"turns":13},{"damage":20,"enemies":"Spheric Guardian","floor":18,"turns":13},{"damage":28,"enemies":"3 Byrds","floor":20,"turns":7},{"damage":17,"enemies":"Shelled Parasite and Fungi","floor":22,"turns":5},{"damage":20,"enemies":"Gremlin Leader","floor":23,"turns":5},{"damage":13,"enemies":"Book of Stabbing","floor":27,"turns":5},{"damage":44,"enemies":"Slavers","floor":29,"turns":6},{"damage":79,"enemies":"Masked Bandits","floor":31,"turns":5}],"seed_played":"1698364481778196458","potions_obtained":[{"floor":3,"key":"Block Potion"},{"floor":5,"key":"Dexterity Potion"},{"floor":12,"key":"EssenceOfSteel"},{"floor":16,"key":"Fruit Juice"},{"floor":18,"key":"AttackPotion"},{"floor":29,"key":"Ancient Potion"}],"is_trial":false,"path_per_floor":["M","?","M","?","M","R","E","M","T","$","E","M","E","M","R","B",null,"M","?","M","$","M","E","R","?","T","E","$","E","R","?"],"character_chosen":"IRONCLAD","items_purchased":["Apotheosis","Medical Kit","Orichalcum"],"campfire_rested":1,"item_purchase_floors":[10,10,21],"current_hp_per_floor":[62,55,56,56,59,59,36,39,39,54,38,38,16,8,30,19,61,52,52,48,63,52,59,59,59,59,73,80,57,57,0],"gold":55,"neow_bonus":"TWO_FIFTY_GOLD","is_prod":false,"is_daily":false,"chose_seed":false,"campfire_upgraded":2,"win_rate":0,"timestamp":1676926824,"path_taken":["M","?","M","?","M","R","E","M","T","$","E","M","E","M","R","BOSS","M","?","M","$","M","E","R","?","T","E","$","E","R","?"],"build_version":"2022-12-18","purchased_purges":2,"victory":false,"max_hp_per_floor":[75,75,75,75,75,75,75,75,75,75,75,75,75,75,75,75,75,80,80,80,80,80,80,80,80,80,80,80,80,80,80],"card_choices":[{"not_picked":["Carnage","Clash"],"picked":"Shockwave","floor":1},{"not_picked":["Perfected Strike","Battle Trance"],"picked":"Power Through","floor":3},{"not_picked":["Clothesline","Shrug It Off"],"picked":"Whirlwind","floor":5},{"not_picked":["Wild Strike","Heavy Blade"],"picked":"Shrug It Off","floor":7},{"not_picked":["Warcry","Evolve"],"picked":"Spot Weakness","floor":8},{"not_picked":["Flex","Flame Barrier"],"picked":"Power Through","floor":11},{"not_picked":["Seeing Red","Cleave"],"picked":"Inflame","floor":12},{"not_picked":["Offering","True Grit"],"picked":"Fiend Fire","floor":13},{"not_picked":["Heavy Blade","Carnage","Iron Wave"],"picked":"SKIP","floor":14},{"not_picked":["Double Tap","Exhume"],"picked":"Reaper","floor":16},{"not_picked":["Clash+1","Rupture"],"picked":"Intimidate+1","floor":18},{"not_picked":["Havoc","True Grit"],"picked":"Sword Boomerang","floor":20},{"not_picked":["True Grit","Shrug It Off","Seeing Red"],"picked":"SKIP","floor":22},{"not_picked":["Wild Strike","Carnage","Seeing Red"],"picked":"SKIP","floor":23},{"not_picked":["Searing Blow","Wild Strike","Rage"],"picked":"SKIP","floor":27},{"not_picked":["Wild Strike","Rupture"],"picked":"Double Tap","floor":29}],"player_experience":2125399,"relics_obtained":[{"floor":7,"key":"Dream Catcher"},{"floor":9,"key":"MealTicket"},{"floor":11,"key":"CeramicFish"},{"floor":13,"key":"StrikeDummy"},{"floor":23,"key":"Champion Belt"},{"floor":27,"key":"Pantograph"},{"floor":29,"key":"Happy Flower"}],"event_choices":[{"cards_removed":["Shame"],"damage_healed":0,"gold_gain":0,"player_choice":"Card Removal","damage_taken":7,"max_hp_gain":0,"max_hp_loss":0,"event_name":"Golden Wing","floor":2,"gold_loss":0},{"cards_removed":["Strike_R"],"damage_healed":0,"gold_gain":0,"player_choice":"Purged","damage_taken":0,"max_hp_gain":0,"max_hp_loss":0,"event_name":"Purifier","floor":4,"gold_loss":0},{"damage_healed":0,"gold_gain":0,"player_choice":"Obtained Relic","damage_taken":0,"relics_obtained":["Art of War"],"max_hp_gain":0,"max_hp_loss":0,"event_name":"Addict","floor":19,"gold_loss":85},{"cards_removed":["Strike_R"],"damage_healed":0,"gold_gain":0,"player_choice":"Elegance","damage_taken":0,"max_hp_gain":0,"max_hp_loss":0,"event_name":"Back to Basics","floor":25,"gold_loss":0},{"damage_healed":0,"gold_gain":0,"player_choice":"Fought Bandits","damage_taken":0,"max_hp_gain":0,"max_hp_loss":0,"event_name":"Masked Bandits","floor":31,"gold_loss":0}],"is_beta":false,"boss_relics":[{"not_picked":["Snecko Eye","Runic Pyramid"],"picked":"SlaversCollar"}],"items_purged_floors":[10,28],"is_endless":false,"potions_floor_spawned":[3,5,12,16,18,29],"killed_by":"Masked Bandits","ascension_level":20}