{"gold_per_floor":[117,42,42,56,73,103,178,213,238,238,238,25,59,73,73,145,145,155,166,166,185,185,2,2],"floor_reached":24,"playtime":758,"items_purged":["Clumsy"],"score":428,"play_id":"35e287b8-c693-466d-9ec3-4f67ea914817","local_time":"20230220213852","is_ascension_mode":true,"campfire_choices":[{"floor":10,"key":"REST"},{"data":"Inflame","floor":15,"key":"SMITH"}],"neow_cost":"NONE","seed_source_timestamp":2119120235403400,"circlet_count":0,"master_deck":["AscendersBane","Strike_R+1","Defend_R","Defend_R","Defend_R","Bash","Rampage+1","Whirlwind","Blood for Blood","Power Through","Shrug It Off","Metallicize","Pommel Strike","Inflame+1","Juggernaut","Heavy Blade+1","Dual Wield+1","Rupture+1","Fire Breathing","Necronomicurse","Good Instincts"],"relics":["Burning Blood","NeowsBlessing","Happy Flower","Art of War","Centennial Puzzle","Bag of Preparation","Bird Faced Urn","Astrolabe","Necronomicon"],"potions_floor_usage":[6,8,13,19,24],"damage_taken":[{"damage":0,"enemies":"Cultist","floor":1,"turns":1},{"damage":0,"enemies":"Small Slimes","floor":4,"turns":1},{"damage":0,"enemies":"Jaw Worm","floor":5,"turns":1},{"damage":31,"enemies":"3 Sentries","floor":6,"turns":5},{"damage":24,"enemies":"Lagavulin","floor":8,"turns":7},{"damage":9,"enemies":"3 Sentries","floor":13,"turns":5},{"damage":0,"enemies":"2 Fungi Beasts","floor":14,"turns":4},{"damage":22,"enemies":"Hexaghost","floor":16,"turns":8},{"damage":22,"enemies":"Chosen","floor":18,"turns":6},{"damage":13,"enemies":"3 Byrds","floor":19,"turns":6},{"damage":24,"enemies":"3 Cultists","floor":21,"turns":4},{"damage":38,"enemies":"Book of Stabbing","floor":24,"turns":4}],"seed_played":"2583914985124321209","potions_obtained":[{"floor":1,"key":"Fire Potion"},{"floor":5,"key":"Explosive Potion"},{"floor":8,"key":"PowerPotion"},{"floor":16,"key":"SkillPotion"},{"floor":19,"key":"LiquidMemories"}],"is_trial":false,"path_per_floor":["M","?","?","M","M","E","?","E","T","R","?","$","E","M","R","B",null,"M","M","?","M","?","$","E"],"character_chosen":"IRONCLAD","items_purchased":["Bag of Preparation","Metallicize","Good Instincts"],"campfire_rested":1,"item_purchase_floors":[12,12,23],"current_hp_per_floor":[74,74,51,57,63,38,27,9,9,31,31,31,28,34,34,22,62,54,61,40,26,26,26,0],"gold":2,"neow_bonus":"THREE_ENEMY_KILL","is_prod":false,"is_daily":false,"chose_seed":false,"campfire_upgraded":1,"win_rate":0,"timestamp":1676925532,"path_taken":["M","?","?","M","M","E","?","E","T","R","?","$","E","M","R","BOSS","M","M","?","M","?","$","E"],"build_version":"2022-12-18","purchased_purges":1,"victory":false,"max_hp_per_floor":[75,75,75,75,75,75,75,75,75,75,75,75,75,75,75,75,75,75,75,75,75,75,75,75],"card_choices":[{"not_picked":["Headbutt","Bloodletting"],"picked":"Rampage","floor":1},{"not_picked":["Pummel","Warcry"],"picked":"Whirlwind","floor":4},{"not_picked":["Entrench","Perfected Strike"],"picked":"Blood for Blood","floor":5},{"not_picked":["Carnage","Combust"],"picked":"Power Through","floor":6},{"not_picked":["Pommel Strike","Hemokinesis"],"picked":"Shrug It Off","floor":8},{"not_picked":["Twin Strike","Warcry"],"picked":"Pommel Strike","floor":13},{"not_picked":["Anger","Blood for Blood"],"picked":"Inflame","floor":14},{"not_picked":["Reaper","Demon Form"],"picked":"Juggernaut","floor":16},{"not_picked":["Burning Pact","Thunderclap"],"picked":"Fire Breathing","floor":18},{"not_picked":["Thunderclap","Seeing Red","Warcry"],"picked":"SKIP","floor":19},{"not_picked":["Perfected Strike","Iron Wave","True Grit"],"picked":"SKIP","floor":21}],"player_experience":2124641,"relics_obtained":[{"floor":6,"key":"Happy Flower"},{"floor":8,"key":"Art of War"},{"floor":9,"key":"Centennial Puzzle"},{"floor":13,"key":"Bird Faced Urn"},{"floor":20,"key":"Necronomicon"}],"event_choices":[{"cards_removed":["Strike_R"],"damage_healed":0,"gold_gain":0,"player_choice":"Card Removal","damage_taken":0,"max_hp_gain":0,"max_hp_loss":0,"event_name":"The Cleric","floor":2,"gold_loss":75},{"damage_healed":0,"gold_gain":0,"player_choice":"Entered Light","damage_taken":23,"max_hp_gain":0,"max_hp_loss":0,"event_name":"Shining Light","floor":3,"gold_loss":0,"cards_upgraded":["Strike_R","Rampage"]},{"damage_healed":0,"gold_gain":75,"player_choice":"Gather Gold","damage_taken":11,"max_hp_gain":0,"max_hp_loss":0,"event_name":"World of Goop","floor":7,"gold_loss":0},{"cards_removed":["Strike_R"],"damage_healed":0,"gold_gain":0,"player_choice":"Forget","damage_taken":0,"max_hp_gain":0,"max_hp_loss":0,"event_name":"Living Wall","floor":11,"gold_loss":0},{"damage_healed":0,"gold_gain":0,"player_choice":"Obtained Book","damage_taken":21,"max_hp_gain":0,"max_hp_loss":0,"event_name":"Cursed Tome","floor":20,"gold_loss":0},{"damage_healed":0,"gold_gain":0,"player_choice":"1 cards matched","damage_taken":0,"max_hp_gain":0,"max_hp_loss":0,"event_name":"Match and Keep!","floor":22,"gold_loss":0,"cards_obtained":["Clumsy"]}],"is_beta":false,"boss_relics":[{"not_picked":["Coffee Dripper","SlaversCollar"],"picked":"Astrolabe"}],"items_purged_floors":[23],"is_endless":false,"potions_floor_spawned":[1,5,8,16,19],"killed_by":"Book of Stabbing","ascension_level":20}