{"gold_per_floor":[116,16,33,108,126,126,153,153,153,153,22,50,62,94,106,194,206,232,259,284,346,358,370,382],"floor_reached":24,"playtime":610,"items_purged":["Strike_R"],"score":508,"play_id":"4e9d99b4-0331-4e5c-983a-6130c850b47a","local_time":"20230210180224","is_ascension_mode":true,"campfire_choices":[{"data":"Enlightenment","floor":6,"key":"SMITH"},{"data":"Bludgeon","floor":8,"key":"SMITH"},{"floor":15,"key":"REST"},{"data":"Feed","floor":23,"key":"SMITH"}],"neow_cost":"TEN_PERCENT_HP_LOSS","seed_source_timestamp":1242277050224400,"circlet_count":0,"master_deck":["AscendersBane","Strike_R","Strike_R","Defend_R","Defend_R","Defend_R","Defend_R","Bash","Bludgeon+1","Cleave","Enlightenment+1","Warcry","Disarm","Pommel Strike","Inflame","Feed+1","Clothesline","Rage","Dark Embrace","True Grit"],"relics":["Burning Blood","Happy Flower","InkBottle","MawBank","Snecko Eye"],"potions_floor_usage":[12,12,14,20,24],"damage_taken":[{"damage":0,"enemies":"Cultist","floor":1,"turns":2},{"damage":8,"enemies":"Small Slimes","floor":3,"turns":3},{"damage":8,"enemies":"2 Louse","floor":5,"turns":2},{"damage":31,"enemies":"Gremlin Nob","floor":7,"turns":4},{"damage":25,"enemies":"3 Sentries","floor":12,"turns":9},{"damage":3,"enemies":"Blue Slaver","floor":14,"turns":3},{"damage":0,"enemies":"Slime Boss","floor":16,"turns":5},{"damage":17,"enemies":"Spheric Guardian","floor":18,"turns":4},{"damage":7,"enemies":"2 Thieves","floor":19,"turns":3},{"damage":15,"enemies":"Centurion and Healer","floor":20,"turns":3},{"damage":49,"enemies":"Gremlin Leader","floor":24,"turns":6}],"seed_played":"-6383360736941136076","potions_obtained":[{"floor":7,"key":"SteroidPotion"},{"floor":12,"key":"Explosive Potion"},{"floor":14,"key":"PowerPotion"},{"floor":19,"key":"SkillPotion"}],"is_trial":false,"path_per_floor":["M","$","M","?","M","R","E","R","T","?","$","E","$","M","R","B",null,"M","M","M","?","?","R","E"],"character_chosen":"IRONCLAD","items_purchased":["Enlightenment","Block Potion"],"campfire_rested":1,"item_purchase_floors":[2,11],"current_hp_per_floor":[68,68,66,55,53,53,28,28,28,28,28,9,9,12,32,38,61,50,52,46,46,46,46,0],"gold":382,"neow_bonus":"THREE_RARE_CARDS","is_prod":false,"is_daily":false,"chose_seed":false,"campfire_upgraded":3,"win_rate":0,"timestamp":1676048544,"path_taken":["M","$","?","?","M","R","E","R","T","?","?","E","$","M","R","BOSS","M","?","M","?","?","R","E"],"build_version":"2022-12-18","purchased_purges":1,"victory":false,"max_hp_per_floor":[68,68,68,68,68,68,68,68,68,68,68,68,68,68,68,68,68,68,71,74,74,74,74,74],"card_choices":[{"not_picked":["Exhume","Impervious"],"picked":"Bludgeon","floor":0},{"not_picked":["Flex","Sword Boomerang"],"picked":"Cleave","floor":1},{"not_picked":["Pommel Strike","Thunderclap"],"picked":"Warcry","floor":3},{"not_picked":["Twin Strike","Havoc","Perfected Strike"],"picked":"SKIP","floor":5},{"not_picked":["Burning Pact","Pummel"],"picked":"Disarm","floor":7},{"not_picked":["Perfected Strike","Whirlwind"],"picked":"Pommel Strike","floor":12},{"not_picked":["Perfected Strike","Clash"],"picked":"Inflame","floor":14},{"not_picked":["Juggernaut","Brutality"],"picked":"Feed","floor":16},{"not_picked":["Havoc","Rampage"],"picked":"Clothesline","floor":18},{"not_picked":["Body Slam","Pommel Strike"],"picked":"Rage","floor":19},{"not_picked":["Headbutt+1","Sword Boomerang","Thunderclap"],"picked":"SKIP","floor":20}],"player_experience":2119277,"relics_obtained":[{"floor":7,"key":"Happy Flower"},{"floor":9,"key":"InkBottle"},{"floor":12,"key":"MawBank"}],"event_choices":[{"damage_healed":0,"gold_gain":75,"player_choice":"Gather Gold","damage_taken":11,"max_hp_gain":0,"max_hp_loss":0,"event_name":"World of Goop","floor":4,"gold_loss":0},{"damage_healed":0,"gold_gain":0,"player_choice":"Ignored","damage_taken":0,"max_hp_gain":0,"max_hp_loss":0,"event_name":"Shining Light","floor":10,"gold_loss":0},{"damage_healed":0,"gold_gain":50,"player_choice":"Stole From Cult","damage_taken":0,"max_hp_gain":0,"max_hp_loss":0,"event_name":"Nest","floor":21,"gold_loss":0},{"damage_healed":0,"gold_gain":0,"cards_transformed":["Strike_R","Strike_R"],"player_choice":"Became Test Subject","damage_taken":0,"max_hp_gain":0,"max_hp_loss":0,"event_name":"Drug Dealer","floor":22,"gold_loss":0,"cards_obtained":["Dark Embrace","True Grit"]}],"is_beta":false,"boss_relics":[{"not_picked":["Fusion Hammer","Runic Cube"],"picked":"Snecko Eye"}],"items_purged_floors":[11],"is_endless":false,"potions_floor_spawned":[7,12,14,19],"killed_by":"Gremlin Leader","ascension_level":20}