{"gold_per_floor":[19,34,45,62,73,73,105,30,105,134,134,134],"floor_reached":12,"playtime":412,"items_purged":[],"score":180,"play_id":"021d4044-1b9b-495c-8da9-35b416177759","local_time":"20230211144415","is_ascension_mode":true,"campfire_choices":[{"data":"Armaments","floor":6,"key":"SMITH"}],"neow_cost":"NO_GOLD","seed_source_timestamp":1316988945928200,"circlet_count":0,"master_deck":["AscendersBane","Strike_R","Defend_R","Defend_R","Defend_R","Defend_R","Bash","Wild Strike","Uppercut","True Grit","Dual Wield","Rage","Armaments+1","Iron Wave","Pommel Strike","Dropkick","Searing Blow"],"relics":["Burning Blood","Tiny Chest","Bottled Lightning","WingedGreaves"],"potions_floor_usage":[7,7,10],"damage_taken":[{"damage":11,"enemies":"2 Louse","floor":1,"turns":2},{"damage":1,"enemies":"Cultist","floor":2,"turns":4},{"damage":4,"enemies":"Small Slimes","floor":3,"turns":4},{"damage":5,"enemies":"Looter","floor":4,"turns":3},{"damage":6,"enemies":"Blue Slaver","floor":5,"turns":5},{"damage":14,"enemies":"Lagavulin","floor":7,"turns":7},{"damage":28,"enemies":"3 Sentries","floor":10,"turns":9},{"damage":46,"enemies":"Gremlin Nob","floor":12,"turns":4}],"seed_played":"-5613215664326927952","potions_obtained":[{"floor":1,"key":"Fire Potion"},{"floor":3,"key":"DistilledChaos"},{"floor":7,"key":"SkillPotion"}],"is_trial":false,"path_per_floor":["M","M","M","M","M","R","E","?","T","E","?","E"],"character_chosen":"IRONCLAD","items_purchased":[],"campfire_rested":0,"item_purchase_floors":[],"current_hp_per_floor":[63,68,70,71,71,71,63,63,63,41,41,0],"gold":134,"neow_bonus":"TRANSFORM_TWO_CARDS","is_prod":false,"is_daily":false,"chose_seed":false,"campfire_upgraded":1,"win_rate":0,"timestamp":1676123055,"path_taken":["M","M","M","M","M","R","E","?","T","E","?","E"],"build_version":"2022-12-18","purchased_purges":0,"victory":false,"max_hp_per_floor":[75,75,75,75,75,75,75,75,75,75,75,75],"card_choices":[{"not_picked":["Infernal Blade","Wild Strike"],"picked":"True Grit","floor":1},{"not_picked":["Hemokinesis","Clothesline"],"picked":"Dual Wield","floor":2},{"not_picked":["Entrench","Anger"],"picked":"Rage","floor":3},{"not_picked":["Dual Wield","Warcry"],"picked":"Armaments","floor":4},{"not_picked":["Heavy Blade","Twin Strike"],"picked":"Iron Wave","floor":5},{"not_picked":["Cleave","Blood for Blood"],"picked":"Pommel Strike","floor":7},{"not_picked":["Perfected Strike","Anger"],"picked":"Dropkick","floor":10}],"player_experience":2123646,"relics_obtained":[{"floor":7,"key":"Tiny Chest"},{"floor":9,"key":"Bottled Lightning"},{"floor":10,"key":"WingedGreaves"}],"event_choices":[{"cards_removed":["Strike_R"],"damage_healed":0,"gold_gain":0,"player_choice":"Card Removal","damage_taken":0,"max_hp_gain":0,"max_hp_loss":0,"event_name":"The Cleric","floor":8,"gold_loss":75},{"damage_healed":0,"gold_gain":0,"cards_transformed":["Strike_R"],"player_choice":"Change","damage_taken":0,"max_hp_gain":0,"max_hp_loss":0,"event_name":"Living Wall","floor":11,"gold_loss":0,"cards_obtained":["Searing Blow"]}],"is_beta":false,"boss_relics":[],"items_purged_floors":[],"is_endless":false,"potions_floor_spawned":[1,3,4,7],"killed_by":"Gremlin Nob","ascension_level":20}