{"gold_per_floor":[118,132,149,149,165,198,198,198],"floor_reached":8,"playtime":230,"items_purged":[],"score":116,"play_id":"7282ef53-cce3-4618-81e7-94bb39e01bd4","local_time":"20230220212605","is_ascension_mode":true,"campfire_choices":[],"neow_cost":"NONE","seed_source_timestamp":2118880712576199,"circlet_count":0,"master_deck":["AscendersBane","Strike_R","Strike_R","Strike_R","Strike_R","Strike_R","Defend_R","Defend_R","Defend_R","Defend_R","Bash","Disarm","True Grit","Pommel Strike+1","Whirlwind","Barricade"],"relics":["Burning Blood","NeowsBlessing","Potion Belt"],"potions_floor_usage":[5,6,8,8],"damage_taken":[{"damage":0,"enemies":"Small Slimes","floor":1,"turns":1},{"damage":0,"enemies":"Cultist","floor":2,"turns":1},{"damage":0,"enemies":"Jaw Worm","floor":3,"turns":1},{"damage":14,"enemies":"Exordium Thugs","floor":5,"turns":6},{"damage":25,"enemies":"3 Sentries","floor":6,"turns":6},{"damage":49,"enemies":"Lagavulin","floor":8,"turns":8}],"seed_played":"8011136642413070370","potions_obtained":[{"floor":3,"key":"SkillPotion"},{"floor":5,"key":"Explosive Potion"},{"floor":7,"key":"SteroidPotion"},{"floor":7,"key":"LiquidMemories"}],"is_trial":false,"path_per_floor":["M","M","M","?","M","E","?","E"],"character_chosen":"IRONCLAD","items_purchased":[],"campfire_rested":0,"item_purchase_floors":[],"current_hp_per_floor":[74,75,75,75,67,48,48,0],"gold":198,"neow_bonus":"THREE_ENEMY_KILL","is_prod":false,"is_daily":false,"chose_seed":false,"campfire_upgraded":0,"win_rate":0,"timestamp":1676924765,"path_taken":["M","M","M","?","?","E","?","E"],"build_version":"2022-12-18","purchased_purges":0,"victory":false,"max_hp_per_floor":[75,75,75,75,75,75,75,75],"card_choices":[{"not_picked":["Armaments","Metallicize"],"picked":"Disarm","floor":1},{"not_picked":["Evolve","Clash"],"picked":"True Grit","floor":2},{"not_picked":["Havoc","Clothesline"],"picked":"Pommel Strike","floor":3},{"not_picked":["Thunderclap","Clash"],"picked":"Whirlwind","floor":5},{"not_picked":["Flex","Clothesline"],"picked":"Barricade","floor":6}],"player_experience":2124411,"relics_obtained":[{"floor":6,"key":"Potion Belt"}],"event_choices":[{"damage_healed":0,"gold_gain":0,"player_choice":"Upgraded","damage_taken":0,"max_hp_gain":0,"max_hp_loss":0,"event_name":"Upgrade Shrine","floor":4,"gold_loss":0,"cards_upgraded":["Pommel Strike"]},{"damage_healed":0,"gold_gain":0,"player_choice":"Got Potions","damage_taken":0,"max_hp_gain":0,"max_hp_loss":0,"event_name":"Lab","floor":7,"gold_loss":0}],"is_beta":false,"boss_relics":[],"items_purged_floors":[],"is_endless":false,"potions_floor_spawned":[3,5],"killed_by":"Lagavulin","ascension_level":20}