{"gold_per_floor":[117,137,137,137,18,18,53,53,80,109,109,136,186,199,199,199],"floor_reached":16,"playtime":259,"items_purged":["Regret"],"score":282,"play_id":"2436bc09-2cb5-4e67-bc5e-2193ad965f42","local_time":"20230225195616","is_ascension_mode":true,"campfire_choices":[{"data":"Bash","floor":6,"key":"SMITH"},{"data":"Sever Soul","floor":8,"key":"SMITH"},{"data":"Shrug It Off","floor":11,"key":"SMITH"},{"data":"Fire Breathing","floor":15,"key":"SMITH"}],"neow_cost":"NONE","seed_source_timestamp":2545480808571700,"circlet_count":0,"master_deck":["AscendersBane","Strike_R","Strike_R","Strike_R","Strike_R","Strike_R","Defend_R","Defend_R","Defend_R","Defend_R","Bash+1","Cleave","Rage","Sever Soul+1","Shrug It Off+1","Burning Pact","Body Slam","Fire Breathing+1"],"relics":["Burning Blood","NeowsBlessing","Paper Frog","Omamori","Smiling Mask","Ancient Tea Set","Gambling Chip"],"potions_floor_usage":[10,12,16],"damage_taken":[{"damage":0,"enemies":"Small Slimes","floor":1,"turns":1},{"damage":0,"enemies":"Jaw Worm","floor":2,"turns":1},{"damage":0,"enemies":"Gremlin Nob","floor":7,"turns":1},{"damage":19,"enemies":"3 Sentries","floor":10,"turns":8},{"damage":39,"enemies":"Gremlin Nob","floor":12,"turns":4},{"damage":0,"enemies":"Cultist","floor":14,"turns":2},{"damage":49,"enemies":"Hexaghost","floor":16,"turns":7}],"seed_played":"-7410810438486607800","potions_obtained":[{"floor":2,"key":"LiquidMemories"},{"floor":10,"key":"Regen Potion"},{"floor":14,"key":"SteroidPotion"}],"is_trial":false,"path_per_floor":["M","M","?","?","$","R","E","R","T","E","R","E","?","M","R","B"],"character_chosen":"IRONCLAD","items_purchased":["Sever Soul"],"campfire_rested":0,"item_purchase_floors":[5],"current_hp_per_floor":[74,75,75,75,75,75,75,75,75,62,62,41,41,47,47,0],"gold":199,"neow_bonus":"THREE_ENEMY_KILL","is_prod":false,"is_daily":false,"chose_seed":false,"campfire_upgraded":4,"win_rate":0,"timestamp":1677351376,"path_taken":["M","M","?","?","?","R","E","R","T","E","R","E","?","M","R","BOSS"],"build_version":"2022-12-18","purchased_purges":1,"victory":false,"max_hp_per_floor":[75,75,75,75,75,75,75,75,75,75,75,75,75,75,75,75],"card_choices":[{"not_picked":["Warcry","Wild Strike"],"picked":"Cleave","floor":1},{"not_picked":["Headbutt","Wild Strike"],"picked":"Rage","floor":2},{"not_picked":["Clash","Seeing Red"],"picked":"Shrug It Off","floor":7},{"not_picked":["Flex","Barricade"],"picked":"Burning Pact","floor":10},{"not_picked":["Heavy Blade","Warcry"],"picked":"Body Slam","floor":12},{"not_picked":["Twin Strike","Burning Pact"],"picked":"Fire Breathing","floor":14}],"player_experience":2156883,"relics_obtained":[{"floor":7,"key":"Omamori"},{"floor":9,"key":"Smiling Mask"},{"floor":10,"key":"Ancient Tea Set"},{"floor":12,"key":"Gambling Chip"}],"event_choices":[{"damage_healed":0,"gold_gain":0,"player_choice":"Box","damage_taken":0,"relics_obtained":["Paper Frog"],"max_hp_gain":0,"max_hp_loss":0,"event_name":"Big Fish","floor":3,"gold_loss":0,"cards_obtained":["Regret"]},{"damage_healed":0,"gold_gain":0,"player_choice":"Ignored","damage_taken":0,"max_hp_gain":0,"max_hp_loss":0,"event_name":"Liars Game","floor":4,"gold_loss":0},{"damage_healed":0,"gold_gain":50,"player_choice":"Pray","damage_taken":0,"max_hp_gain":0,"max_hp_loss":0,"event_name":"Golden Shrine","floor":13,"gold_loss":0}],"is_beta":false,"boss_relics":[],"items_purged_floors":[5],"is_endless":false,"potions_floor_spawned":[2,10,14],"killed_by":"Hexaghost","ascension_level":20}