{"gold_per_floor":[114,114,127,127,127,155,155,190,190,205,205,230,230,249,249,328,328,338,367,367,7,7,36,36,36,61,81,115,127,139,167,179,266,278,304,316,343,97,117,149,167,218,218,218,51,78,78,95,95,95,95,95,95,9,9],"floor_reached":55,"playtime":1936,"items_purged":["Shame","Strike_R"],"score":2008,"play_id":"5da36a8c-cfae-476e-b356-7a8404ab4fc1","local_time":"20230225183035","is_ascension_mode":true,"campfire_choices":[{"data":"Fire Breathing","floor":7,"key":"SMITH"},{"data":"Spot Weakness","floor":11,"key":"SMITH"},{"data":"Immolate","floor":13,"key":"SMITH"},{"data":"Berserk","floor":15,"key":"SMITH"},{"data":"Demon Form","floor":24,"key":"SMITH"},{"data":"Limit Break","floor":29,"key":"SMITH"},{"data":"Disarm","floor":32,"key":"SMITH"},{"floor":44,"key":"RECALL"},{"data":"Perseverance","floor":49,"key":"SMITH"},{"data":"Impervious","floor":53,"key":"SMITH"}],"neow_cost":"NONE","seed_source_timestamp":2538661389781000,"circlet_count":0,"master_deck":["AscendersBane","Strike_R","Strike_R","Strike_R","Defend_R","Defend_R","Defend_R","Defend_R","Bash","Fire Breathing+1","Cleave","Disarm+1","Spot Weakness+1","Berserk+1","Clothesline","Immolate+1","Demon Form+1","Battle Trance","Anger","Reaper","Limit Break+1","Impervious+1","Impervious","Flash of Steel","Perseverance+1","Reaper"],"relics":["Burning Blood","NeowsBlessing","Pocketwatch","MealTicket","Sundial","Red Skull","Coffee Dripper","Red Mask","Shuriken","Kunai","Pear","Strawberry","MawBank","Busted Crown","PrismaticShard","Happy Flower","Calipers","Membership Card","Nunchaku","DollysMirror"],"potions_floor_usage":[10,31,40,41,42],"damage_taken":[{"damage":0,"enemies":"2 Louse","floor":1,"turns":1},{"damage":0,"enemies":"Cultist","floor":3,"turns":1},{"damage":0,"enemies":"Lagavulin","floor":6,"turns":1},{"damage":15,"enemies":"3 Sentries","floor":8,"turns":3},{"damage":9,"enemies":"Small Slimes","floor":10,"turns":2},{"damage":8,"enemies":"Lagavulin","floor":12,"turns":7},{"damage":3,"enemies":"Looter","floor":14,"turns":3},{"damage":18,"enemies":"Slime Boss","floor":16,"turns":6},{"damage":20,"enemies":"3 Byrds","floor":18,"turns":4},{"damage":31,"enemies":"Masked Bandits","floor":19,"turns":3},{"damage":0,"enemies":"Gremlin Leader","floor":23,"turns":4},{"damage":22,"enemies":"Shell Parasite","floor":27,"turns":3},{"damage":52,"enemies":"Slavers","floor":28,"turns":4},{"damage":57,"enemies":"Cultist and Chosen","floor":31,"turns":5},{"damage":37,"enemies":"Collector","floor":33,"turns":6},{"damage":43,"enemies":"3 Darklings","floor":35,"turns":5},{"damage":23,"enemies":"3 Shapes","floor":37,"turns":4},{"damage":38,"enemies":"Jaw Worm Horde","floor":39,"turns":4},{"damage":36,"enemies":"Giant Head","floor":40,"turns":7},{"damage":17,"enemies":"Spire Growth","floor":41,"turns":5},{"damage":8,"enemies":"2 Orb Walkers","floor":42,"turns":3},{"damage":16,"enemies":"Nemesis","floor":46,"turns":5},{"damage":1,"enemies":"Maw","floor":48,"turns":9},{"damage":80,"enemies":"Donu and Deca","floor":50,"turns":6},{"damage":81,"enemies":"Awakened One","floor":51,"turns":10},{"damage":142,"enemies":"Shield and Spear","floor":55,"turns":5}],"seed_played":"-2195892501678114472","potions_obtained":[{"floor":3,"key":"Swift Potion"},{"floor":8,"key":"Swift Potion"},{"floor":12,"key":"Weak Potion"},{"floor":28,"key":"Regen Potion"},{"floor":31,"key":"Swift Potion"},{"floor":40,"key":"SteroidPotion"}],"is_trial":false,"path_per_floor":["M","?","M","?","?","E","R","E","T","M","R","E","R","M","R","B",null,"M","?","?","$","?","E","R","$","T","M","E","R","$","M","R","B",null,"M","?","M","$","M","E","M","?","T","R","$","E","?","M","R","B","B",null,"R","$","E"],"character_chosen":"IRONCLAD","items_purchased":["Kunai","PrismaticShard","Membership Card","DollysMirror"],"campfire_rested":0,"item_purchase_floors":[21,38,45,54],"current_hp_per_floor":[74,74,75,80,80,80,80,71,71,68,68,66,66,69,69,57,74,60,35,35,50,50,66,66,81,88,80,79,79,94,72,72,70,90,70,70,53,68,36,21,10,8,8,8,23,13,13,75,75,46,14,73,73,88,0],"gold":9,"neow_bonus":"THREE_ENEMY_KILL","is_prod":false,"is_daily":false,"chose_seed":false,"campfire_upgraded":9,"win_rate":0,"timestamp":1677346235,"path_taken":["M","?","?","?","?","E","R","E","T","M","R","E","R","M","R","BOSS","M","?","?","$","?","E","R","?","T","M","E","R","?","M","R","BOSS","M","?","M","$","M","E","?","?","T","R","$","E","?","M","R","BOSS","BOSS","R","$","E"],"build_version":"2022-12-18","purchased_purges":2,"victory":false,"max_hp_per_floor":[75,75,75,80,80,80,80,80,80,80,80,80,80,80,80,80,80,80,80,80,80,80,90,90,90,97,97,97,97,97,97,97,97,97,97,97,97,97,97,97,97,97,97,97,97,97,92,92,92,92,92,92,92,92,92],"card_choices":[{"not_picked":["Sword Boomerang","Entrench"],"picked":"Fire Breathing","floor":1},{"not_picked":["Heavy Blade","Body Slam"],"picked":"Disarm","floor":3},{"not_picked":["Blood for Blood","Twin Strike"],"picked":"Spot Weakness","floor":6},{"not_picked":["Pommel Strike","Armaments"],"picked":"Berserk","floor":8},{"not_picked":["Hemokinesis","Warcry"],"picked":"Clothesline","floor":10},{"not_picked":["Anger","Inflame"],"picked":"Immolate","floor":12},{"not_picked":["Headbutt","Rupture","Entrench"],"picked":"SKIP","floor":14},{"not_picked":["Impervious","Double Tap"],"picked":"Demon Form","floor":16},{"not_picked":["Fire Breathing","Perfected Strike","Metallicize"],"picked":"SKIP","floor":18},{"not_picked":["Inflame","Dropkick+1"],"picked":"Battle Trance","floor":19},{"not_picked":["Sentinel","Clothesline"],"picked":"Reaper","floor":23},{"not_picked":["Heavy Blade","Rampage+1","Rupture"],"picked":"SKIP","floor":27},{"not_picked":["Armaments","Sword Boomerang"],"picked":"Limit Break","floor":28},{"not_picked":["Clothesline","Blood for Blood","Havoc"],"picked":"SKIP","floor":31},{"not_picked":["Barricade","Bludgeon"],"picked":"Impervious","floor":33},{"not_picked":["Fire Breathing"],"picked":"SKIP","floor":35},{"not_picked":["Armaments"],"picked":"SKIP","floor":37},{"not_picked":[],"picked":"Flash of Steel","floor":39},{"not_picked":[],"picked":"Perseverance","floor":40},{"not_picked":["JustLucky"],"picked":"SKIP","floor":41},{"not_picked":["Spot Weakness"],"picked":"SKIP","floor":46},{"not_picked":["SandsOfTime"],"picked":"SKIP","floor":48}],"player_experience":2150175,"relics_obtained":[{"floor":6,"key":"Pocketwatch"},{"floor":8,"key":"MealTicket"},{"floor":9,"key":"Sundial"},{"floor":12,"key":"Red Skull"},{"floor":19,"key":"Red Mask"},{"floor":23,"key":"Pear"},{"floor":26,"key":"Strawberry"},{"floor":28,"key":"MawBank"},{"floor":40,"key":"Happy Flower"},{"floor":42,"key":"Calipers"},{"floor":46,"key":"Nunchaku"}],"event_choices":[{"damage_healed":0,"gold_gain":0,"cards_transformed":["Strike_R"],"player_choice":"Transformed","damage_taken":0,"max_hp_gain":0,"max_hp_loss":0,"event_name":"Transmorgrifier","floor":2,"gold_loss":0,"cards_obtained":["Cleave"]},{"damage_healed":0,"gold_gain":0,"player_choice":"Donut","damage_taken":0,"max_hp_gain":5,"max_hp_loss":0,"event_name":"Big Fish","floor":4,"gold_loss":0},{"damage_healed":0,"gold_gain":0,"player_choice":"Ignored","damage_taken":0,"max_hp_gain":0,"max_hp_loss":0,"event_name":"Liars Game","floor":5,"gold_loss":0},{"damage_healed":0,"gold_gain":0,"player_choice":"Fought Bandits","damage_taken":0,"max_hp_gain":0,"max_hp_loss":0,"event_name":"Masked Bandits","floor":19,"gold_loss":0},{"damage_healed":0,"gold_gain":0,"player_choice":"Stole Relic","damage_taken":0,"relics_obtained":["Shuriken"],"max_hp_gain":0,"max_hp_loss":0,"event_name":"Addict","floor":20,"gold_loss":0,"cards_obtained":["Shame"]},{"damage_healed":0,"gold_gain":0,"player_choice":"Read","damage_taken":0,"max_hp_gain":0,"max_hp_loss":0,"event_name":"The Library","floor":22,"gold_loss":0,"cards_obtained":["Anger"]},{"damage_healed":0,"gold_gain":0,"player_choice":"1 cards matched","damage_taken":0,"max_hp_gain":0,"max_hp_loss":0,"event_name":"Match and Keep!","floor":36,"gold_loss":0,"cards_obtained":["Impervious"]},{"damage_healed":0,"gold_gain":0,"player_choice":"Fight","damage_taken":0,"max_hp_gain":0,"max_hp_loss":0,"event_name":"Mysterious Sphere","floor":42,"gold_loss":0},{"damage_healed":0,"gold_gain":0,"player_choice":"Max HP","damage_taken":0,"max_hp_gain":0,"max_hp_loss":5,"event_name":"Winding Halls","floor":47,"gold_loss":0}],"is_beta":false,"boss_relics":[{"not_picked":["Black Blood","Runic Dome"],"picked":"Coffee Dripper"},{"not_picked":["Sozu","Tiny House"],"picked":"Busted Crown"}],"items_purged_floors":[21,38],"is_endless":false,"potions_floor_spawned":[3,8,12,23,28,31,37,40],"killed_by":"Shield and Spear","ascension_level":20}