{"gold_per_floor":[110,120,45,45,45,45,71,90,90,119,131,161,161,62,62,62],"floor_reached":16,"playtime":435,"items_purged":["Defend_R"],"score":286,"play_id":"2f63e8d8-3798-4ea4-b18c-d3525c29935f","local_time":"20230226105917","is_ascension_mode":true,"campfire_choices":[{"data":"Shockwave","floor":6,"key":"SMITH"},{"data":"Searing Blow+1","floor":13,"key":"SMITH"},{"data":"Searing Blow+2","floor":15,"key":"SMITH"}],"neow_cost":"NONE","seed_source_timestamp":5244810404600,"circlet_count":0,"master_deck":["AscendersBane","Strike_R","Strike_R","Strike_R","Strike_R","Strike_R","Defend_R","Defend_R","Defend_R","Bash","Shockwave+1","Power Through","Clothesline","Cleave","Searing Blow+3","Reckless Charge+1","Double Tap","Madness"],"relics":["Burning Blood","NeowsBlessing","Regal Pillow","Molten Egg 2","Ancient Tea Set","Juzu Bracelet"],"potions_floor_usage":[10,12,16],"damage_taken":[{"damage":0,"enemies":"Cultist","floor":1,"turns":1},{"damage":0,"enemies":"2 Louse","floor":2,"turns":1},{"damage":0,"enemies":"3 Sentries","floor":7,"turns":2},{"damage":4,"enemies":"Small Slimes","floor":8,"turns":4},{"damage":36,"enemies":"Lagavulin","floor":10,"turns":10},{"damage":16,"enemies":"Gremlin Gang","floor":11,"turns":3},{"damage":25,"enemies":"3 Sentries","floor":12,"turns":7},{"damage":34,"enemies":"Hexaghost","floor":16,"turns":9}],"seed_played":"8293083780591178205","potions_obtained":[{"floor":1,"key":"BloodPotion"},{"floor":5,"key":"LiquidBronze"},{"floor":8,"key":"HeartOfIron"},{"floor":11,"key":"BlessingOfTheForge"}],"is_trial":false,"path_per_floor":["M","M","$","?","?","R","E","M","T","E","M","E","R","$","R","B"],"character_chosen":"IRONCLAD","items_purchased":["Madness"],"campfire_rested":0,"item_purchase_floors":[14],"current_hp_per_floor":[74,75,75,75,75,75,75,75,75,45,35,16,16,16,16,0],"gold":62,"neow_bonus":"THREE_ENEMY_KILL","is_prod":false,"is_daily":false,"chose_seed":false,"campfire_upgraded":3,"win_rate":0,"timestamp":1677405557,"path_taken":["M","M","$","?","?","R","E","M","T","E","M","E","R","$","R","BOSS"],"build_version":"2022-12-18","purchased_purges":1,"victory":false,"max_hp_per_floor":[75,75,75,75,75,75,75,75,75,75,75,75,75,75,75,75],"card_choices":[{"not_picked":["Armaments","Thunderclap"],"picked":"Shockwave","floor":1},{"not_picked":["Iron Wave","Body Slam"],"picked":"Power Through","floor":2},{"not_picked":["Thunderclap","Pummel"],"picked":"Clothesline","floor":7},{"not_picked":["Body Slam","Warcry"],"picked":"Cleave","floor":8},{"not_picked":["Sword Boomerang+1","Feel No Pain"],"picked":"Searing Blow+1","floor":10},{"not_picked":["Infernal Blade","Cleave+1"],"picked":"Reckless Charge+1","floor":11},{"not_picked":["Berserk","Ghostly Armor"],"picked":"Double Tap","floor":12}],"player_experience":2165825,"relics_obtained":[{"floor":7,"key":"Regal Pillow"},{"floor":9,"key":"Molten Egg 2"},{"floor":10,"key":"Ancient Tea Set"},{"floor":12,"key":"Juzu Bracelet"}],"event_choices":[{"damage_healed":0,"gold_gain":0,"player_choice":"Leave","damage_taken":0,"max_hp_gain":0,"max_hp_loss":0,"event_name":"The Cleric","floor":4,"gold_loss":0},{"damage_healed":0,"gold_gain":0,"player_choice":"Got Potions","damage_taken":0,"max_hp_gain":0,"max_hp_loss":0,"event_name":"Lab","floor":5,"gold_loss":0}],"is_beta":false,"boss_relics":[],"items_purged_floors":[3],"is_endless":false,"potions_floor_spawned":[1,8,11],"killed_by":"Hexaghost","ascension_level":20}