{"gold_per_floor":[110,127,127,202,202,202,237,237,264,18,31,31],"floor_reached":12,"playtime":376,"items_purged":["Strike_R"],"score":152,"play_id":"3829fd37-23e1-4d7c-9511-c6840adda83d","local_time":"20230225120515","is_ascension_mode":true,"campfire_choices":[{"floor":6,"key":"REST"},{"data":"Pommel Strike","floor":8,"key":"SMITH"}],"neow_cost":"NONE","seed_source_timestamp":2517101767540200,"circlet_count":0,"master_deck":["AscendersBane","Strike_R","Strike_R","Strike_R+1","Defend_R","Defend_R","Defend_R","Defend_R","Bash","Berserk","Body Slam","True Grit","Blood for Blood+1","Pommel Strike+1","Warcry"],"relics":["Burning Blood","Charon\u0027s Ashes","Centennial Puzzle","TheAbacus"],"potions_floor_usage":[7],"damage_taken":[{"damage":11,"enemies":"Jaw Worm","floor":1,"turns":5},{"damage":9,"enemies":"2 Louse","floor":2,"turns":3},{"damage":13,"enemies":"3 Sentries","floor":7,"turns":14},{"damage":10,"enemies":"Small Slimes","floor":11,"turns":3},{"damage":51,"enemies":"Gremlin Nob","floor":12,"turns":4}],"seed_played":"-8995606281039509853","potions_obtained":[{"floor":2,"key":"HeartOfIron"}],"is_trial":false,"path_per_floor":["M","M","?","?","?","R","E","R","T","$","M","E"],"character_chosen":"IRONCLAD","items_purchased":["TheAbacus"],"campfire_rested":1,"item_purchase_floors":[10],"current_hp_per_floor":[63,60,60,49,26,48,41,41,41,41,37,0],"gold":31,"neow_bonus":"ONE_RANDOM_RARE_CARD","is_prod":false,"is_daily":false,"chose_seed":false,"campfire_upgraded":1,"win_rate":0,"timestamp":1677323115,"path_taken":["M","M","?","?","?","R","E","R","T","$","M","E"],"build_version":"2022-12-18","purchased_purges":1,"victory":false,"max_hp_per_floor":[75,75,75,75,75,75,75,75,75,75,75,75],"card_choices":[{"not_picked":["Anger","Entrench"],"picked":"Body Slam","floor":1},{"not_picked":["Dropkick","Heavy Blade"],"picked":"True Grit","floor":2},{"not_picked":["Sword Boomerang","Armaments"],"picked":"Pommel Strike","floor":7},{"not_picked":["Body Slam","Pommel Strike"],"picked":"Warcry","floor":11}],"player_experience":2134142,"relics_obtained":[{"floor":7,"key":"Charon\u0027s Ashes"},{"floor":9,"key":"Centennial Puzzle"}],"event_choices":[{"damage_healed":0,"gold_gain":0,"cards_transformed":["Strike_R"],"player_choice":"Change","damage_taken":0,"max_hp_gain":0,"max_hp_loss":0,"event_name":"Living Wall","floor":3,"gold_loss":0,"cards_obtained":["Blood for Blood"]},{"damage_healed":0,"gold_gain":75,"player_choice":"Gather Gold","damage_taken":11,"max_hp_gain":0,"max_hp_loss":0,"event_name":"World of Goop","floor":4,"gold_loss":0},{"damage_healed":0,"gold_gain":0,"player_choice":"Entered Light","damage_taken":23,"max_hp_gain":0,"max_hp_loss":0,"event_name":"Shining Light","floor":5,"gold_loss":0,"cards_upgraded":["Strike_R","Blood for Blood"]}],"is_beta":false,"boss_relics":[],"items_purged_floors":[10],"is_endless":false,"potions_floor_spawned":[2],"killed_by":"Gremlin Nob","ascension_level":20}