{"gold_per_floor":[117,267,267,7,7,40,40,53,76,105,105,105,120,120],"floor_reached":14,"playtime":492,"items_purged":["Doubt"],"score":292,"play_id":"a3d2154f-0723-49bc-95f1-91147aa3f390","local_time":"20230304224223","daily_mods":["Draft","Vintage","Binary"],"is_ascension_mode":true,"campfire_choices":[{"data":"Wraith Form v2","floor":7,"key":"SMITH"},{"data":"Transmutation","floor":12,"key":"SMITH"}],"neow_cost":"","seed_source_timestamp":0,"circlet_count":0,"master_deck":["Demon Form","Wraith Form v2+1","Echo Form+1","DevaForm","AscendersBane","Iron Wave","Pummel","Cleave","Disarm+1","True Grit","Inflame","Pommel Strike+1","Cleave","True Grit","Armaments","Sentinel","Flex","Sword Boomerang","True Grit","Armaments+1","Transmutation+1"],"relics":["Snecko Eye","Unceasing Top","Busted Crown","War Paint","Oddly Smooth Stone","Letter Opener","Akabeko","Molten Egg 2","Toxic Egg 2","Ornamental Fan"],"potions_floor_usage":[14,14],"damage_taken":[{"damage":0,"enemies":"Cultist","floor":1,"turns":3},{"damage":0,"enemies":"Gremlin Nob","floor":6,"turns":6},{"damage":0,"enemies":"Small Slimes","floor":8,"turns":3},{"damage":0,"enemies":"Lagavulin","floor":10,"turns":5},{"damage":0,"enemies":"Jaw Worm","floor":13,"turns":1},{"damage":1,"enemies":"3 Sentries","floor":14,"turns":2}],"seed_played":"3818964429378027791","potions_obtained":[{"floor":1,"key":"PowerPotion"},{"floor":6,"key":"BlessingOfTheForge"}],"is_trial":true,"path_per_floor":["M","?","?","$","?","E","R","M","T","E","T","R","M","E"],"character_chosen":"IRONCLAD","items_purchased":["Transmutation"],"campfire_rested":0,"item_purchase_floors":[4],"current_hp_per_floor":[1,1,1,1,1,1,1,1,1,1,1,1,1,0],"gold":120,"neow_bonus":"","is_prod":false,"is_daily":false,"chose_seed":false,"campfire_upgraded":2,"win_rate":0,"timestamp":1677966143,"path_taken":["M","?","?","$","?","E","R","M","T","E","?","R","M","E"],"build_version":"2022-12-18","purchased_purges":1,"victory":false,"max_hp_per_floor":[1,1,1,1,1,1,1,1,1,1,1,1,1,1],"card_choices":[{"not_picked":["Flame Barrier","Headbutt"],"picked":"Iron Wave","floor":0},{"not_picked":["Spot Weakness","Evolve"],"picked":"Pummel","floor":0},{"not_picked":["Dark Embrace","Flex"],"picked":"Cleave","floor":0},{"not_picked":["Headbutt","Uppercut"],"picked":"Disarm","floor":0},{"not_picked":["Blood for Blood","Flex"],"picked":"True Grit","floor":0},{"not_picked":["Heavy Blade","Reckless Charge"],"picked":"Inflame","floor":0},{"not_picked":["Thunderclap","Cleave"],"picked":"Pommel Strike","floor":0},{"not_picked":["Body Slam","Twin Strike"],"picked":"Cleave","floor":0},{"not_picked":["Iron Wave","Warcry"],"picked":"True Grit","floor":0},{"not_picked":["Carnage","Reckless Charge"],"picked":"Armaments","floor":0},{"not_picked":["Perfected Strike","Cleave"],"picked":"Sentinel","floor":0},{"not_picked":["Reckless Charge","Rampage"],"picked":"Flex","floor":0},{"not_picked":["Anger","Cleave"],"picked":"Sword Boomerang","floor":0},{"not_picked":["Reckless Charge","Pommel Strike"],"picked":"True Grit","floor":0},{"not_picked":["Perfected Strike","Sentinel"],"picked":"Armaments","floor":0}],"player_experience":2197132,"relics_obtained":[{"floor":1,"key":"War Paint"},{"floor":6,"key":"Oddly Smooth Stone"},{"floor":8,"key":"Letter Opener"},{"floor":9,"key":"Akabeko"},{"floor":10,"key":"Molten Egg 2"},{"floor":11,"key":"Toxic Egg 2"},{"floor":13,"key":"Ornamental Fan"}],"event_choices":[{"damage_healed":0,"gold_gain":150,"player_choice":"AGREE","damage_taken":0,"max_hp_gain":0,"max_hp_loss":0,"event_name":"Liars Game","floor":2,"gold_loss":0,"cards_obtained":["Doubt"]},{"damage_healed":0,"gold_gain":0,"player_choice":"Entered Light","damage_taken":0,"max_hp_gain":0,"max_hp_loss":0,"event_name":"Shining Light","floor":3,"gold_loss":0,"cards_upgraded":["Echo Form","Pommel Strike"]},{"damage_healed":0,"gold_gain":0,"player_choice":"Fled","damage_taken":0,"max_hp_gain":0,"max_hp_loss":0,"event_name":"Scrap Ooze","floor":5,"gold_loss":0}],"is_beta":false,"boss_relics":[],"items_purged_floors":[4],"is_endless":false,"potions_floor_spawned":[1,6],"killed_by":"3 Sentries","ascension_level":20}