{"gold_per_floor":[115,115,133,133,133,133,167,68,143,143,157,226,255,255,255,326,326,336,13,13,32,43,68,95,95,121,139,172,182,182,212,212,286,286,303,303,327,11,23,51,51,84,84,109,109,134,144,158,158,158,158,158,158,0,30,30],"floor_reached":56,"playtime":1956,"items_purged":["Strike_R","Immolate+1"],"score":2248,"play_id":"55b8f295-8135-4fb5-b2c1-a746ef69adfb","local_time":"20230225220424","is_ascension_mode":true,"campfire_choices":[{"data":"Bash","floor":6,"key":"SMITH"},{"data":"Second Wind","floor":10,"key":"SMITH"},{"floor":15,"key":"REST"},{"data":"Corruption","floor":25,"key":"SMITH"},{"floor":32,"key":"REST"},{"data":"Demon Form","floor":45,"key":"SMITH"},{"floor":49,"key":"RECALL"},{"data":"Feel No Pain","floor":53,"key":"SMITH"}],"neow_cost":"NONE","seed_source_timestamp":2551470716624700,"circlet_count":0,"master_deck":["AscendersBane","Defend_R","Defend_R","Defend_R","Defend_R","Bash+1","Metallicize","Anger","Second Wind+1","Dramatic Entrance","Intimidate","Infernal Blade","Corruption+1","Warcry","Shockwave","Ghostly","Ghostly","Ghostly","Thunderclap+1","Body Slam","Demon Form+1","Dropkick","Dropkick","Anger","Disarm","Berserk","Immolate+1","Demon Form+1","Reckless Charge","Feel No Pain+1","Pummel","Flame Barrier+1","Infernal Blade","Anger","Rage+1","Shrug It Off","Dropkick","Entrench"],"relics":["Runic Dome","Charon\u0027s Ashes","Blue Candle","Paper Frog","Self Forming Clay","Unceasing Top","Bag of Preparation","SacredBark","Membership Card","Strawberry","Kunai","Tiny Chest","Ornamental Fan","HornCleat","Astrolabe","Pen Nib","Shuriken","HandDrill","TungstenRod","Darkstone Periapt","Pear","Prayer Wheel","Centennial Puzzle","Medical Kit","Anchor"],"potions_floor_usage":[7,50,55],"damage_taken":[{"damage":3,"enemies":"Small Slimes","floor":1,"turns":4},{"damage":0,"enemies":"Cultist","floor":3,"turns":4},{"damage":14,"enemies":"3 Sentries","floor":7,"turns":5},{"damage":3,"enemies":"2 Louse","floor":11,"turns":2},{"damage":10,"enemies":"Lagavulin","floor":13,"turns":6},{"damage":40,"enemies":"The Guardian","floor":16,"turns":12},{"damage":0,"enemies":"3 Byrds","floor":18,"turns":2},{"damage":10,"enemies":"Shell Parasite","floor":21,"turns":5},{"damage":2,"enemies":"Chosen and Byrds","floor":22,"turns":4},{"damage":4,"enemies":"Slavers","floor":23,"turns":4},{"damage":8,"enemies":"Snecko","floor":27,"turns":4},{"damage":1,"enemies":"Gremlin Leader","floor":28,"turns":3},{"damage":1,"enemies":"Snake Plant","floor":29,"turns":3},{"damage":16,"enemies":"Book of Stabbing","floor":31,"turns":4},{"damage":9,"enemies":"Collector","floor":33,"turns":6},{"damage":0,"enemies":"Orb Walker","floor":35,"turns":3},{"damage":1,"enemies":"3 Darklings","floor":39,"turns":3},{"damage":2,"enemies":"Reptomancer","floor":40,"turns":3},{"damage":4,"enemies":"Nemesis","floor":42,"turns":5},{"damage":0,"enemies":"Mind Bloom Boss Battle","floor":44,"turns":3},{"damage":0,"enemies":"Giant Head","floor":46,"turns":5},{"damage":0,"enemies":"Sphere and 2 Shapes","floor":47,"turns":3},{"damage":0,"enemies":"Transient","floor":48,"turns":6},{"damage":23,"enemies":"Donu and Deca","floor":50,"turns":8},{"damage":26,"enemies":"Awakened One","floor":51,"turns":8},{"damage":30,"enemies":"Shield and Spear","floor":55,"turns":6},{"damage":55,"enemies":"The Heart","floor":56,"turns":2}],"seed_played":"4704897202324839205","potions_obtained":[{"floor":3,"key":"SteroidPotion"},{"floor":7,"key":"FairyPotion"},{"floor":13,"key":"BloodPotion"},{"floor":33,"key":"Swift Potion"},{"floor":35,"key":"PowerPotion"}],"is_trial":false,"path_per_floor":["M","?","M","?","?","R","E","$","T","R","M","T","E","?","R","B",null,"M","$","?","M","M","E","T","R","T","M","E","M","?","E","R","B",null,"M","?","T","$","M","E","?","E","T","?","R","E","M","M","R","B","B",null,"R","$","E","B"],"character_chosen":"IRONCLAD","items_purchased":["Dramatic Entrance","Membership Card","Strawberry","Shockwave","Shuriken","HandDrill","Feel No Pain","Medical Kit","Shrug It Off","Dropkick"],"campfire_rested":2,"item_purchase_floors":[8,19,19,19,38,38,38,54,54,54],"current_hp_per_floor":[65,65,65,30,55,55,41,41,41,41,38,38,28,28,50,10,59,59,66,41,31,29,25,25,25,25,17,16,15,15,24,36,27,38,38,35,35,35,34,32,32,28,38,38,38,38,38,38,38,34,8,39,39,39,9,0],"gold":30,"neow_bonus":"BOSS_RELIC","is_prod":false,"is_daily":false,"chose_seed":false,"campfire_upgraded":5,"win_rate":0,"timestamp":1677359064,"path_taken":["M","?","?","?","?","R","E","?","T","R","M","?","E","?","R","BOSS","M","$","?","M","M","E","?","R","T","M","E","?","?","E","R","BOSS","M","?","?","$","M","E","?","E","T","?","R","E","M","M","R","BOSS","BOSS","R","$","E","BOSS"],"build_version":"2022-12-18","purchased_purges":2,"victory":false,"max_hp_per_floor":[75,75,75,75,75,75,75,75,75,75,75,75,75,75,75,75,75,75,82,41,41,41,41,41,41,41,41,41,41,41,41,41,41,41,41,41,41,41,41,41,39,39,49,49,49,49,49,49,49,49,49,49,49,49,49,49],"card_choices":[{"not_picked":["Havoc","Heavy Blade"],"picked":"Metallicize","floor":1},{"not_picked":["Havoc","Armaments"],"picked":"Anger","floor":3},{"not_picked":["Burning Pact","Combust"],"picked":"Second Wind","floor":7},{"not_picked":["Thunderclap","Armaments"],"picked":"Intimidate","floor":11},{"not_picked":["Sword Boomerang","Wild Strike"],"picked":"Infernal Blade","floor":13},{"not_picked":["Berserk","Exhume"],"picked":"Corruption","floor":16},{"not_picked":["Twin Strike+1","Entrench"],"picked":"Warcry","floor":18},{"not_picked":["Clothesline","Uppercut","Twin Strike+1"],"picked":"SKIP","floor":21},{"not_picked":["Havoc","True Grit"],"picked":"Thunderclap+1","floor":22},{"not_picked":["Pommel Strike","Bloodletting"],"picked":"Body Slam","floor":23},{"not_picked":["Clothesline+1","Thunderclap"],"picked":"Demon Form","floor":27},{"not_picked":["Iron Wave","Thunderclap"],"picked":"Dropkick","floor":28},{"not_picked":["Armaments","Body Slam"],"picked":"Dropkick","floor":29},{"not_picked":["Uppercut","Hemokinesis"],"picked":"Disarm","floor":31},{"not_picked":["Brutality","Bludgeon"],"picked":"Berserk","floor":33},{"not_picked":["Twin Strike","Clash"],"picked":"Reckless Charge","floor":35},{"not_picked":["Sword Boomerang","Rupture+1","Thunderclap"],"picked":"SKIP","floor":39},{"not_picked":["Thunderclap+1","Perfected Strike","Clash"],"picked":"SKIP","floor":40},{"not_picked":["Twin Strike","Pommel Strike"],"picked":"Pummel","floor":42},{"not_picked":["Corruption","Pommel Strike","Wild Strike"],"picked":"SKIP","floor":46},{"not_picked":["Inflame+1","Thunderclap"],"picked":"Flame Barrier+1","floor":47},{"not_picked":["Evolve","Ghostly Armor"],"picked":"Infernal Blade","floor":47},{"not_picked":["Battle Trance","Wild Strike"],"picked":"Anger","floor":48},{"not_picked":["Metallicize","Inflame"],"picked":"Rage+1","floor":48},{"not_picked":["Wild Strike","Carnage"],"picked":"Entrench","floor":55}],"player_experience":2157754,"relics_obtained":[{"floor":7,"key":"Blue Candle"},{"floor":9,"key":"Paper Frog"},{"floor":12,"key":"Self Forming Clay"},{"floor":13,"key":"Unceasing Top"},{"floor":23,"key":"Kunai"},{"floor":26,"key":"Tiny Chest"},{"floor":28,"key":"Ornamental Fan"},{"floor":31,"key":"HornCleat"},{"floor":37,"key":"Pen Nib"},{"floor":40,"key":"TungstenRod"},{"floor":42,"key":"Darkstone Periapt"},{"floor":43,"key":"Pear"},{"floor":44,"key":"Prayer Wheel"},{"floor":46,"key":"Centennial Puzzle"},{"floor":55,"key":"Anchor"}],"event_choices":[{"cards_removed":["Strike_R"],"damage_healed":0,"gold_gain":0,"player_choice":"Purged","damage_taken":0,"max_hp_gain":0,"max_hp_loss":0,"event_name":"Purifier","floor":2,"gold_loss":0},{"damage_healed":0,"gold_gain":0,"player_choice":"Success","damage_taken":35,"relics_obtained":["Charon\u0027s Ashes"],"max_hp_gain":0,"max_hp_loss":0,"event_name":"Scrap Ooze","floor":4,"gold_loss":0},{"damage_healed":25,"gold_gain":0,"player_choice":"Banana","damage_taken":0,"max_hp_gain":0,"max_hp_loss":0,"event_name":"Big Fish","floor":5,"gold_loss":0},{"damage_healed":0,"gold_gain":0,"player_choice":"Searched \u00271\u0027 times","damage_taken":0,"relics_obtained":["Bag of Preparation"],"max_hp_gain":0,"max_hp_loss":0,"event_name":"Dead Adventurer","floor":14,"gold_loss":0},{"damage_healed":0,"gold_gain":0,"player_choice":"Became a Ghost","damage_taken":0,"max_hp_gain":0,"max_hp_loss":41,"event_name":"Ghosts","floor":20,"gold_loss":0,"cards_obtained":["Ghostly","Ghostly","Ghostly"]},{"damage_healed":0,"gold_gain":0,"player_choice":"Read","damage_taken":0,"max_hp_gain":0,"max_hp_loss":0,"event_name":"The Library","floor":30,"gold_loss":0,"cards_obtained":["Anger"]},{"damage_healed":0,"gold_gain":0,"player_choice":"Bought 0 Potions","damage_taken":0,"max_hp_gain":0,"max_hp_loss":0,"event_name":"The Woman in Blue","floor":36,"gold_loss":0},{"damage_healed":0,"gold_gain":0,"player_choice":"Max HP","damage_taken":0,"max_hp_gain":0,"max_hp_loss":2,"event_name":"Winding Halls","floor":41,"gold_loss":0},{"damage_healed":0,"gold_gain":0,"player_choice":"Fight","damage_taken":0,"max_hp_gain":0,"max_hp_loss":0,"event_name":"MindBloom","floor":44,"gold_loss":0}],"is_beta":false,"boss_relics":[{"not_picked":["Fusion Hammer","Ectoplasm"],"picked":"SacredBark"},{"not_picked":["Calling Bell","Tiny House"],"picked":"Astrolabe"}],"items_purged_floors":[19,38],"is_endless":false,"potions_floor_spawned":[3,7,13,16,18,22,29,33,35,39,47,48],"killed_by":"The Heart","ascension_level":20}