{"gold_per_floor":[110,121,271,290,16,16,43,43,43,68,118,150,168,181,181,258,258,273,173,173,88,120,146,146,146],"floor_reached":25,"playtime":709,"items_purged":["Doubt","Normality"],"score":524,"play_id":"59dfa32d-2239-41d9-a55a-d1923968838a","local_time":"20230225194148","is_ascension_mode":true,"campfire_choices":[{"data":"Searing Blow","floor":6,"key":"SMITH"},{"data":"Searing Blow+1","floor":8,"key":"SMITH"},{"data":"1","floor":15,"key":"LIFT"},{"data":"2","floor":24,"key":"LIFT"}],"neow_cost":"CURSE","seed_source_timestamp":2544163309260300,"circlet_count":0,"master_deck":["AscendersBane","Strike_R","Defend_R","Defend_R","Defend_R","Defend_R","Bash","Fiend Fire","Searing Blow+2","Anger","Feel No Pain","Apotheosis","Inflame","Headbutt","Ghostly Armor","Flame Barrier","Corruption","Demon Form","Wild Strike+1","Brutality+1","Battle Trance+1","Disarm","Flex+1"],"relics":["Burning Blood","Ornamental Fan","Sundial","Girya","Happy Flower","Astrolabe","Toxic Egg 2","Red Mask","Art of War"],"potions_floor_usage":[7,12,16,23,23,25],"damage_taken":[{"damage":10,"enemies":"Small Slimes","floor":1,"turns":3},{"damage":0,"enemies":"Cultist","floor":2,"turns":3},{"damage":7,"enemies":"Jaw Worm","floor":4,"turns":3},{"damage":8,"enemies":"Gremlin Nob","floor":7,"turns":3},{"damage":16,"enemies":"3 Sentries","floor":10,"turns":8},{"damage":20,"enemies":"Lagavulin","floor":12,"turns":6},{"damage":13,"enemies":"Blue Slaver","floor":13,"turns":2},{"damage":6,"enemies":"Looter","floor":14,"turns":2},{"damage":11,"enemies":"Hexaghost","floor":16,"turns":7},{"damage":11,"enemies":"Shell Parasite","floor":18,"turns":4},{"damage":34,"enemies":"Masked Bandits","floor":22,"turns":5},{"damage":0,"enemies":"Slavers","floor":23,"turns":4},{"damage":37,"enemies":"Gremlin Leader","floor":25,"turns":2}],"seed_played":"2750160505669279731","potions_obtained":[{"floor":4,"key":"FearPotion"},{"floor":10,"key":"DistilledChaos"},{"floor":12,"key":"SmokeBomb"},{"floor":14,"key":"DistilledChaos"},{"floor":16,"key":"Explosive Potion"},{"floor":22,"key":"DuplicationPotion"},{"floor":23,"key":"Strength Potion"}],"is_trial":false,"path_per_floor":["M","M","?","M","$","R","E","R","T","E","?","E","M","M","R","B",null,"M","$","?","?","?","E","R","E"],"character_chosen":"IRONCLAD","items_purchased":["Apotheosis"],"campfire_rested":0,"item_purchase_floors":[5],"current_hp_per_floor":[64,70,70,69,69,69,67,67,67,57,57,43,36,36,36,31,64,59,59,59,59,31,37,37,0],"gold":146,"neow_bonus":"THREE_RARE_CARDS","is_prod":false,"is_daily":false,"chose_seed":false,"campfire_upgraded":2,"win_rate":0,"timestamp":1677350508,"path_taken":["M","M","?","M","$","R","E","R","T","E","?","E","M","?","R","BOSS","M","$","?","?","?","E","R","E"],"build_version":"2022-12-18","purchased_purges":2,"victory":false,"max_hp_per_floor":[75,75,75,75,75,75,75,75,75,75,75,75,75,75,75,75,75,75,75,75,75,75,75,75,75],"card_choices":[{"not_picked":["Brutality","Corruption"],"picked":"Fiend Fire","floor":0},{"not_picked":["Havoc","Clothesline"],"picked":"Searing Blow","floor":1},{"not_picked":["Entrench","Havoc"],"picked":"Anger","floor":2},{"not_picked":["Cleave","True Grit"],"picked":"Feel No Pain","floor":4},{"not_picked":["Pommel Strike","Flex"],"picked":"Inflame","floor":7},{"not_picked":["Bloodletting","Fire Breathing"],"picked":"Headbutt","floor":10},{"not_picked":["Thunderclap","Wild Strike"],"picked":"Ghostly Armor","floor":12},{"not_picked":["Power Through","Pommel Strike"],"picked":"Flame Barrier","floor":13},{"not_picked":["Infernal Blade","Feel No Pain"],"picked":"Corruption","floor":14},{"not_picked":["Offering","Corruption"],"picked":"Demon Form","floor":16},{"not_picked":["Perfected Strike","Armaments"],"picked":"Disarm","floor":18},{"not_picked":["True Grit+1","Sword Boomerang"],"picked":"Flex+1","floor":23}],"player_experience":2155598,"relics_obtained":[{"floor":7,"key":"Ornamental Fan"},{"floor":9,"key":"Sundial"},{"floor":10,"key":"Girya"},{"floor":12,"key":"Happy Flower"},{"floor":22,"key":"Red Mask"},{"floor":23,"key":"Art of War"}],"event_choices":[{"damage_healed":0,"gold_gain":150,"player_choice":"AGREE","damage_taken":0,"max_hp_gain":0,"max_hp_loss":0,"event_name":"Liars Game","floor":3,"gold_loss":0,"cards_obtained":["Doubt"]},{"damage_healed":0,"gold_gain":50,"player_choice":"Pray","damage_taken":0,"max_hp_gain":0,"max_hp_loss":0,"event_name":"Golden Shrine","floor":11,"gold_loss":0},{"cards_removed":["Strike_R"],"damage_healed":0,"gold_gain":0,"player_choice":"Elegance","damage_taken":0,"max_hp_gain":0,"max_hp_loss":0,"event_name":"Back to Basics","floor":20,"gold_loss":0},{"damage_healed":0,"gold_gain":0,"player_choice":"Obtained Relic","damage_taken":0,"relics_obtained":["Toxic Egg 2"],"max_hp_gain":0,"max_hp_loss":0,"event_name":"Addict","floor":21,"gold_loss":85},{"damage_healed":0,"gold_gain":0,"player_choice":"Fought Bandits","damage_taken":0,"max_hp_gain":0,"max_hp_loss":0,"event_name":"Masked Bandits","floor":22,"gold_loss":0}],"is_beta":false,"boss_relics":[{"not_picked":["Velvet Choker","Snecko Eye"],"picked":"Astrolabe"}],"items_purged_floors":[5,19],"is_endless":false,"potions_floor_spawned":[4,10,12,14,16,22,23],"killed_by":"Gremlin Leader","ascension_level":20}