{"gold_per_floor":[112,14,32,42,42,74,74,91,115,143,143,143,143,143,143,216,216,234,234,234,244,254,285,314,314,314,66,86,11,36,70,70,144,144,156,181,181,226,226,255,255,296,305,345,18,45,67,79,79,79,79,79,79,46,78,78],"floor_reached":56,"playtime":3996,"items_purged":["Strike_R","Parasite"],"score":2309,"play_id":"43b5729a-a2e4-4ce3-8acf-bf3255bf6d1c","local_time":"20230227114502","is_ascension_mode":true,"campfire_choices":[{"data":"Discovery","floor":7,"key":"SMITH"},{"data":"Feel No Pain","floor":15,"key":"SMITH"},{"floor":25,"key":"REST"},{"data":"Trip","floor":32,"key":"SMITH"},{"data":"Second Wind","floor":41,"key":"SMITH"},{"floor":49,"key":"RECALL"},{"data":"Writhe","floor":53,"key":"PURGE"}],"neow_cost":"NONE","seed_source_timestamp":1093300389000,"circlet_count":0,"master_deck":["AscendersBane","Strike_R","Strike_R","Strike_R","Defend_R","Defend_R","Defend_R","Bash","Discovery+1","Disarm+1","Trip+1","Feel No Pain+1","Havoc+1","Dropkick","Exhume","Reaper","True Grit+1","Ghostly Armor","Exhume","Second Wind+1","Sentinel","Intimidate","Offering","Entrench+1","Second Wind","Intimidate","Burning Pact","Exhume","True Grit","Mayhem","Finesse","Purity","Infernal Blade+1","Havoc"],"relics":["Burning Blood","Orichalcum","War Paint","Pen Nib","Question Card","Dead Branch","Runic Pyramid","Mango","Paper Frog","WingedGreaves","Calipers","PreservedInsect","Strawberry","Charon\u0027s Ashes","Cursed Key","Du-Vu Doll","Bird Faced Urn","The Courier","CeramicFish","Peace Pipe","StoneCalendar","Oddly Smooth Stone","Bag of Preparation","Vajra"],"potions_floor_usage":[10,16,18,23,23,31,38,47,56,56],"damage_taken":[{"damage":0,"enemies":"2 Louse","floor":1,"turns":3},{"damage":1,"enemies":"Small Slimes","floor":3,"turns":4},{"damage":4,"enemies":"Jaw Worm","floor":4,"turns":4},{"damage":36,"enemies":"Lagavulin","floor":6,"turns":7},{"damage":6,"enemies":"Looter","floor":8,"turns":3},{"damage":18,"enemies":"Gremlin Nob","floor":10,"turns":4},{"damage":11,"enemies":"Slime Boss","floor":16,"turns":4},{"damage":17,"enemies":"2 Thieves","floor":18,"turns":4},{"damage":24,"enemies":"Shell Parasite","floor":21,"turns":7},{"damage":16,"enemies":"Centurion and Healer","floor":22,"turns":6},{"damage":36,"enemies":"Slavers","floor":23,"turns":10},{"damage":38,"enemies":"Gremlin Leader","floor":24,"turns":4},{"damage":80,"enemies":"3 Cultists","floor":28,"turns":7},{"damage":4,"enemies":"Book of Stabbing","floor":30,"turns":6},{"damage":30,"enemies":"Slavers","floor":31,"turns":6},{"damage":18,"enemies":"Automaton","floor":33,"turns":4},{"damage":6,"enemies":"Orb Walker","floor":35,"turns":4},{"damage":3,"enemies":"Mind Bloom Boss Battle","floor":36,"turns":7},{"damage":32,"enemies":"2 Orb Walkers","floor":38,"turns":6},{"damage":0,"enemies":"Nemesis","floor":40,"turns":5},{"damage":30,"enemies":"Giant Head","floor":42,"turns":6},{"damage":0,"enemies":"Reptomancer","floor":44,"turns":4},{"damage":15,"enemies":"3 Darklings","floor":47,"turns":3},{"damage":12,"enemies":"Spire Growth","floor":48,"turns":5},{"damage":23,"enemies":"Awakened One","floor":50,"turns":5},{"damage":24,"enemies":"Time Eater","floor":51,"turns":7},{"damage":12,"enemies":"Shield and Spear","floor":55,"turns":3},{"damage":107,"enemies":"The Heart","floor":56,"turns":9}],"seed_played":"-3046353858973677926","potions_obtained":[{"floor":6,"key":"Fruit Juice"},{"floor":8,"key":"SkillPotion"},{"floor":10,"key":"AttackPotion"},{"floor":18,"key":"FearPotion"},{"floor":21,"key":"Fire Potion"},{"floor":30,"key":"Energy Potion"},{"floor":31,"key":"Swift Potion"},{"floor":33,"key":"Regen Potion"},{"floor":38,"key":"DistilledChaos"},{"floor":42,"key":"DuplicationPotion"},{"floor":47,"key":"Dexterity Potion"}],"is_trial":false,"path_per_floor":["M","$","M","M","?","E","R","M","T","E","?","?","T","?","R","B",null,"M","?","T","M","M","E","E","R","T","$","M","$","E","E","R","B",null,"M","?","?","?","?","E","R","E","T","E","$","?","M","M","R","B","B",null,"R","$","E","B"],"character_chosen":"IRONCLAD","items_purchased":["Trip","Second Wind","PreservedInsect","Oddly Smooth Stone","Bag of Preparation","Havoc"],"campfire_rested":1,"item_purchase_floors":[2,27,27,45,45,54],"current_hp_per_floor":[74,74,75,75,57,27,27,27,27,20,13,13,13,39,39,34,69,58,72,72,78,94,80,48,76,76,76,63,63,76,73,73,61,91,98,101,101,90,90,101,101,89,89,101,98,88,98,98,98,98,98,98,98,98,92,0],"gold":78,"neow_bonus":"RANDOM_COLORLESS","is_prod":false,"is_daily":false,"chose_seed":false,"campfire_upgraded":4,"win_rate":0,"timestamp":1677494702,"path_taken":["M","$","M","M","?","E","R","M","T","E","?","?","?","?","R","BOSS","M","?","?","M","M","E","E","R","T","$","M","$","E","E","R","BOSS","M","?","?","?","?","E","R","E","T","E","$","?","M","M","R","BOSS","BOSS","R","$","E","BOSS"],"build_version":"2022-12-18","purchased_purges":2,"victory":false,"max_hp_per_floor":[75,75,75,75,75,75,75,75,75,80,80,80,80,80,80,80,80,80,94,94,94,94,94,94,94,94,94,94,94,101,101,101,101,101,101,101,101,101,101,101,101,101,101,101,98,98,98,98,98,98,98,98,98,98,98,98],"card_choices":[{"not_picked":["Forethought","Good Instincts"],"picked":"Discovery","floor":0},{"not_picked":["Power Through","Body Slam"],"picked":"Disarm","floor":1},{"not_picked":["Clash","Seeing Red"],"picked":"Feel No Pain","floor":3},{"not_picked":["Reckless Charge","Inflame"],"picked":"Havoc","floor":4},{"not_picked":["Sentinel","Sword Boomerang"],"picked":"Dropkick","floor":6},{"not_picked":["Flex","Clothesline","Headbutt"],"picked":"SKIP","floor":8},{"not_picked":["Shrug It Off","Rampage"],"picked":"Exhume","floor":10},{"not_picked":["Limit Break","Barricade","Immolate"],"picked":"Reaper","floor":16},{"not_picked":["Pommel Strike","Clash+1","Evolve","Body Slam"],"picked":"SKIP","floor":18},{"not_picked":["Dropkick","Clothesline","Hemokinesis","Anger"],"picked":"SKIP","floor":21},{"not_picked":["Havoc+1","Rupture","Seeing Red"],"picked":"True Grit+1","floor":22},{"not_picked":["Cleave","Warcry","Bloodletting"],"picked":"Ghostly Armor","floor":23},{"not_picked":["Whirlwind","Clothesline","Body Slam+1"],"picked":"Exhume","floor":24},{"not_picked":["Fire Breathing","Armaments","Headbutt"],"picked":"Sentinel","floor":28},{"not_picked":["Shrug It Off","Perfected Strike","Armaments","Anger+1"],"picked":"SKIP","floor":30},{"not_picked":["Iron Wave","Pummel","Body Slam"],"picked":"Intimidate","floor":31},{"not_picked":["Immolate","Berserk","Demon Form"],"picked":"Offering","floor":33},{"not_picked":["Anger","Headbutt","Heavy Blade"],"picked":"Entrench+1","floor":35},{"not_picked":["Sword Boomerang","Headbutt","Hemokinesis+1"],"picked":"Second Wind","floor":36},{"not_picked":["Pommel Strike","Flex+1","Anger"],"picked":"Intimidate","floor":38},{"not_picked":["Sword Boomerang+1","Blood for Blood","Wild Strike"],"picked":"Burning Pact","floor":40},{"not_picked":["Flex+1","Heavy Blade","Thunderclap"],"picked":"Exhume","floor":42},{"not_picked":["Anger+1","Iron Wave","Sever Soul+1"],"picked":"True Grit","floor":44},{"not_picked":["Impatience","Forethought","Dramatic Entrance"],"picked":"Mayhem","floor":46},{"not_picked":["Thinking Ahead","Flash of Steel","Impatience"],"picked":"Finesse","floor":46},{"not_picked":["Bandage Up","Trip","Swift Strike"],"picked":"Purity","floor":46},{"not_picked":["Perfected Strike","Pommel Strike","Dropkick"],"picked":"Infernal Blade+1","floor":47},{"not_picked":["Hemokinesis","Shrug It Off","Body Slam","Metallicize"],"picked":"SKIP","floor":48},{"not_picked":["Battle Trance+1","Twin Strike","Iron Wave","Body Slam"],"picked":"SKIP","floor":55}],"player_experience":2170844,"relics_obtained":[{"floor":6,"key":"War Paint"},{"floor":9,"key":"Pen Nib"},{"floor":10,"key":"Question Card"},{"floor":13,"key":"Dead Branch"},{"floor":20,"key":"Paper Frog"},{"floor":23,"key":"WingedGreaves"},{"floor":24,"key":"Calipers"},{"floor":30,"key":"Strawberry"},{"floor":31,"key":"Charon\u0027s Ashes"},{"floor":36,"key":"Du-Vu Doll"},{"floor":38,"key":"Bird Faced Urn"},{"floor":40,"key":"The Courier"},{"floor":42,"key":"CeramicFish"},{"floor":43,"key":"Peace Pipe"},{"floor":44,"key":"StoneCalendar"},{"floor":55,"key":"Vajra"}],"event_choices":[{"damage_healed":0,"gold_gain":0,"player_choice":"Success","damage_taken":18,"relics_obtained":["Orichalcum"],"max_hp_gain":0,"max_hp_loss":0,"event_name":"Scrap Ooze","floor":5,"gold_loss":0},{"cards_removed":["Strike_R"],"damage_healed":0,"gold_gain":0,"player_choice":"Card Removal","damage_taken":7,"max_hp_gain":0,"max_hp_loss":0,"event_name":"Golden Wing","floor":11,"gold_loss":0},{"damage_healed":0,"gold_gain":0,"player_choice":"Searched \u00270\u0027 times","damage_taken":0,"max_hp_gain":0,"max_hp_loss":0,"event_name":"Dead Adventurer","floor":12,"gold_loss":0},{"damage_healed":26,"gold_gain":0,"player_choice":"Banana","damage_taken":0,"max_hp_gain":0,"max_hp_loss":0,"event_name":"Big Fish","floor":14,"gold_loss":0},{"damage_healed":0,"gold_gain":0,"player_choice":"Opened","damage_taken":0,"relics_obtained":["Mango"],"max_hp_gain":0,"max_hp_loss":0,"event_name":"The Mausoleum","floor":19,"gold_loss":0,"cards_obtained":["Writhe"]},{"damage_healed":0,"gold_gain":0,"player_choice":"Fight","damage_taken":0,"max_hp_gain":0,"max_hp_loss":0,"event_name":"MindBloom","floor":36,"gold_loss":0},{"damage_healed":0,"gold_gain":0,"player_choice":"Ignored","damage_taken":0,"max_hp_gain":0,"max_hp_loss":0,"event_name":"Tomb of Lord Red Mask","floor":37,"gold_loss":0},{"damage_healed":0,"gold_gain":0,"player_choice":"Fight","damage_taken":0,"max_hp_gain":0,"max_hp_loss":0,"event_name":"Mysterious Sphere","floor":38,"gold_loss":0},{"cards_removed":["Defend_R"],"damage_healed":0,"gold_gain":0,"player_choice":"Removed Skill","damage_taken":0,"max_hp_gain":0,"max_hp_loss":0,"event_name":"Falling","floor":39,"gold_loss":0},{"damage_healed":0,"gold_gain":0,"player_choice":"Memory 3","damage_taken":10,"max_hp_gain":0,"max_hp_loss":0,"event_name":"SensoryStone","floor":46,"gold_loss":0}],"is_beta":false,"boss_relics":[{"not_picked":["Tiny House","Black Blood"],"picked":"Runic Pyramid"},{"not_picked":["Black Star","Calling Bell"],"picked":"Cursed Key"}],"items_purged_floors":[29,45],"is_endless":false,"potions_floor_spawned":[6,8,10,18,21,30,31,33,38,40,42,47],"killed_by":"The Heart","ascension_level":20}