{"gold_per_floor":[110,185,285,305,318,345,345,11,11,31,56,71,90,115,115,189,189,205,223,273,273],"floor_reached":21,"playtime":728,"items_purged":[],"score":402,"play_id":"b3d4cdd6-36f9-4e2b-b0de-2bda3c84008e","local_time":"20230225133034","is_ascension_mode":true,"campfire_choices":[{"floor":7,"key":"REST"},{"data":"Disarm","floor":15,"key":"SMITH"}],"neow_cost":"NONE","seed_source_timestamp":2521867295944200,"circlet_count":0,"master_deck":["AscendersBane","Strike_R","Strike_R","Strike_R","Strike_R","Strike_R","Defend_R","Defend_R","Defend_R","Defend_R","Bash","Berserk","Thunderclap","Pommel Strike","Shrug It Off","Feed","Disarm+1","Dropkick","Impervious","Offering","Ghostly Armor"],"relics":["Burning Blood","Question Card","ClockworkSouvenir","Art of War","Red Skull","Tiny Chest","Busted Crown"],"potions_floor_usage":[6,6,14,16,16,19],"damage_taken":[{"damage":7,"enemies":"Jaw Worm","floor":1,"turns":3},{"damage":6,"enemies":"2 Louse","floor":4,"turns":4},{"damage":0,"enemies":"Cultist","floor":5,"turns":3},{"damage":36,"enemies":"Lagavulin","floor":6,"turns":8},{"damage":3,"enemies":"Blue Slaver","floor":10,"turns":3},{"damage":36,"enemies":"Gremlin Nob","floor":11,"turns":5},{"damage":0,"enemies":"Exordium Thugs","floor":12,"turns":4},{"damage":5,"enemies":"3 Louse","floor":13,"turns":3},{"damage":10,"enemies":"Lagavulin","floor":14,"turns":7},{"damage":13,"enemies":"Hexaghost","floor":16,"turns":9},{"damage":41,"enemies":"Spheric Guardian","floor":18,"turns":6},{"damage":22,"enemies":"2 Thieves","floor":19,"turns":5},{"damage":37,"enemies":"Cultist and Chosen","floor":21,"turns":4}],"seed_played":"-2164549932686496910","potions_obtained":[{"floor":4,"key":"SteroidPotion"},{"floor":5,"key":"Energy Potion"},{"floor":11,"key":"FearPotion"},{"floor":13,"key":"Strength Potion"},{"floor":14,"key":"Weak Potion"},{"floor":18,"key":"FearPotion"}],"is_trial":false,"path_per_floor":["M","?","?","M","M","E","R","$","T","M","E","M","M","E","R","B",null,"M","M","?","M"],"character_chosen":"IRONCLAD","items_purchased":["ClockworkSouvenir","Feed"],"campfire_rested":1,"item_purchase_floors":[8,8],"current_hp_per_floor":[67,56,56,56,62,32,54,54,54,60,33,42,46,42,42,35,74,39,26,26,0],"gold":273,"neow_bonus":"ONE_RANDOM_RARE_CARD","is_prod":false,"is_daily":false,"chose_seed":false,"campfire_upgraded":1,"win_rate":0,"timestamp":1677328234,"path_taken":["M","?","?","M","M","E","R","$","T","M","E","M","?","E","R","BOSS","M","M","?","M"],"build_version":"2022-12-18","purchased_purges":0,"victory":false,"max_hp_per_floor":[75,75,75,75,75,75,75,75,75,78,81,84,87,87,87,87,87,87,90,90,93],"card_choices":[{"not_picked":["Reckless Charge","Seeing Red"],"picked":"Thunderclap","floor":1},{"not_picked":["Reckless Charge","Twin Strike"],"picked":"Pommel Strike","floor":4},{"not_picked":["Headbutt","Blood for Blood"],"picked":"Shrug It Off","floor":5},{"not_picked":["Infernal Blade","Perfected Strike","Headbutt"],"picked":"SKIP","floor":6},{"not_picked":["Entrench","Infernal Blade","Cleave","Body Slam"],"picked":"SKIP","floor":10},{"not_picked":["Flex","Metallicize","Heavy Blade"],"picked":"Disarm","floor":11},{"not_picked":["Fire Breathing","Twin Strike","Metallicize"],"picked":"Dropkick","floor":12},{"not_picked":["Flex","Wild Strike","Armaments"],"picked":"Impervious","floor":13},{"not_picked":["Body Slam","Sword Boomerang","Carnage","Twin Strike"],"picked":"SKIP","floor":14},{"not_picked":["Corruption","Feed","Impervious"],"picked":"Offering","floor":16},{"not_picked":["Heavy Blade","Clothesline"],"picked":"SKIP","floor":18},{"not_picked":["Metallicize"],"picked":"Ghostly Armor","floor":19}],"player_experience":2138789,"relics_obtained":[{"floor":6,"key":"Question Card"},{"floor":9,"key":"Art of War"},{"floor":11,"key":"Red Skull"},{"floor":14,"key":"Tiny Chest"}],"event_choices":[{"damage_healed":0,"gold_gain":75,"player_choice":"Gather Gold","damage_taken":11,"max_hp_gain":0,"max_hp_loss":0,"event_name":"World of Goop","floor":2,"gold_loss":0},{"damage_healed":0,"gold_gain":100,"player_choice":"Gold","damage_taken":0,"max_hp_gain":0,"max_hp_loss":0,"event_name":"Wheel of Change","floor":3,"gold_loss":0},{"damage_healed":0,"gold_gain":50,"player_choice":"Pray","damage_taken":0,"max_hp_gain":0,"max_hp_loss":0,"event_name":"Golden Shrine","floor":20,"gold_loss":0}],"is_beta":false,"boss_relics":[{"not_picked":["Mark of Pain","Coffee Dripper"],"picked":"Busted Crown"}],"items_purged_floors":[],"is_endless":false,"potions_floor_spawned":[4,5,11,13,14,18],"killed_by":"Cultist and Chosen","ascension_level":20}