{"gold_per_floor":[109,109,259,22,22,22,40,40,115,148,173,217,251,275,275,275],"floor_reached":16,"playtime":526,"items_purged":["Doubt"],"score":266,"play_id":"8e9a64fe-d403-4d88-bda3-809efc0b7c9e","local_time":"20230225174916","is_ascension_mode":true,"campfire_choices":[{"data":"Apotheosis","floor":6,"key":"SMITH"},{"floor":8,"key":"REST"},{"floor":15,"key":"RECALL"}],"neow_cost":"PERCENT_DAMAGE","seed_source_timestamp":2537593505673200,"circlet_count":0,"master_deck":["AscendersBane","Strike_R","Strike_R","Strike_R","Strike_R","Strike_R","Defend_R","Defend_R","Defend_R","Defend_R","Bash","Apotheosis+1","Battle Trance","Warcry","Double Tap","Body Slam","True Grit","Barricade","Rage"],"relics":["Burning Blood","Toy Ornithopter","Golden Idol","Gremlin Horn","MealTicket","Ornamental Fan","Odd Mushroom"],"potions_floor_usage":[10,12,16],"damage_taken":[{"damage":0,"enemies":"Cultist","floor":1,"turns":3},{"damage":0,"enemies":"Jaw Worm","floor":7,"turns":3},{"damage":10,"enemies":"3 Sentries","floor":10,"turns":7},{"damage":0,"enemies":"2 Louse","floor":11,"turns":4},{"damage":0,"enemies":"Lagavulin","floor":12,"turns":4},{"damage":21,"enemies":"The Mushroom Lair","floor":13,"turns":4},{"damage":10,"enemies":"Exordium Wildlife","floor":14,"turns":5},{"damage":78,"enemies":"Slime Boss","floor":16,"turns":13}],"seed_played":"1784994720794858243","potions_obtained":[{"floor":1,"key":"Energy Potion"},{"floor":7,"key":"Dexterity Potion"},{"floor":10,"key":"Block Potion"},{"floor":13,"key":"Regen Potion"}],"is_trial":false,"path_per_floor":["M","?","?","$","?","R","M","R","T","E","M","E","?","M","R","B"],"character_chosen":"IRONCLAD","items_purchased":["Toy Ornithopter"],"campfire_rested":1,"item_purchase_floors":[4],"current_hp_per_floor":[56,56,56,56,30,30,36,58,58,59,65,75,60,56,56,0],"gold":275,"neow_bonus":"RANDOM_COLORLESS_2","is_prod":false,"is_daily":false,"chose_seed":false,"campfire_upgraded":1,"win_rate":0,"timestamp":1677343756,"path_taken":["M","?","?","$","?","R","?","R","T","E","M","E","?","M","R","BOSS"],"build_version":"2022-12-18","purchased_purges":1,"victory":false,"max_hp_per_floor":[75,75,75,75,75,75,75,75,75,75,75,75,75,75,75,75],"card_choices":[{"not_picked":["Metamorphosis","Mayhem"],"picked":"Apotheosis","floor":0},{"not_picked":["Iron Wave","Headbutt"],"picked":"Battle Trance","floor":1},{"not_picked":["True Grit","Twin Strike"],"picked":"Warcry","floor":7},{"not_picked":["Cleave","Carnage"],"picked":"Double Tap","floor":10},{"not_picked":["Intimidate","Heavy Blade"],"picked":"Body Slam","floor":11},{"not_picked":["Anger","Headbutt"],"picked":"True Grit","floor":12},{"not_picked":["True Grit","Pummel"],"picked":"Barricade","floor":13},{"not_picked":["Combust","Metallicize"],"picked":"Rage","floor":14}],"player_experience":2149136,"relics_obtained":[{"floor":9,"key":"Gremlin Horn"},{"floor":10,"key":"MealTicket"},{"floor":12,"key":"Ornamental Fan"},{"floor":13,"key":"Odd Mushroom"}],"event_choices":[{"damage_healed":0,"gold_gain":0,"player_choice":"Ignored","damage_taken":0,"max_hp_gain":0,"max_hp_loss":0,"event_name":"Shining Light","floor":2,"gold_loss":0},{"damage_healed":0,"gold_gain":150,"player_choice":"AGREE","damage_taken":0,"max_hp_gain":0,"max_hp_loss":0,"event_name":"Liars Game","floor":3,"gold_loss":0,"cards_obtained":["Doubt"]},{"damage_healed":0,"gold_gain":0,"player_choice":"Take Damage","damage_taken":26,"relics_obtained":["Golden Idol"],"max_hp_gain":0,"max_hp_loss":0,"event_name":"Golden Idol","floor":5,"gold_loss":0},{"damage_healed":0,"gold_gain":0,"player_choice":"Fought Mushrooms","damage_taken":0,"max_hp_gain":0,"max_hp_loss":0,"event_name":"Mushrooms","floor":13,"gold_loss":0}],"is_beta":false,"boss_relics":[],"items_purged_floors":[4],"is_endless":false,"potions_floor_spawned":[1,7,10,13],"killed_by":"Slime Boss","ascension_level":20}