{"gold_per_floor":[413,425,17,17,36,36,79,79,79,79,114,42,56,56,56,56],"floor_reached":16,"playtime":411,"items_purged":["Doubt"],"score":216,"play_id":"ea5826c3-4d3b-46aa-98a4-37fc5842d42d","local_time":"20230225143443","is_ascension_mode":true,"campfire_choices":[{"data":"Searing Blow","floor":6,"key":"SMITH"},{"data":"Searing Blow+1","floor":8,"key":"SMITH"},{"data":"Searing Blow+2","floor":10,"key":"SMITH"},{"data":"Searing Blow+3","floor":15,"key":"SMITH"}],"neow_cost":"CURSE","seed_source_timestamp":2526036298059700,"circlet_count":0,"master_deck":["AscendersBane","Strike_R","Strike_R","Strike_R","Strike_R","Strike_R","Defend_R","Defend_R","Defend_R","Defend_R","Bash","Anger","Searing Blow+4","Havoc","Shrug It Off","Spot Weakness","Dual Wield"],"relics":["Burning Blood","Old Coin","Toy Ornithopter","Oddly Smooth Stone","Golden Idol","Magic Flower","Odd Mushroom"],"potions_floor_usage":[11,14],"damage_taken":[{"damage":6,"enemies":"Cultist","floor":1,"turns":3},{"damage":0,"enemies":"2 Louse","floor":2,"turns":3},{"damage":12,"enemies":"Small Slimes","floor":5,"turns":5},{"damage":44,"enemies":"Lagavulin","floor":7,"turns":6},{"damage":12,"enemies":"The Mushroom Lair","floor":11,"turns":4},{"damage":26,"enemies":"3 Louse","floor":13,"turns":6},{"damage":0,"enemies":"3 Sentries","floor":14,"turns":2},{"damage":42,"enemies":"Slime Boss","floor":16,"turns":6}],"seed_played":"3576149231154576149","potions_obtained":[{"floor":1,"key":"SmokeBomb"},{"floor":2,"key":"FairyPotion"},{"floor":7,"key":"LiquidMemories"}],"is_trial":false,"path_per_floor":["M","M","$","?","M","R","E","R","T","R","?","?","M","E","R","B"],"character_chosen":"IRONCLAD","items_purchased":["Toy Ornithopter","Oddly Smooth Stone"],"campfire_rested":0,"item_purchase_floors":[3,3],"current_hp_per_floor":[68,74,74,48,42,42,28,28,28,28,33,33,16,33,33,0],"gold":56,"neow_bonus":"ONE_RARE_RELIC","is_prod":false,"is_daily":false,"chose_seed":false,"campfire_upgraded":4,"win_rate":0,"timestamp":1677332083,"path_taken":["M","M","?","?","M","R","E","R","T","R","?","?","M","E","R","BOSS"],"build_version":"2022-12-18","purchased_purges":1,"victory":false,"max_hp_per_floor":[75,75,75,75,75,75,75,75,75,75,75,75,75,75,75,75],"card_choices":[{"not_picked":["Havoc","Shrug It Off"],"picked":"Anger","floor":1},{"not_picked":["Entrench","Dark Embrace"],"picked":"Searing Blow","floor":2},{"not_picked":["Iron Wave","Heavy Blade"],"picked":"Havoc","floor":5},{"not_picked":["Seeing Red","Armaments"],"picked":"Shrug It Off","floor":7},{"not_picked":["Clothesline","Intimidate"],"picked":"Spot Weakness","floor":11},{"not_picked":["Warcry","Twin Strike"],"picked":"Dual Wield","floor":13}],"player_experience":2142873,"relics_obtained":[{"floor":7,"key":"Magic Flower"},{"floor":11,"key":"Odd Mushroom"}],"event_choices":[{"damage_healed":0,"gold_gain":0,"player_choice":"Take Damage","damage_taken":26,"relics_obtained":["Golden Idol"],"max_hp_gain":0,"max_hp_loss":0,"event_name":"Golden Idol","floor":4,"gold_loss":0},{"damage_healed":0,"gold_gain":0,"player_choice":"Fought Mushrooms","damage_taken":0,"max_hp_gain":0,"max_hp_loss":0,"event_name":"Mushrooms","floor":11,"gold_loss":0},{"damage_healed":0,"gold_gain":0,"player_choice":"Left Gold","damage_taken":0,"max_hp_gain":0,"max_hp_loss":0,"event_name":"World of Goop","floor":12,"gold_loss":72}],"is_beta":false,"boss_relics":[],"items_purged_floors":[3],"is_endless":false,"potions_floor_spawned":[1,2,7],"killed_by":"Slime Boss","ascension_level":20}