{"gold_per_floor":[110,127,127,202,202,202,29,72,72,107,107,127,163,182,182,182],"floor_reached":16,"playtime":513,"items_purged":[],"score":286,"play_id":"6127d575-8ecd-4b92-9b4a-e8fbab247fc2","local_time":"20230225115845","is_ascension_mode":true,"campfire_choices":[{"data":"Armaments","floor":6,"key":"SMITH"},{"floor":11,"key":"REST"},{"data":"Bash","floor":15,"key":"SMITH"}],"neow_cost":"NONE","seed_source_timestamp":2516573365368100,"circlet_count":0,"master_deck":["AscendersBane","Strike_R","Strike_R","Strike_R","Strike_R","Defend_R","Defend_R+1","Defend_R+1","Defend_R","Bash+1","Cleave","Armaments+1","Sunder","SashWhip","Finisher","Brutality","Conserve Battery"],"relics":["Burning Blood","NeowsBlessing","Golden Idol","PrismaticShard","War Paint","CaptainsWheel","Blue Candle"],"potions_floor_usage":[13,13,16,16],"damage_taken":[{"damage":0,"enemies":"2 Louse","floor":1,"turns":1},{"damage":0,"enemies":"Small Slimes","floor":2,"turns":1},{"damage":0,"enemies":"Lagavulin","floor":8,"turns":1},{"damage":14,"enemies":"3 Sentries","floor":10,"turns":8},{"damage":0,"enemies":"Cultist","floor":12,"turns":3},{"damage":10,"enemies":"Gremlin Nob","floor":13,"turns":4},{"damage":10,"enemies":"Exordium Thugs","floor":14,"turns":5},{"damage":57,"enemies":"Hexaghost","floor":16,"turns":9}],"seed_played":"5988055936092153422","potions_obtained":[{"floor":8,"key":"BlessingOfTheForge"},{"floor":10,"key":"EntropicBrew"},{"floor":12,"key":"AttackPotion"}],"is_trial":false,"path_per_floor":["M","M","?","?","?","R","$","E","T","E","R","M","E","M","R","B"],"character_chosen":"IRONCLAD","items_purchased":["PrismaticShard"],"campfire_rested":1,"item_purchase_floors":[7],"current_hp_per_floor":[74,75,49,38,38,38,38,44,44,36,58,64,60,56,56,0],"gold":182,"neow_bonus":"THREE_ENEMY_KILL","is_prod":false,"is_daily":false,"chose_seed":false,"campfire_upgraded":2,"win_rate":0,"timestamp":1677322725,"path_taken":["M","M","?","?","?","R","$","E","T","E","R","M","E","M","R","BOSS"],"build_version":"2022-12-18","purchased_purges":0,"victory":false,"max_hp_per_floor":[75,75,75,75,75,75,75,75,75,75,75,75,75,75,75,75],"card_choices":[{"not_picked":["Sword Boomerang","Burning Pact"],"picked":"Cleave","floor":1},{"not_picked":["Warcry","Dark Embrace"],"picked":"Armaments","floor":2},{"not_picked":["Evaluate","CrushJoints"],"picked":"Sunder","floor":8},{"not_picked":["CrushJoints","Clothesline"],"picked":"SashWhip","floor":10},{"not_picked":["Crippling Poison","Pummel"],"picked":"Finisher","floor":12},{"not_picked":["Mind Blast","Carnage"],"picked":"Brutality","floor":13},{"not_picked":["Havoc","Cleave"],"picked":"Conserve Battery","floor":14}],"player_experience":2133629,"relics_obtained":[{"floor":8,"key":"War Paint"},{"floor":10,"key":"CaptainsWheel"},{"floor":13,"key":"Blue Candle"}],"event_choices":[{"damage_healed":0,"gold_gain":0,"player_choice":"Take Damage","damage_taken":26,"relics_obtained":["Golden Idol"],"max_hp_gain":0,"max_hp_loss":0,"event_name":"Golden Idol","floor":3,"gold_loss":0},{"damage_healed":0,"gold_gain":75,"player_choice":"Gather Gold","damage_taken":11,"max_hp_gain":0,"max_hp_loss":0,"event_name":"World of Goop","floor":4,"gold_loss":0},{"cards_removed":["Strike_R"],"damage_healed":0,"gold_gain":0,"player_choice":"Offered Basic","damage_taken":0,"max_hp_gain":0,"max_hp_loss":0,"event_name":"Bonfire Elementals","floor":5,"gold_loss":0}],"is_beta":false,"boss_relics":[],"items_purged_floors":[],"is_endless":false,"potions_floor_spawned":[8,10,12],"killed_by":"Hexaghost","ascension_level":20}