{"gold_per_floor":[217,88,88,101,118,118,145,145,171,171,11,44,0,0,0,0],"floor_reached":16,"playtime":339,"items_purged":["Strike_R"],"score":212,"play_id":"f83265e1-7bff-49e6-bcf8-05b396b0d3f0","local_time":"20230225175505","is_ascension_mode":true,"campfire_choices":[{"data":"Pommel Strike","floor":6,"key":"SMITH"},{"data":"Immolate","floor":8,"key":"SMITH"},{"floor":10,"key":"REST"},{"floor":15,"key":"REST"}],"neow_cost":"NONE","seed_source_timestamp":2538129356059700,"circlet_count":0,"master_deck":["AscendersBane","Strike_R","Strike_R","Strike_R","Strike_R","Defend_R","Defend_R","Defend_R","Defend_R","Bash","Rage","Pommel Strike+1","Feel No Pain","Dark Embrace","Immolate+1","Limit Break"],"relics":["Burning Blood","Strawberry","Bronze Scales","Vajra","Oddly Smooth Stone"],"potions_floor_usage":[12,12],"damage_taken":[{"damage":8,"enemies":"Cultist","floor":1,"turns":5},{"damage":7,"enemies":"Jaw Worm","floor":4,"turns":3},{"damage":0,"enemies":"Small Slimes","floor":5,"turns":4},{"damage":54,"enemies":"Gremlin Nob","floor":7,"turns":5},{"damage":40,"enemies":"Lagavulin","floor":12,"turns":7},{"damage":33,"enemies":"The Guardian","floor":16,"turns":8}],"seed_played":"2092034601872060211","potions_obtained":[{"floor":1,"key":"SkillPotion"},{"floor":4,"key":"Explosive Potion"},{"floor":12,"key":"Fruit Juice"}],"is_trial":false,"path_per_floor":["M","$","?","M","M","R","E","R","T","R","$","E","?","?","R","B"],"character_chosen":"IRONCLAD","items_purchased":["Pommel Strike","Vajra"],"campfire_rested":2,"item_purchase_floors":[2,11],"current_hp_per_floor":[66,66,66,65,71,71,30,30,30,54,54,25,25,7,33,0],"gold":0,"neow_bonus":"HUNDRED_GOLD","is_prod":false,"is_daily":false,"chose_seed":false,"campfire_upgraded":2,"win_rate":0,"timestamp":1677344105,"path_taken":["M","$","?","M","M","R","E","R","T","R","$","E","?","?","R","BOSS"],"build_version":"2022-12-18","purchased_purges":1,"victory":false,"max_hp_per_floor":[75,75,75,75,75,75,82,82,82,82,82,87,87,87,87,87],"card_choices":[{"not_picked":["Infernal Blade","Headbutt"],"picked":"Rage","floor":1},{"not_picked":["Flex","Sword Boomerang"],"picked":"Feel No Pain","floor":4},{"not_picked":["Twin Strike","Headbutt"],"picked":"Dark Embrace","floor":5},{"not_picked":["Shrug It Off","Warcry"],"picked":"Immolate","floor":7},{"not_picked":["Shrug It Off","Clothesline"],"picked":"Limit Break","floor":12}],"player_experience":2149662,"relics_obtained":[{"floor":7,"key":"Strawberry"},{"floor":9,"key":"Bronze Scales"},{"floor":12,"key":"Oddly Smooth Stone"}],"event_choices":[{"damage_healed":0,"gold_gain":0,"player_choice":"Ignored","damage_taken":0,"max_hp_gain":0,"max_hp_loss":0,"event_name":"Liars Game","floor":3,"gold_loss":0},{"damage_healed":0,"gold_gain":0,"player_choice":"Left Gold","damage_taken":0,"max_hp_gain":0,"max_hp_loss":0,"event_name":"World of Goop","floor":13,"gold_loss":44},{"damage_healed":0,"gold_gain":0,"player_choice":"Fled","damage_taken":18,"max_hp_gain":0,"max_hp_loss":0,"event_name":"Scrap Ooze","floor":14,"gold_loss":0}],"is_beta":false,"boss_relics":[],"items_purged_floors":[2],"is_endless":false,"potions_floor_spawned":[1,4,12],"killed_by":"The Guardian","ascension_level":20}