{"gold_per_floor":[114,114,129,129,129,158,158,191,191,203,229,56,91,104,104,175,175,193,227,227,62,76,103,303,329,378,389,419,431,462,474,486,498],"floor_reached":33,"playtime":938,"items_purged":[],"score":762,"play_id":"ac345594-fcc9-43a0-b6bf-780d847a9583","local_time":"20230225142738","is_ascension_mode":true,"campfire_choices":[{"floor":7,"key":"REST"},{"data":"Inflame","floor":15,"key":"SMITH"},{"data":"Limit Break","floor":29,"key":"SMITH"},{"data":"Shrug It Off","floor":32,"key":"SMITH"}],"neow_cost":"CURSE","seed_source_timestamp":2525083188087500,"circlet_count":0,"master_deck":["AscendersBane","Strike_R+1","Strike_R+1","Strike_R+1","Defend_R+1","Defend_R+1","Defend_R+1","Defend_R+1","Bash+1","Injury","Immolate","Sword Boomerang+1","Shrug It Off","Iron Wave","Impervious","Thunderclap","Pommel Strike","Inflame+1","Shrug It Off+1","Limit Break+1","Offering","Reaper"],"relics":["Burning Blood","Gremlin Horn","Whetstone","Toy Ornithopter","Blood Vial","Sling","StrikeDummy","Runic Dome","Red Mask","Bronze Scales","Nunchaku","Sundial","MawBank"],"potions_floor_usage":[6,11,13,19,22,28],"damage_taken":[{"damage":3,"enemies":"Small Slimes","floor":1,"turns":3},{"damage":1,"enemies":"Cultist","floor":3,"turns":3},{"damage":36,"enemies":"Gremlin Nob","floor":6,"turns":4},{"damage":22,"enemies":"3 Sentries","floor":8,"turns":5},{"damage":0,"enemies":"Jaw Worm","floor":10,"turns":3},{"damage":3,"enemies":"Gremlin Nob","floor":11,"turns":3},{"damage":11,"enemies":"Lagavulin","floor":13,"turns":6},{"damage":3,"enemies":"3 Louse","floor":14,"turns":3},{"damage":21,"enemies":"Slime Boss","floor":16,"turns":9},{"damage":6,"enemies":"Shell Parasite","floor":18,"turns":3},{"damage":0,"enemies":"Masked Bandits","floor":19,"turns":2},{"damage":0,"enemies":"2 Thieves","floor":22,"turns":3},{"damage":0,"enemies":"Gremlin Leader","floor":23,"turns":3},{"damage":37,"enemies":"Book of Stabbing","floor":25,"turns":4},{"damage":6,"enemies":"Sentry and Sphere","floor":27,"turns":3},{"damage":6,"enemies":"Slavers","floor":28,"turns":3},{"damage":16,"enemies":"Snake Plant","floor":30,"turns":3},{"damage":69,"enemies":"Collector","floor":33,"turns":7}],"seed_played":"2641739213840525018","potions_obtained":[{"floor":3,"key":"SkillPotion"},{"floor":6,"key":"Dexterity Potion"},{"floor":8,"key":"AttackPotion"},{"floor":11,"key":"HeartOfIron"},{"floor":14,"key":"Swift Potion"},{"floor":19,"key":"Energy Potion"},{"floor":23,"key":"ElixirPotion"}],"is_trial":false,"path_per_floor":["M","?","M","?","?","E","R","E","T","M","E","$","E","M","R","B",null,"M","?","?","$","M","E","?","E","T","M","E","R","M","?","R","B"],"character_chosen":"IRONCLAD","items_purchased":["Sling","Bronze Scales"],"campfire_rested":1,"item_purchase_floors":[12,21],"current_hp_per_floor":[71,60,65,65,42,12,34,18,18,24,32,32,34,39,39,26,63,65,75,75,75,75,75,75,44,44,46,53,53,45,60,60,0],"gold":498,"neow_bonus":"TRANSFORM_TWO_CARDS","is_prod":false,"is_daily":false,"chose_seed":false,"campfire_upgraded":3,"win_rate":0,"timestamp":1677331658,"path_taken":["M","?","?","?","?","E","R","E","T","M","E","$","E","M","R","BOSS","M","?","?","$","M","E","?","E","T","?","E","R","M","?","R","BOSS"],"build_version":"2022-12-18","purchased_purges":0,"victory":false,"max_hp_per_floor":[75,75,75,75,75,75,75,75,75,75,75,75,75,75,75,75,75,75,75,75,75,75,75,75,75,75,75,75,75,75,75,75,75],"card_choices":[{"not_picked":["Rampage","Armaments"],"picked":"Shrug It Off","floor":1},{"not_picked":["Cleave","Seeing Red"],"picked":"Iron Wave","floor":3},{"not_picked":["Twin Strike","Dual Wield"],"picked":"Impervious","floor":6},{"not_picked":["Warcry","Flame Barrier"],"picked":"Thunderclap","floor":8},{"not_picked":["Whirlwind","Dual Wield"],"picked":"Pommel Strike","floor":10},{"not_picked":["Sentinel","Rupture","Sword Boomerang"],"picked":"SKIP","floor":11},{"not_picked":["Fire Breathing","Rupture"],"picked":"Inflame","floor":13},{"not_picked":["Cleave","Body Slam"],"picked":"Shrug It Off","floor":14},{"not_picked":["Fiend Fire","Bludgeon"],"picked":"Limit Break","floor":16},{"not_picked":["Flex","Dual Wield","Armaments"],"picked":"SKIP","floor":18},{"not_picked":["Infernal Blade","Whirlwind","Rage"],"picked":"SKIP","floor":22},{"not_picked":["Iron Wave","Twin Strike","Clash"],"picked":"SKIP","floor":23},{"not_picked":["Fire Breathing","Shockwave"],"picked":"Offering","floor":25},{"not_picked":["Power Through","Feel No Pain","Reckless Charge"],"picked":"SKIP","floor":27},{"not_picked":["Body Slam+1","Anger"],"picked":"Reaper","floor":28},{"not_picked":["Thunderclap","True Grit","Entrench"],"picked":"SKIP","floor":30}],"player_experience":2141935,"relics_obtained":[{"floor":6,"key":"Gremlin Horn"},{"floor":8,"key":"Whetstone"},{"floor":9,"key":"Toy Ornithopter"},{"floor":11,"key":"Blood Vial"},{"floor":13,"key":"StrikeDummy"},{"floor":19,"key":"Red Mask"},{"floor":23,"key":"Nunchaku"},{"floor":25,"key":"Sundial"},{"floor":28,"key":"MawBank"}],"event_choices":[{"damage_healed":0,"gold_gain":0,"player_choice":"Damaged","damage_taken":11,"max_hp_gain":0,"max_hp_loss":0,"event_name":"Wheel of Change","floor":2,"gold_loss":0},{"damage_healed":0,"gold_gain":0,"player_choice":"Ignored","damage_taken":0,"max_hp_gain":0,"max_hp_loss":0,"event_name":"Liars Game","floor":4,"gold_loss":0},{"damage_healed":0,"gold_gain":0,"player_choice":"Entered Light","damage_taken":23,"max_hp_gain":0,"max_hp_loss":0,"event_name":"Shining Light","floor":5,"gold_loss":0,"cards_upgraded":["Sword Boomerang","Defend_R"]},{"damage_healed":0,"gold_gain":0,"player_choice":"Fought Bandits","damage_taken":0,"max_hp_gain":0,"max_hp_loss":0,"event_name":"Masked Bandits","floor":19,"gold_loss":0},{"damage_healed":0,"gold_gain":0,"player_choice":"Simplicity","damage_taken":0,"max_hp_gain":0,"max_hp_loss":0,"event_name":"Back to Basics","floor":20,"gold_loss":0,"cards_upgraded":["Strike_R","Strike_R","Defend_R","Defend_R","Defend_R"]},{"damage_healed":0,"gold_gain":250,"player_choice":"Bet on Owner","damage_taken":0,"max_hp_gain":0,"max_hp_loss":0,"event_name":"The Joust","floor":24,"gold_loss":50},{"damage_healed":15,"gold_gain":0,"player_choice":"Heal","damage_taken":0,"max_hp_gain":0,"max_hp_loss":0,"event_name":"The Library","floor":31,"gold_loss":0}],"is_beta":false,"boss_relics":[{"not_picked":["Fusion Hammer","Mark of Pain"],"picked":"Runic Dome"}],"items_purged_floors":[],"is_endless":false,"potions_floor_spawned":[3,6,8,11,14,19,23,25],"killed_by":"Collector","ascension_level":20}