{"gold_per_floor":[113,113,127,28,28,63,63,93,393,411,411,423,441,452,452,526,526,538,538,518,473,473],"floor_reached":22,"playtime":671,"items_purged":["Strike_R"],"score":442,"play_id":"b0bdad22-249e-418e-b051-fe9720609ce1","local_time":"20230227103821","is_ascension_mode":true,"campfire_choices":[{"data":"Cleave","floor":7,"key":"SMITH"},{"data":"Rupture","floor":15,"key":"SMITH"}],"neow_cost":"NONE","seed_source_timestamp":410761181800,"circlet_count":0,"master_deck":["AscendersBane","Strike_R","Strike_R","Strike_R","Defend_R","Defend_R","Defend_R","Defend_R","Bash","Rupture+1","Shrug It Off","Cleave+1","Shrug It Off","Pommel Strike","Clothesline","Metallicize","Hemokinesis","Inflame","Limit Break","Burning Pact"],"relics":["Burning Blood","NeowsBlessing","Darkstone Periapt","Happy Flower","Magic Flower","Old Coin","Runic Cube"],"potions_floor_usage":[21,22],"damage_taken":[{"damage":0,"enemies":"Small Slimes","floor":1,"turns":1},{"damage":0,"enemies":"Cultist","floor":3,"turns":1},{"damage":0,"enemies":"Gremlin Nob","floor":6,"turns":1},{"damage":39,"enemies":"3 Sentries","floor":8,"turns":11},{"damage":3,"enemies":"2 Louse","floor":10,"turns":3},{"damage":2,"enemies":"Red Slaver","floor":12,"turns":5},{"damage":2,"enemies":"3 Louse","floor":13,"turns":2},{"damage":10,"enemies":"Looter","floor":14,"turns":3},{"damage":85,"enemies":"Slime Boss","floor":16,"turns":14},{"damage":14,"enemies":"Chosen","floor":18,"turns":4},{"damage":25,"enemies":"2 Thieves","floor":21,"turns":5},{"damage":45,"enemies":"Shelled Parasite and Fungi","floor":22,"turns":4}],"seed_played":"-1196674355975771553","potions_obtained":[{"floor":1,"key":"Weak Potion"},{"floor":3,"key":"FairyPotion"},{"floor":8,"key":"FearPotion"},{"floor":18,"key":"FearPotion"},{"floor":20,"key":"Block Potion"}],"is_trial":false,"path_per_floor":["M","?","M","$","T","E","R","E","T","M","?","M","M","M","R","B",null,"M","?","?","M","M"],"character_chosen":"IRONCLAD","items_purchased":["Cleave"],"campfire_rested":0,"item_purchase_floors":[4],"current_hp_per_floor":[74,63,69,69,69,75,75,42,42,48,48,55,62,61,61,24,62,57,57,57,41,0],"gold":473,"neow_bonus":"THREE_ENEMY_KILL","is_prod":false,"is_daily":false,"chose_seed":false,"campfire_upgraded":2,"win_rate":0,"timestamp":1677490701,"path_taken":["M","?","?","?","?","E","R","E","T","M","?","?","M","M","R","BOSS","M","?","?","M","?"],"build_version":"2022-12-18","purchased_purges":1,"victory":false,"max_hp_per_floor":[75,75,75,75,75,75,75,75,75,75,75,75,75,75,75,75,75,75,75,75,75,75],"card_choices":[{"not_picked":["Anger","Shrug It Off"],"picked":"Rupture","floor":1},{"not_picked":["Searing Blow","Power Through"],"picked":"Shrug It Off","floor":3},{"not_picked":["Wild Strike","Rampage"],"picked":"Shrug It Off","floor":6},{"not_picked":["Searing Blow","True Grit"],"picked":"Pommel Strike","floor":8},{"not_picked":["Cleave","Thunderclap"],"picked":"Clothesline","floor":10},{"not_picked":["Double Tap","Wild Strike"],"picked":"Metallicize","floor":12},{"not_picked":["Clothesline","Perfected Strike"],"picked":"Hemokinesis","floor":13},{"not_picked":["Clothesline","Shrug It Off"],"picked":"Inflame","floor":14},{"not_picked":["Corruption","Demon Form"],"picked":"Limit Break","floor":16},{"not_picked":["Cleave+1","Flex"],"picked":"Burning Pact","floor":18},{"not_picked":["Wild Strike+1","Body Slam","Havoc"],"picked":"SKIP","floor":21}],"player_experience":2170173,"relics_obtained":[{"floor":5,"key":"Darkstone Periapt"},{"floor":6,"key":"Happy Flower"},{"floor":8,"key":"Magic Flower"},{"floor":9,"key":"Old Coin"}],"event_choices":[{"damage_healed":0,"gold_gain":0,"player_choice":"Damaged","damage_taken":11,"max_hp_gain":0,"max_hp_loss":0,"event_name":"Wheel of Change","floor":2,"gold_loss":0},{"cards_removed":["Strike_R"],"damage_healed":0,"gold_gain":0,"player_choice":"Purged","damage_taken":0,"max_hp_gain":0,"max_hp_loss":0,"event_name":"Purifier","floor":11,"gold_loss":0},{"damage_healed":0,"gold_gain":0,"player_choice":"Ignored","damage_taken":0,"max_hp_gain":0,"max_hp_loss":0,"event_name":"Ghosts","floor":19,"gold_loss":0},{"damage_healed":0,"gold_gain":0,"player_choice":"Bought 1 Potion","damage_taken":0,"max_hp_gain":0,"max_hp_loss":0,"event_name":"The Woman in Blue","floor":20,"gold_loss":0}],"is_beta":false,"boss_relics":[{"not_picked":["Black Star","Mark of Pain"],"picked":"Runic Cube"}],"items_purged_floors":[4],"is_endless":false,"potions_floor_spawned":[1,3,8,18],"killed_by":"Shelled Parasite and Fungi","ascension_level":20}