{"gold_per_floor":[365,365,376,392,54,54,71,98,123,123,134,169,14,49,49,126,126,145,145,169,179,14,42,0,0,0,50,82,112,124,164,176,188],"floor_reached":33,"playtime":1220,"items_purged":[],"score":692,"play_id":"6e5d8934-2559-4252-bf13-b6906ff50867","local_time":"20230224131019","is_ascension_mode":true,"campfire_choices":[{"data":"Dark Embrace","floor":6,"key":"SMITH"},{"data":"Fire Breathing","floor":15,"key":"SMITH"},{"floor":25,"key":"REST"},{"floor":32,"key":"REST"}],"neow_cost":"CURSE","seed_source_timestamp":3864609479200,"circlet_count":0,"master_deck":["AscendersBane","Strike_R","Strike_R","Strike_R","Strike_R","Defend_R","Defend_R","Defend_R","Defend_R","Bash","Pommel Strike","Dark Embrace+1","Infernal Blade","Fire Breathing+1","Dropkick","Iron Wave","Bloodletting","Fire Breathing","Fiend Fire","Barricade","CurseOfTheBell","Shockwave+1","Writhe","True Grit","Ghostly Armor+1","Offering"],"relics":["Burning Blood","Dead Branch","Tiny Chest","Toy Ornithopter","Potion Belt","Incense Burner","Calling Bell","PreservedInsect","Shuriken","Unceasing Top","Thread and Needle","Juzu Bracelet","Sling","Oddly Smooth Stone","Bottled Flame","MawBank","Darkstone Periapt"],"potions_floor_usage":[16,16,23,23,23,28,28,33],"damage_taken":[{"damage":1,"enemies":"Small Slimes","floor":1,"turns":4},{"damage":1,"enemies":"Cultist","floor":3,"turns":3},{"damage":3,"enemies":"2 Louse","floor":4,"turns":3},{"damage":9,"enemies":"Large Slime","floor":7,"turns":3},{"damage":19,"enemies":"Gremlin Nob","floor":8,"turns":3},{"damage":9,"enemies":"Exordium Wildlife","floor":11,"turns":4},{"damage":20,"enemies":"3 Sentries","floor":12,"turns":6},{"damage":0,"enemies":"Gremlin Nob","floor":14,"turns":2},{"damage":43,"enemies":"The Guardian","floor":16,"turns":11},{"damage":36,"enemies":"3 Byrds","floor":18,"turns":4},{"damage":25,"enemies":"2 Thieves","floor":21,"turns":5},{"damage":6,"enemies":"Slavers","floor":23,"turns":3},{"damage":78,"enemies":"Gremlin Leader","floor":28,"turns":6},{"damage":1,"enemies":"Centurion and Healer","floor":29,"turns":3},{"damage":29,"enemies":"Slavers","floor":31,"turns":5},{"damage":60,"enemies":"Collector","floor":33,"turns":8}],"seed_played":"71580162724692230","potions_obtained":[{"floor":3,"key":"BlessingOfTheForge"},{"floor":8,"key":"SneckoOil"},{"floor":11,"key":"CultistPotion"},{"floor":14,"key":"SteroidPotion"},{"floor":21,"key":"EntropicBrew"},{"floor":23,"key":"BloodPotion"},{"floor":29,"key":"Dexterity Potion"}],"is_trial":false,"path_per_floor":["M","?","M","M","$","R","M","E","T","?","M","E","$","E","R","B",null,"M","?","T","M","$","E","?","R","T","?","E","M","$","E","R","B"],"character_chosen":"IRONCLAD","items_purchased":["Dead Branch","Fiend Fire","Sling"],"campfire_rested":2,"item_purchase_floors":[5,13,22],"current_hp_per_floor":[73,73,75,75,75,75,72,59,59,59,56,42,42,48,48,21,62,32,32,32,13,13,28,28,50,50,50,27,32,32,9,31,0],"gold":188,"neow_bonus":"TWO_FIFTY_GOLD","is_prod":false,"is_daily":false,"chose_seed":false,"campfire_upgraded":2,"win_rate":0,"timestamp":1677240619,"path_taken":["M","?","M","?","$","R","M","E","T","?","?","E","$","E","R","BOSS","M","?","?","M","?","E","?","R","T","?","E","M","$","E","R","BOSS"],"build_version":"2022-12-18","purchased_purges":0,"victory":false,"max_hp_per_floor":[75,75,75,75,75,75,75,75,75,75,75,75,75,75,75,75,75,75,75,75,75,75,75,75,75,75,75,75,75,75,75,75,75],"card_choices":[{"not_picked":["Rampage","Armaments"],"picked":"Pommel Strike","floor":1},{"not_picked":["Iron Wave","Sentinel"],"picked":"Dark Embrace","floor":3},{"not_picked":["Clothesline","Heavy Blade"],"picked":"Infernal Blade","floor":4},{"not_picked":["Warcry","Dual Wield"],"picked":"Fire Breathing","floor":7},{"not_picked":["Rampage","Flex"],"picked":"Dropkick","floor":8},{"not_picked":["Sword Boomerang","Metallicize"],"picked":"Bloodletting","floor":11},{"not_picked":["Clothesline","Headbutt"],"picked":"Fire Breathing","floor":12},{"not_picked":["Clash","Body Slam","Bludgeon"],"picked":"SKIP","floor":14},{"not_picked":["Bludgeon","Feed"],"picked":"Barricade","floor":16},{"not_picked":["Dark Embrace","Disarm"],"picked":"Shockwave+1","floor":18},{"not_picked":["Cleave","Flame Barrier"],"picked":"True Grit","floor":21},{"not_picked":["True Grit","Havoc"],"picked":"Ghostly Armor+1","floor":23},{"not_picked":["Rampage+1","Pummel"],"picked":"Offering","floor":28},{"not_picked":["Headbutt","True Grit","Pommel Strike"],"picked":"SKIP","floor":29},{"not_picked":["Clothesline","Sword Boomerang","Bloodletting"],"picked":"SKIP","floor":31}],"player_experience":2132196,"relics_obtained":[{"floor":8,"key":"Tiny Chest"},{"floor":9,"key":"Toy Ornithopter"},{"floor":12,"key":"Potion Belt"},{"floor":14,"key":"Incense Burner"},{"floor":17,"key":"PreservedInsect"},{"floor":17,"key":"Shuriken"},{"floor":17,"key":"Unceasing Top"},{"floor":20,"key":"Juzu Bracelet"},{"floor":23,"key":"Oddly Smooth Stone"},{"floor":26,"key":"Bottled Flame"},{"floor":28,"key":"MawBank"},{"floor":31,"key":"Darkstone Periapt"}],"event_choices":[{"cards_removed":["Writhe"],"damage_healed":0,"gold_gain":0,"player_choice":"Purged","damage_taken":0,"max_hp_gain":0,"max_hp_loss":0,"event_name":"Purifier","floor":2,"gold_loss":0},{"damage_healed":0,"gold_gain":0,"cards_transformed":["Strike_R"],"player_choice":"Transformed","damage_taken":0,"max_hp_gain":0,"max_hp_loss":0,"event_name":"Transmorgrifier","floor":10,"gold_loss":0,"cards_obtained":["Iron Wave"]},{"damage_healed":0,"gold_gain":0,"player_choice":"Opened","damage_taken":0,"relics_obtained":["Thread and Needle"],"max_hp_gain":0,"max_hp_loss":0,"event_name":"The Mausoleum","floor":19,"gold_loss":0,"cards_obtained":["Writhe"]},{"damage_healed":0,"gold_gain":0,"player_choice":"Paid Fearfully","damage_taken":0,"max_hp_gain":0,"max_hp_loss":0,"event_name":"Masked Bandits","floor":24,"gold_loss":42},{"damage_healed":0,"gold_gain":50,"player_choice":"Stole From Cult","damage_taken":0,"max_hp_gain":0,"max_hp_loss":0,"event_name":"Nest","floor":27,"gold_loss":0}],"is_beta":false,"boss_relics":[{"not_picked":["Mark of Pain","Tiny House"],"picked":"Calling Bell"}],"items_purged_floors":[],"is_endless":false,"potions_floor_spawned":[3,8,11,14,21,23,29],"killed_by":"Collector","ascension_level":20}