{"gold_per_floor":[366,377,377,377,400,400,423,423,475,63,63,96,96,140,140,230,230,249,249,249,270,284,322,322,353,353,353,378,396,415,433,433,526,526,541,557,557,3,3,3],"floor_reached":40,"playtime":1398,"items_purged":["Injury"],"score":872,"play_id":"9e7a714a-885d-46af-9e22-975258e37e5d","local_time":"20230301214035","is_ascension_mode":true,"campfire_choices":[{"data":"Power Through","floor":6,"key":"SMITH"},{"floor":11,"key":"REST"},{"data":"Fire Breathing","floor":13,"key":"SMITH"},{"data":"Bash","floor":15,"key":"SMITH"},{"data":"Second Wind","floor":24,"key":"SMITH"},{"floor":27,"key":"REST"},{"data":"Spot Weakness","floor":32,"key":"SMITH"}],"neow_cost":"CURSE","seed_source_timestamp":36823952187000,"circlet_count":0,"master_deck":["AscendersBane","Strike_R","Strike_R","Strike_R","Defend_R","Defend_R","Defend_R","Bash+1","Power Through+1","Reckless Charge","Infernal Blade","Whirlwind+1","Fire Breathing+1","Wild Strike+1","Impervious","Reaper+1","Wild Strike+1","Fiend Fire+1","Dual Wield","Second Wind+1","Burning Pact","Spot Weakness+1","Evolve","Juggernaut+1","Ghostly Armor+1","Body Slam+1"],"relics":["Black Blood","Golden Idol","Red Skull","Juzu Bracelet","Pocketwatch","Molten Egg 2","Nunchaku","Lizard Tail","Blue Candle","Coffee Dripper","Bag of Preparation","Shovel"],"potions_floor_usage":[7,12,16,18,21,28,33,33,36],"damage_taken":[{"damage":13,"enemies":"Cultist","floor":1,"turns":5},{"damage":2,"enemies":"Jaw Worm","floor":2,"turns":5},{"damage":9,"enemies":"2 Louse","floor":5,"turns":2},{"damage":20,"enemies":"Large Slime","floor":7,"turns":8},{"damage":8,"enemies":"3 Sentries","floor":12,"turns":4},{"damage":10,"enemies":"Lagavulin","floor":14,"turns":7},{"damage":12,"enemies":"Hexaghost","floor":16,"turns":6},{"damage":0,"enemies":"Chosen","floor":18,"turns":3},{"damage":1,"enemies":"2 Thieves","floor":21,"turns":2},{"damage":31,"enemies":"Centurion and Healer","floor":22,"turns":5},{"damage":34,"enemies":"Book of Stabbing","floor":23,"turns":6},{"damage":5,"enemies":"Gremlin Leader","floor":25,"turns":6},{"damage":0,"enemies":"Snecko","floor":28,"turns":5},{"damage":23,"enemies":"Snake Plant","floor":29,"turns":4},{"damage":18,"enemies":"Centurion and Healer","floor":30,"turns":6},{"damage":21,"enemies":"Snecko","floor":31,"turns":6},{"damage":75,"enemies":"Automaton","floor":33,"turns":10},{"damage":21,"enemies":"3 Shapes","floor":35,"turns":6},{"damage":23,"enemies":"Orb Walker","floor":36,"turns":6},{"damage":118,"enemies":"Giant Head","floor":40,"turns":8}],"seed_played":"1623238091683991889","potions_obtained":[{"floor":2,"key":"SkillPotion"},{"floor":7,"key":"HeartOfIron"},{"floor":14,"key":"ColorlessPotion"},{"floor":16,"key":"ColorlessPotion"},{"floor":18,"key":"DistilledChaos"},{"floor":23,"key":"SkillPotion"},{"floor":25,"key":"Ancient Potion"},{"floor":28,"key":"EssenceOfSteel"},{"floor":33,"key":"Dexterity Potion"}],"is_trial":false,"path_per_floor":["M","M","?","?","M","R","M","?","T","$","R","E","R","E","R","B",null,"M","?","?","M","M","E","R","E","T","R","M","M","M","M","R","B",null,"M","M","?","$","?","E"],"character_chosen":"IRONCLAD","items_purchased":["Pocketwatch","Fire Breathing","Bag of Preparation","Shovel"],"campfire_rested":2,"item_purchase_floors":[10,10,38,38],"current_hp_per_floor":[61,65,58,58,55,55,41,23,23,23,45,43,43,39,39,33,65,75,75,75,75,61,39,39,46,46,68,75,64,58,60,60,49,69,69,63,63,63,63,0],"gold":3,"neow_bonus":"TWO_FIFTY_GOLD","is_prod":false,"is_daily":false,"chose_seed":false,"campfire_upgraded":5,"win_rate":0,"timestamp":1677703235,"path_taken":["M","?","?","?","M","R","M","?","T","$","R","E","R","E","R","BOSS","M","?","?","M","M","E","R","E","T","R","M","M","M","M","R","BOSS","M","M","?","$","?","E"],"build_version":"2022-12-18","purchased_purges":1,"victory":false,"max_hp_per_floor":[75,75,75,75,75,75,75,75,75,75,75,75,75,75,75,75,75,75,75,75,75,75,75,75,75,75,75,75,75,75,75,75,75,75,75,75,75,75,75,75],"card_choices":[{"not_picked":["Havoc","Entrench"],"picked":"Power Through","floor":1},{"not_picked":["Iron Wave","Sword Boomerang"],"picked":"Reckless Charge","floor":2},{"not_picked":["Twin Strike","Blood for Blood"],"picked":"Infernal Blade","floor":5},{"not_picked":["Clash","True Grit"],"picked":"Whirlwind","floor":7},{"not_picked":["Flame Barrier","Shrug It Off"],"picked":"Wild Strike+1","floor":12},{"not_picked":["Twin Strike+1","Bloodletting"],"picked":"Impervious","floor":14},{"not_picked":["Double Tap","Corruption"],"picked":"Reaper+1","floor":16},{"not_picked":["Iron Wave+1","Searing Blow+1"],"picked":"Wild Strike+1","floor":18},{"not_picked":["Havoc","Flame Barrier","Reckless Charge+1"],"picked":"SKIP","floor":21},{"not_picked":["Twin Strike+1","Combust"],"picked":"Second Wind","floor":22},{"not_picked":["Armaments","Flame Barrier+1"],"picked":"Burning Pact","floor":23},{"not_picked":["Bludgeon+1","Disarm"],"picked":"Spot Weakness","floor":25},{"not_picked":["Rage+1","Headbutt+1","Infernal Blade"],"picked":"SKIP","floor":28},{"not_picked":["Warcry","Anger+1","Carnage+1"],"picked":"SKIP","floor":29},{"not_picked":["Disarm","Heavy Blade+1"],"picked":"Evolve","floor":30},{"not_picked":["Ghostly Armor","Heavy Blade+1","Bludgeon+1"],"picked":"SKIP","floor":31},{"not_picked":["Demon Form","Barricade"],"picked":"Juggernaut","floor":33},{"not_picked":["Whirlwind+1","Havoc"],"picked":"Ghostly Armor+1","floor":35},{"not_picked":["Twin Strike+1","Blood for Blood+1"],"picked":"Body Slam+1","floor":36}],"player_experience":2188600,"relics_obtained":[{"floor":9,"key":"Juzu Bracelet"},{"floor":12,"key":"Molten Egg 2"},{"floor":14,"key":"Nunchaku"},{"floor":23,"key":"Lizard Tail"},{"floor":25,"key":"Blue Candle"}],"event_choices":[{"cards_removed":["Normality"],"damage_healed":0,"gold_gain":0,"player_choice":"Card Removal","damage_taken":7,"max_hp_gain":0,"max_hp_loss":0,"event_name":"Golden Wing","floor":3,"gold_loss":0},{"damage_healed":0,"gold_gain":0,"player_choice":"Take Wound","damage_taken":0,"relics_obtained":["Golden Idol"],"max_hp_gain":0,"max_hp_loss":0,"event_name":"Golden Idol","floor":4,"gold_loss":0,"cards_obtained":["Injury"]},{"damage_healed":0,"gold_gain":0,"player_choice":"Success","damage_taken":18,"relics_obtained":["Red Skull"],"max_hp_gain":0,"max_hp_loss":0,"event_name":"Scrap Ooze","floor":8,"gold_loss":0},{"damage_healed":0,"gold_gain":0,"player_choice":"Upgraded","damage_taken":0,"max_hp_gain":0,"max_hp_loss":0,"event_name":"Upgrade Shrine","floor":19,"gold_loss":0,"cards_upgraded":["Whirlwind"]},{"damage_healed":0,"gold_gain":0,"cards_transformed":["Strike_R","Strike_R"],"player_choice":"Became Test Subject","damage_taken":0,"max_hp_gain":0,"max_hp_loss":0,"event_name":"Drug Dealer","floor":20,"gold_loss":0,"cards_obtained":["Fiend Fire","Dual Wield"]},{"cards_removed":["Defend_R"],"damage_healed":0,"gold_gain":0,"player_choice":"Removed Skill","damage_taken":0,"max_hp_gain":0,"max_hp_loss":0,"event_name":"Falling","floor":37,"gold_loss":0},{"damage_healed":0,"gold_gain":0,"player_choice":"Upgraded","damage_taken":0,"max_hp_gain":0,"max_hp_loss":0,"event_name":"Upgrade Shrine","floor":39,"gold_loss":0,"cards_upgraded":["Juggernaut"]}],"is_beta":false,"boss_relics":[{"not_picked":["Runic Cube","Empty Cage"],"picked":"Black Blood"},{"not_picked":["SacredBark","Fusion Hammer"],"picked":"Coffee Dripper"}],"items_purged_floors":[38],"is_endless":false,"potions_floor_spawned":[2,7,14,16,18,23,25,28,30,33],"killed_by":"Giant Head","ascension_level":20}