{"gold_per_floor":[116,266,266,276,289,289,324,324,324,41,67,78,3,0,0,0],"floor_reached":16,"playtime":643,"items_purged":["Doubt"],"score":216,"play_id":"bc3235da-9340-458d-a935-20a467ea8287","local_time":"20230225140639","is_ascension_mode":true,"campfire_choices":[{"data":"The Bomb","floor":6,"key":"SMITH"},{"data":"Searing Blow","floor":8,"key":"SMITH"},{"data":"Searing Blow+1","floor":15,"key":"SMITH"}],"neow_cost":"TEN_PERCENT_HP_LOSS","seed_source_timestamp":2524119554473600,"circlet_count":0,"master_deck":["AscendersBane","Strike_R","Strike_R","Strike_R","Strike_R","Strike_R","Defend_R","Defend_R","Defend_R","Defend_R","Bash","The Bomb+1","Warcry","Shrug It Off","Evolve","Searing Blow+2","Havoc"],"relics":["Burning Blood","Du-Vu Doll","Letter Opener","Singing Bowl","Gremlin Horn"],"potions_floor_usage":[16],"damage_taken":[{"damage":9,"enemies":"Jaw Worm","floor":1,"turns":4},{"damage":7,"enemies":"Small Slimes","floor":4,"turns":4},{"damage":2,"enemies":"2 Louse","floor":5,"turns":3},{"damage":17,"enemies":"3 Sentries","floor":7,"turns":4},{"damage":56,"enemies":"Gremlin Nob","floor":11,"turns":5},{"damage":6,"enemies":"Looter","floor":12,"turns":4},{"damage":14,"enemies":"Hexaghost","floor":16,"turns":4}],"seed_played":"7588418817890963917","potions_obtained":[{"floor":1,"key":"PowerPotion"},{"floor":12,"key":"Fire Potion"}],"is_trial":false,"path_per_floor":["M","?","?","M","M","R","E","R","T","$","E","M","$","?","R","B"],"character_chosen":"IRONCLAD","items_purchased":["Singing Bowl"],"campfire_rested":0,"item_purchase_floors":[10],"current_hp_per_floor":[65,65,70,69,73,73,62,62,62,62,14,14,14,14,14,0],"gold":0,"neow_bonus":"RANDOM_COLORLESS_2","is_prod":false,"is_daily":false,"chose_seed":false,"campfire_upgraded":3,"win_rate":0,"timestamp":1677330399,"path_taken":["M","?","?","M","?","R","E","R","T","$","E","M","$","?","R","BOSS"],"build_version":"2022-12-18","purchased_purges":1,"victory":false,"max_hp_per_floor":[68,68,73,73,73,73,73,73,73,73,75,75,75,75,75,75],"card_choices":[{"not_picked":["Metamorphosis","Mayhem"],"picked":"The Bomb","floor":0},{"not_picked":["Cleave","Perfected Strike"],"picked":"Warcry","floor":1},{"not_picked":["Clothesline","Flex"],"picked":"Shrug It Off","floor":4},{"not_picked":["Armaments","Battle Trance"],"picked":"Evolve","floor":5},{"not_picked":["Cleave","Body Slam"],"picked":"Searing Blow","floor":7},{"not_picked":["Flex","Reckless Charge","Blood for Blood"],"picked":"Singing Bowl","floor":11},{"not_picked":["Burning Pact","Dropkick"],"picked":"Havoc","floor":12}],"player_experience":2140997,"relics_obtained":[{"floor":7,"key":"Du-Vu Doll"},{"floor":9,"key":"Letter Opener"},{"floor":11,"key":"Gremlin Horn"}],"event_choices":[{"damage_healed":0,"gold_gain":150,"player_choice":"AGREE","damage_taken":0,"max_hp_gain":0,"max_hp_loss":0,"event_name":"Liars Game","floor":2,"gold_loss":0,"cards_obtained":["Doubt"]},{"damage_healed":0,"gold_gain":0,"player_choice":"Donut","damage_taken":0,"max_hp_gain":5,"max_hp_loss":0,"event_name":"Big Fish","floor":3,"gold_loss":0},{"damage_healed":0,"gold_gain":0,"player_choice":"Left Gold","damage_taken":0,"max_hp_gain":0,"max_hp_loss":0,"event_name":"World of Goop","floor":14,"gold_loss":3}],"is_beta":false,"boss_relics":[],"items_purged_floors":[13],"is_endless":false,"potions_floor_spawned":[1,12],"killed_by":"Hexaghost","ascension_level":20}