{"gold_per_floor":[110,10,10,10,21,21,50,65,65,95,95,124,124,137,137,213,213,224,224,239,142,158,185,185,210,287,287],"floor_reached":27,"playtime":626,"items_purged":["Strike_R"],"score":688,"play_id":"83477710-8735-41d3-acec-3e628127e87d","local_time":"20230225192944","is_ascension_mode":true,"campfire_choices":[{"data":"Carnage","floor":6,"key":"SMITH"},{"data":"Berserk","floor":11,"key":"SMITH"},{"data":"Spot Weakness","floor":15,"key":"SMITH"},{"floor":24,"key":"REST"}],"neow_cost":"NONE","seed_source_timestamp":2543521019309200,"circlet_count":0,"master_deck":["AscendersBane","Strike_R+1","Strike_R+1","Strike_R+1","Defend_R","Defend_R","Bash+1","Carnage+1","Shrug It Off","Berserk+1","Spot Weakness+1","Evolve","Double Tap","Burning Pact","Demon Form","Cleave","Ghostly Armor","Ghostly Armor","Finesse","Iron Wave+1","Disarm","Warcry"],"relics":["Burning Blood","NeowsBlessing","Gremlin Horn","Whetstone","Mercury Hourglass","Omamori","Philosopher\u0027s Stone","Bottled Lightning","Kunai","Ornamental Fan"],"potions_floor_usage":[18,20,25],"damage_taken":[{"damage":0,"enemies":"2 Louse","floor":1,"turns":1},{"damage":0,"enemies":"Cultist","floor":5,"turns":1},{"damage":0,"enemies":"Gremlin Nob","floor":7,"turns":1},{"damage":4,"enemies":"Jaw Worm","floor":8,"turns":3},{"damage":22,"enemies":"Lagavulin","floor":10,"turns":5},{"damage":27,"enemies":"3 Sentries","floor":12,"turns":5},{"damage":1,"enemies":"Red Slaver","floor":14,"turns":2},{"damage":0,"enemies":"Slime Boss","floor":16,"turns":5},{"damage":38,"enemies":"Shell Parasite","floor":18,"turns":4},{"damage":18,"enemies":"2 Thieves","floor":20,"turns":4},{"damage":6,"enemies":"Centurion and Healer","floor":22,"turns":4},{"damage":19,"enemies":"Gremlin Leader","floor":23,"turns":5},{"damage":57,"enemies":"Book of Stabbing","floor":25,"turns":6},{"damage":8,"enemies":"Colosseum Slavers","floor":27,"turns":1}],"seed_played":"7640570078921508483","potions_obtained":[{"floor":1,"key":"DuplicationPotion"},{"floor":8,"key":"FearPotion"},{"floor":12,"key":"BloodPotion"},{"floor":18,"key":"Regen Potion"},{"floor":22,"key":"Ancient Potion"}],"is_trial":false,"path_per_floor":["M","$","?","?","M","R","E","M","T","E","R","E","?","M","R","B",null,"M","?","M","$","M","E","R","E","T","?"],"character_chosen":"IRONCLAD","items_purchased":["Shrug It Off","Finesse"],"campfire_rested":1,"item_purchase_floors":[2,21],"current_hp_per_floor":[74,74,51,51,57,57,63,65,65,49,49,28,28,33,33,39,66,34,34,34,34,34,21,43,7,7,0],"gold":287,"neow_bonus":"THREE_ENEMY_KILL","is_prod":false,"is_daily":false,"chose_seed":false,"campfire_upgraded":3,"win_rate":0,"timestamp":1677349784,"path_taken":["M","$","?","?","M","R","E","?","T","E","R","E","?","M","R","BOSS","M","?","M","$","?","E","R","E","T","?"],"build_version":"2022-12-18","purchased_purges":1,"victory":false,"max_hp_per_floor":[75,75,75,75,75,75,75,75,75,75,75,75,75,75,75,75,75,75,75,75,75,75,75,75,75,75,75],"card_choices":[{"not_picked":["Blood for Blood","Flex"],"picked":"Carnage","floor":1},{"not_picked":["Blood for Blood","Armaments","Flex"],"picked":"SKIP","floor":5},{"not_picked":["Havoc","Body Slam"],"picked":"Berserk","floor":7},{"not_picked":["Rupture","Heavy Blade"],"picked":"Spot Weakness","floor":8},{"not_picked":["Iron Wave","Rupture"],"picked":"Evolve","floor":10},{"not_picked":["Iron Wave","Clash"],"picked":"Double Tap","floor":12},{"not_picked":["Flex","Bloodletting"],"picked":"Burning Pact","floor":14},{"not_picked":["Offering","Immolate"],"picked":"Demon Form","floor":16},{"not_picked":["Fire Breathing","Sever Soul"],"picked":"Cleave","floor":18},{"not_picked":["Intimidate","Blood for Blood"],"picked":"Ghostly Armor","floor":20},{"not_picked":["Flex","Thunderclap"],"picked":"Iron Wave+1","floor":22},{"not_picked":["Sentinel","Clash"],"picked":"Disarm","floor":23},{"not_picked":["Rampage","Cleave"],"picked":"Warcry","floor":25}],"player_experience":2154972,"relics_obtained":[{"floor":7,"key":"Gremlin Horn"},{"floor":9,"key":"Whetstone"},{"floor":10,"key":"Mercury Hourglass"},{"floor":12,"key":"Omamori"},{"floor":23,"key":"Bottled Lightning"},{"floor":25,"key":"Kunai"},{"floor":26,"key":"Ornamental Fan"}],"event_choices":[{"damage_healed":0,"gold_gain":0,"player_choice":"Entered Light","damage_taken":23,"max_hp_gain":0,"max_hp_loss":0,"event_name":"Shining Light","floor":3,"gold_loss":0,"cards_upgraded":["Bash","Strike_R"]},{"cards_removed":["Strike_R"],"damage_healed":0,"gold_gain":0,"player_choice":"Card Removal","damage_taken":0,"max_hp_gain":0,"max_hp_loss":0,"event_name":"Wheel of Change","floor":4,"gold_loss":0},{"cards_removed":["Defend_R"],"damage_healed":0,"gold_gain":0,"player_choice":"Purged","damage_taken":0,"max_hp_gain":0,"max_hp_loss":0,"event_name":"Purifier","floor":13,"gold_loss":0},{"damage_healed":0,"gold_gain":0,"cards_transformed":["Defend_R"],"player_choice":"Transformed","damage_taken":0,"max_hp_gain":0,"max_hp_loss":0,"event_name":"Transmorgrifier","floor":19,"gold_loss":0,"cards_obtained":["Ghostly Armor"]},{"damage_healed":0,"gold_gain":0,"player_choice":"Fight","damage_taken":0,"max_hp_gain":0,"max_hp_loss":0,"event_name":"Colosseum","floor":27,"gold_loss":0}],"is_beta":false,"boss_relics":[{"not_picked":["Pandora\u0027s Box","Coffee Dripper"],"picked":"Philosopher\u0027s Stone"}],"items_purged_floors":[2],"is_endless":false,"potions_floor_spawned":[1,8,12,18,22],"killed_by":"Colosseum Slavers","ascension_level":20}