{"gold_per_floor":[112,112,112,37,61,96,109,147,174,174],"floor_reached":10,"playtime":226,"items_purged":["Injury"],"score":202,"play_id":"a3e733c9-2dbe-495e-aac1-9027f09fe5df","local_time":"20230225195149","is_ascension_mode":true,"campfire_choices":[],"neow_cost":"NONE","seed_source_timestamp":2545246679934700,"circlet_count":0,"master_deck":["AscendersBane","Strike_R","Strike_R","Strike_R","Strike_R","Strike_R","Defend_R","Defend_R","Defend_R","Defend_R","Bash","Flame Barrier","Whirlwind","Fiend Fire","Sword Boomerang","Infernal Blade+1"],"relics":["Burning Blood","NeowsBlessing","Golden Idol","Pantograph","Toxic Egg 2","Blue Candle","Juzu Bracelet"],"potions_floor_usage":[8,10,10],"damage_taken":[{"damage":0,"enemies":"Small Slimes","floor":1,"turns":1},{"damage":0,"enemies":"Jaw Worm","floor":5,"turns":1},{"damage":0,"enemies":"Lagavulin","floor":6,"turns":1},{"damage":0,"enemies":"2 Louse","floor":7,"turns":3},{"damage":29,"enemies":"3 Sentries","floor":8,"turns":11},{"damage":59,"enemies":"Gremlin Nob","floor":10,"turns":5}],"seed_played":"-1088419656662626110","potions_obtained":[{"floor":1,"key":"GamblersBrew"},{"floor":7,"key":"HeartOfIron"},{"floor":8,"key":"Swift Potion"}],"is_trial":false,"path_per_floor":["M","?","T","$","M","E","M","E","T","E"],"character_chosen":"IRONCLAD","items_purchased":[],"campfire_rested":0,"item_purchase_floors":[],"current_hp_per_floor":[74,74,74,74,75,75,75,52,52,0],"gold":174,"neow_bonus":"THREE_ENEMY_KILL","is_prod":false,"is_daily":false,"chose_seed":false,"campfire_upgraded":0,"win_rate":0,"timestamp":1677351109,"path_taken":["M","?","?","$","M","E","M","E","T","E"],"build_version":"2022-12-18","purchased_purges":1,"victory":false,"max_hp_per_floor":[75,75,75,75,75,75,75,75,75,75],"card_choices":[{"not_picked":["Warcry","Sword Boomerang"],"picked":"Flame Barrier","floor":1},{"not_picked":["Reckless Charge","Inflame"],"picked":"Whirlwind","floor":5},{"not_picked":["Iron Wave","Headbutt"],"picked":"Fiend Fire","floor":6},{"not_picked":["Iron Wave","Perfected Strike"],"picked":"Sword Boomerang","floor":7},{"not_picked":["Body Slam","Twin Strike"],"picked":"Infernal Blade+1","floor":8}],"player_experience":2156657,"relics_obtained":[{"floor":3,"key":"Pantograph"},{"floor":6,"key":"Toxic Egg 2"},{"floor":8,"key":"Blue Candle"},{"floor":9,"key":"Juzu Bracelet"}],"event_choices":[{"damage_healed":0,"gold_gain":0,"player_choice":"Take Wound","damage_taken":0,"relics_obtained":["Golden Idol"],"max_hp_gain":0,"max_hp_loss":0,"event_name":"Golden Idol","floor":2,"gold_loss":0,"cards_obtained":["Injury"]}],"is_beta":false,"boss_relics":[],"items_purged_floors":[4],"is_endless":false,"potions_floor_spawned":[1,7,8],"killed_by":"Gremlin Nob","ascension_level":20}