{"gold_per_floor":[116,127,107,119,130,130,155,155,203,203,6,18,34,54,54,54],"floor_reached":16,"playtime":400,"items_purged":[],"score":208,"play_id":"84a84552-8a5e-4fb5-80a3-fc002e9c0cc3","local_time":"20230225144132","is_ascension_mode":true,"campfire_choices":[{"floor":6,"key":"REST"},{"floor":8,"key":"REST"},{"data":"Inflame","floor":10,"key":"SMITH"},{"data":"Whirlwind","floor":15,"key":"SMITH"}],"neow_cost":"PERCENT_DAMAGE","seed_source_timestamp":2526456071625500,"circlet_count":0,"master_deck":["AscendersBane","Strike_R","Strike_R","Strike_R","Strike_R","Strike_R","Defend_R","Defend_R","Defend_R","Defend_R","Bash","Fiend Fire","Inflame+1","Sentinel","Evolve","Cleave","Pommel Strike","Whirlwind+1"],"relics":["Burning Blood","Letter Opener","Art of War","Chemical X"],"potions_floor_usage":[5,7,16,16],"damage_taken":[{"damage":12,"enemies":"Jaw Worm","floor":1,"turns":2},{"damage":7,"enemies":"Cultist","floor":2,"turns":4},{"damage":7,"enemies":"2 Louse","floor":4,"turns":2},{"damage":11,"enemies":"Exordium Thugs","floor":5,"turns":4},{"damage":40,"enemies":"Lagavulin","floor":7,"turns":7},{"damage":11,"enemies":"Blue Slaver","floor":12,"turns":4},{"damage":0,"enemies":"Large Slime","floor":13,"turns":2},{"damage":22,"enemies":"Exordium Thugs","floor":14,"turns":3},{"damage":37,"enemies":"The Guardian","floor":16,"turns":8}],"seed_played":"-5396488074331238968","potions_obtained":[{"floor":2,"key":"AttackPotion"},{"floor":3,"key":"FearPotion"},{"floor":5,"key":"LiquidBronze"},{"floor":12,"key":"LiquidBronze"}],"is_trial":false,"path_per_floor":["M","M","?","M","M","R","E","R","T","R","$","M","M","M","R","B"],"character_chosen":"IRONCLAD","items_purchased":["Chemical X","Whirlwind"],"campfire_rested":2,"item_purchase_floors":[11,11],"current_hp_per_floor":[44,43,43,42,37,59,25,47,47,47,47,42,48,32,32,0],"gold":54,"neow_bonus":"THREE_RARE_CARDS","is_prod":false,"is_daily":false,"chose_seed":false,"campfire_upgraded":2,"win_rate":0,"timestamp":1677332492,"path_taken":["M","M","?","M","?","R","E","R","T","R","$","M","M","?","R","BOSS"],"build_version":"2022-12-18","purchased_purges":0,"victory":false,"max_hp_per_floor":[75,75,75,75,75,75,75,75,75,75,75,75,75,75,75,75],"card_choices":[{"not_picked":["Demon Form","Berserk"],"picked":"Fiend Fire","floor":0},{"not_picked":["Clothesline","Armaments"],"picked":"Inflame","floor":1},{"not_picked":["Body Slam","Shockwave"],"picked":"Sentinel","floor":2},{"not_picked":["Sword Boomerang","Cleave"],"picked":"Evolve","floor":4},{"not_picked":["Hemokinesis","Flex"],"picked":"Cleave","floor":5},{"not_picked":["Shockwave","Anger"],"picked":"Pommel Strike","floor":7},{"not_picked":["Body Slam","Clash","Fire Breathing"],"picked":"SKIP","floor":12},{"not_picked":["Sword Boomerang","Thunderclap","Warcry"],"picked":"SKIP","floor":13},{"not_picked":["Iron Wave","True Grit","Headbutt"],"picked":"SKIP","floor":14}],"player_experience":2143284,"relics_obtained":[{"floor":7,"key":"Letter Opener"},{"floor":9,"key":"Art of War"}],"event_choices":[{"damage_healed":0,"gold_gain":0,"player_choice":"Bought 1 Potion","damage_taken":0,"max_hp_gain":0,"max_hp_loss":0,"event_name":"The Woman in Blue","floor":3,"gold_loss":0}],"is_beta":false,"boss_relics":[],"items_purged_floors":[],"is_endless":false,"potions_floor_spawned":[2,5,12],"killed_by":"The Guardian","ascension_level":20}