{"gold_per_floor":[114,114,39,64,29,55,67,24,24,36,36,46,46,80,80,154,154,170,85,97,97,147,147,179,179,179,196,222,235,263,273,273,345,345,356,356,36,49,68,68,101,101,124,124,152,162,11,11,11,11,11],"floor_reached":51,"playtime":1972,"items_purged":["Strike_R","Strike_R"],"score":1451,"play_id":"7e8ae27a-25a6-4307-8a5a-d002288c0f26","local_time":"20230225161218","is_ascension_mode":true,"campfire_choices":[{"data":"Inflame","floor":11,"key":"SMITH"},{"data":"Bash","floor":13,"key":"SMITH"},{"data":"Disarm","floor":15,"key":"SMITH"},{"data":"1","floor":23,"key":"LIFT"},{"data":"2","floor":25,"key":"LIFT"},{"data":"3","floor":32,"key":"LIFT"},{"data":"Limit Break","floor":40,"key":"SMITH"},{"floor":42,"key":"REST"},{"floor":44,"key":"RECALL"},{"data":"Disarm","floor":49,"key":"SMITH"}],"neow_cost":"CURSE","seed_source_timestamp":2530328876193000,"circlet_count":0,"master_deck":["AscendersBane","Defend_R","Defend_R+1","Defend_R","Defend_R","Bash+1","Seeing Red","Disarm+1","Wild Strike","Headbutt","Armaments+1","Inflame+1","Sword Boomerang","Disarm+1","Dark Embrace","Reaper","True Grit","Dropkick+1","Cleave+1","Dropkick+1","Limit Break+1","Shrug It Off","Offering","Violence","Deep Breath","Sword Boomerang+1","Warcry"],"relics":["Burning Blood","Spirit Poop","Ancient Tea Set","Matryoshka","Paper Frog","White Beast Statue","Philosopher\u0027s Stone","Girya","Nilry\u0027s Codex","Art of War","PreservedInsect","Bottled Lightning","Akabeko","War Paint","Busted Crown","Ornamental Fan","Bronze Scales","Potion Belt"],"potions_floor_usage":[6,12,14,29,29,30,33,33,41,46,50,50],"damage_taken":[{"damage":19,"enemies":"2 Louse","floor":1,"turns":5},{"damage":55,"enemies":"3 Sentries","floor":6,"turns":14},{"damage":1,"enemies":"Cultist","floor":7,"turns":3},{"damage":7,"enemies":"Jaw Worm","floor":10,"turns":3},{"damage":0,"enemies":"Lots of Slimes","floor":12,"turns":3},{"damage":17,"enemies":"Lagavulin","floor":14,"turns":6},{"damage":22,"enemies":"Hexaghost","floor":16,"turns":11},{"damage":10,"enemies":"Chosen","floor":18,"turns":5},{"damage":21,"enemies":"Shell Parasite","floor":20,"turns":5},{"damage":27,"enemies":"Book of Stabbing","floor":24,"turns":6},{"damage":10,"enemies":"Snake Plant","floor":27,"turns":6},{"damage":24,"enemies":"3 Cultists","floor":29,"turns":4},{"damage":41,"enemies":"Gremlin Leader","floor":30,"turns":5},{"damage":14,"enemies":"Snecko","floor":31,"turns":8},{"damage":37,"enemies":"Automaton","floor":33,"turns":8},{"damage":3,"enemies":"Orb Walker","floor":35,"turns":4},{"damage":26,"enemies":"3 Darklings","floor":38,"turns":6},{"damage":29,"enemies":"Writhing Mass","floor":39,"turns":4},{"damage":42,"enemies":"Nemesis","floor":41,"turns":7},{"damage":0,"enemies":"Reptomancer","floor":45,"turns":3},{"damage":0,"enemies":"Spire Growth","floor":46,"turns":2},{"damage":98,"enemies":"Donu and Deca","floor":50,"turns":8},{"damage":37,"enemies":"Time Eater","floor":51,"turns":3}],"seed_played":"-8355026211256882219","potions_obtained":[{"floor":1,"key":"SkillPotion"},{"floor":6,"key":"BlessingOfTheForge"},{"floor":10,"key":"DistilledChaos"},{"floor":12,"key":"FearPotion"},{"floor":16,"key":"Strength Potion"},{"floor":29,"key":"SteroidPotion"},{"floor":30,"key":"Dexterity Potion"},{"floor":31,"key":"SkillPotion"},{"floor":33,"key":"Regen Potion"},{"floor":35,"key":"AttackPotion"},{"floor":38,"key":"ColorlessPotion"},{"floor":41,"key":"DuplicationPotion"},{"floor":45,"key":"SteroidPotion"},{"floor":46,"key":"Strength Potion"}],"is_trial":false,"path_per_floor":["M","?","$","T","?","E","M","$","T","M","R","M","R","E","R","B",null,"M","?","M","?","?","R","E","R","T","M","T","M","E","M","R","B",null,"M","?","$","M","M","R","E","R","T","R","E","M","$","?","R","B","B"],"character_chosen":"IRONCLAD","items_purchased":["Inflame","Violence","Deep Breath","Warcry"],"campfire_rested":1,"item_purchase_floors":[8,37,37,47],"current_hp_per_floor":[55,55,55,55,73,24,29,29,29,28,28,34,34,23,23,7,58,64,64,61,40,40,40,19,19,19,26,26,42,37,52,52,38,66,75,75,75,55,47,47,23,45,45,45,75,75,75,75,75,32,0],"gold":11,"neow_bonus":"TRANSFORM_TWO_CARDS","is_prod":false,"is_daily":false,"chose_seed":false,"campfire_upgraded":5,"win_rate":0,"timestamp":1677337938,"path_taken":["M","?","$","?","?","E","M","?","T","?","R","M","R","E","R","BOSS","M","?","M","?","?","R","E","R","T","M","?","?","E","M","R","BOSS","M","?","$","M","M","R","E","R","T","R","E","?","$","?","R","BOSS","BOSS"],"build_version":"2022-12-18","purchased_purges":2,"victory":false,"max_hp_per_floor":[75,75,75,75,75,75,75,75,75,75,75,75,75,75,75,75,75,75,75,75,75,75,75,75,75,75,75,75,75,75,75,75,75,75,75,75,75,75,75,75,75,75,75,75,75,75,75,75,75,75,75],"card_choices":[{"not_picked":["True Grit","Headbutt"],"picked":"Wild Strike","floor":1},{"not_picked":["Havoc","Clash"],"picked":"Headbutt","floor":6},{"not_picked":["Heavy Blade","Twin Strike"],"picked":"Armaments","floor":7},{"not_picked":["Iron Wave","Pommel Strike"],"picked":"Sword Boomerang","floor":10},{"not_picked":["Clash","Wild Strike"],"picked":"Disarm","floor":12},{"not_picked":["Heavy Blade","Seeing Red"],"picked":"Dark Embrace","floor":14},{"not_picked":["Offering","Berserk"],"picked":"Reaper","floor":16},{"not_picked":["Rupture","Armaments"],"picked":"True Grit","floor":18},{"not_picked":["Second Wind","Pommel Strike","Sever Soul"],"picked":"SKIP","floor":20},{"not_picked":["Flex","Iron Wave","Demon Form"],"picked":"SKIP","floor":24},{"not_picked":["Sever Soul","Twin Strike"],"picked":"Dropkick+1","floor":27},{"not_picked":["Iron Wave","Twin Strike"],"picked":"Cleave+1","floor":29},{"not_picked":["Iron Wave","Wild Strike"],"picked":"Dropkick+1","floor":30},{"not_picked":["Headbutt","Entrench","Perfected Strike"],"picked":"SKIP","floor":31},{"not_picked":["Barricade","Bludgeon"],"picked":"Limit Break","floor":33},{"not_picked":["Sword Boomerang"],"picked":"SKIP","floor":35},{"not_picked":[],"picked":"Sword Boomerang+1","floor":38},{"not_picked":["Fire Breathing"],"picked":"SKIP","floor":39},{"not_picked":["Ghostly Armor"],"picked":"SKIP","floor":41},{"not_picked":["Flame Barrier"],"picked":"SKIP","floor":45},{"not_picked":["Headbutt"],"picked":"SKIP","floor":46}],"player_experience":2146971,"relics_obtained":[{"floor":4,"key":"Ancient Tea Set"},{"floor":6,"key":"Matryoshka"},{"floor":9,"key":"Paper Frog"},{"floor":14,"key":"White Beast Statue"},{"floor":21,"key":"Nilry\u0027s Codex"},{"floor":24,"key":"Art of War"},{"floor":26,"key":"PreservedInsect"},{"floor":26,"key":"Bottled Lightning"},{"floor":28,"key":"Akabeko"},{"floor":30,"key":"War Paint"},{"floor":41,"key":"Ornamental Fan"},{"floor":43,"key":"Bronze Scales"},{"floor":45,"key":"Potion Belt"}],"event_choices":[{"cards_removed":["Shame"],"damage_healed":0,"gold_gain":0,"player_choice":"Offered Curse","damage_taken":0,"relics_obtained":["Spirit Poop"],"max_hp_gain":0,"max_hp_loss":0,"event_name":"Bonfire Elementals","floor":2,"gold_loss":0},{"damage_healed":18,"gold_gain":0,"player_choice":"Healed","damage_taken":0,"max_hp_gain":0,"max_hp_loss":0,"event_name":"The Cleric","floor":5,"gold_loss":35},{"damage_healed":0,"gold_gain":0,"player_choice":"Obtained Relic","damage_taken":0,"relics_obtained":["Girya"],"max_hp_gain":0,"max_hp_loss":0,"event_name":"Addict","floor":19,"gold_loss":85},{"damage_healed":0,"gold_gain":0,"player_choice":"Obtained Book","damage_taken":21,"max_hp_gain":0,"max_hp_loss":0,"event_name":"Cursed Tome","floor":21,"gold_loss":0},{"damage_healed":0,"gold_gain":50,"player_choice":"Stole From Cult","damage_taken":0,"max_hp_gain":0,"max_hp_loss":0,"event_name":"Nest","floor":22,"gold_loss":0},{"damage_healed":0,"gold_gain":0,"player_choice":"2 cards matched","damage_taken":0,"max_hp_gain":0,"max_hp_loss":0,"event_name":"Match and Keep!","floor":36,"gold_loss":0,"cards_obtained":["Shrug It Off","Offering"]},{"cards_removed":["Strike_R"],"damage_healed":0,"gold_gain":0,"player_choice":"Purged","damage_taken":0,"max_hp_gain":0,"max_hp_loss":0,"event_name":"Purifier","floor":48,"gold_loss":0}],"is_beta":false,"boss_relics":[{"not_picked":["Runic Dome","Velvet Choker"],"picked":"Philosopher\u0027s Stone"},{"not_picked":["Calling Bell","SlaversCollar"],"picked":"Busted Crown"}],"items_purged_floors":[3,47],"is_endless":false,"potions_floor_spawned":[1,6,10,12,16,18,20,24,27,29,30,31,33,35,38,39,41,45,46],"killed_by":"Time Eater","ascension_level":20}