{"gold_per_floor":[111,121,1,20,36,70,70,98,123,123,150,150,169,169,169,263,263,263,263],"floor_reached":19,"playtime":561,"items_purged":["Strike_R"],"score":374,"play_id":"e53dc531-4ca4-47a0-b957-24739b9b93dd","local_time":"20230226110850","is_ascension_mode":true,"campfire_choices":[{"data":"Armaments","floor":10,"key":"SMITH"},{"data":"Fire Breathing","floor":12,"key":"SMITH"},{"data":"Inflame","floor":15,"key":"SMITH"}],"neow_cost":"NONE","seed_source_timestamp":5692096867000,"circlet_count":0,"master_deck":["AscendersBane","Strike_R","Strike_R","Strike_R","Strike_R","Defend_R","Defend_R","Defend_R","Defend_R","Bash","Spot Weakness","Body Slam","Fire Breathing+1","Pommel Strike","Armaments+1","Ghostly Armor","Intimidate","Inflame+1","Dropkick","Injury","Impervious","Pommel Strike"],"relics":["Burning Blood","Oddly Smooth Stone","Happy Flower","Pen Nib","Bronze Scales","Golden Idol","Ectoplasm"],"potions_floor_usage":[8,19,19],"damage_taken":[{"damage":13,"enemies":"Cultist","floor":1,"turns":5},{"damage":0,"enemies":"2 Louse","floor":2,"turns":3},{"damage":13,"enemies":"Small Slimes","floor":4,"turns":5},{"damage":10,"enemies":"2 Fungi Beasts","floor":5,"turns":3},{"damage":20,"enemies":"3 Sentries","floor":6,"turns":4},{"damage":32,"enemies":"Gremlin Nob","floor":8,"turns":4},{"damage":18,"enemies":"3 Sentries","floor":11,"turns":5},{"damage":0,"enemies":"Blue Slaver","floor":13,"turns":4},{"damage":13,"enemies":"Slime Boss","floor":16,"turns":7},{"damage":26,"enemies":"Spheric Guardian","floor":18,"turns":5},{"damage":82,"enemies":"Masked Bandits","floor":19,"turns":5}],"seed_played":"-6515951960105209121","potions_obtained":[{"floor":1,"key":"Swift Potion"},{"floor":2,"key":"ElixirPotion"},{"floor":6,"key":"BloodPotion"},{"floor":16,"key":"SpeedPotion"},{"floor":18,"key":"EntropicBrew"}],"is_trial":false,"path_per_floor":["M","M","$","M","M","E","?","E","T","R","E","R","M","?","R","B",null,"M","?"],"character_chosen":"IRONCLAD","items_purchased":["Fire Breathing"],"campfire_rested":0,"item_purchase_floors":[3],"current_hp_per_floor":[61,67,67,60,56,42,85,59,59,59,47,47,53,53,53,46,75,55,0],"gold":263,"neow_bonus":"ONE_RANDOM_RARE_CARD","is_prod":false,"is_daily":false,"chose_seed":false,"campfire_upgraded":3,"win_rate":0,"timestamp":1677406130,"path_taken":["M","M","?","M","M","E","?","E","T","R","E","R","?","?","R","BOSS","M","?"],"build_version":"2022-12-18","purchased_purges":1,"victory":false,"max_hp_per_floor":[75,75,75,75,75,75,85,85,85,85,85,85,85,85,85,85,85,85,85],"card_choices":[{"not_picked":["Seeing Red","True Grit"],"picked":"Spot Weakness","floor":1},{"not_picked":["Intimidate","Clash"],"picked":"Body Slam","floor":2},{"not_picked":["Shrug It Off","Rage"],"picked":"Pommel Strike","floor":4},{"not_picked":["Hemokinesis","Clash"],"picked":"Armaments","floor":5},{"not_picked":["Sever Soul","Warcry"],"picked":"Ghostly Armor","floor":6},{"not_picked":["Perfected Strike","Headbutt"],"picked":"Intimidate","floor":8},{"not_picked":["Spot Weakness","Brutality"],"picked":"Inflame","floor":11},{"not_picked":["Dual Wield","Armaments"],"picked":"Dropkick","floor":13},{"not_picked":["Offering","Berserk"],"picked":"Impervious","floor":16},{"not_picked":["Clothesline+1","Shrug It Off"],"picked":"Pommel Strike","floor":18}],"player_experience":2166260,"relics_obtained":[{"floor":6,"key":"Oddly Smooth Stone"},{"floor":8,"key":"Happy Flower"},{"floor":9,"key":"Pen Nib"},{"floor":11,"key":"Bronze Scales"}],"event_choices":[{"cards_removed":["Exhume"],"damage_healed":33,"gold_gain":0,"player_choice":"Offered Rare","damage_taken":0,"max_hp_gain":10,"max_hp_loss":0,"event_name":"Bonfire Elementals","floor":7,"gold_loss":0},{"damage_healed":0,"gold_gain":0,"player_choice":"Take Wound","damage_taken":0,"relics_obtained":["Golden Idol"],"max_hp_gain":0,"max_hp_loss":0,"event_name":"Golden Idol","floor":14,"gold_loss":0,"cards_obtained":["Injury"]},{"damage_healed":0,"gold_gain":0,"player_choice":"Fought Bandits","damage_taken":0,"max_hp_gain":0,"max_hp_loss":0,"event_name":"Masked Bandits","floor":19,"gold_loss":0}],"is_beta":false,"boss_relics":[{"not_picked":["Velvet Choker","Runic Dome"],"picked":"Ectoplasm"}],"items_purged_floors":[3],"is_endless":false,"potions_floor_spawned":[1,2,6,16,18],"killed_by":"Masked Bandits","ascension_level":20}