{"gold_per_floor":[117,117,117,40,52,83,83,103,103,120,147,161,195,195,195,195],"floor_reached":16,"playtime":558,"items_purged":[],"score":290,"play_id":"f1413aa7-df61-454f-ad3b-630a447e989b","local_time":"20230222195103","is_ascension_mode":true,"campfire_choices":[{"data":"Dual Wield","floor":7,"key":"SMITH"},{"data":"Inflame","floor":15,"key":"SMITH"}],"neow_cost":"NONE","seed_source_timestamp":2285652221627200,"circlet_count":0,"master_deck":["AscendersBane","Strike_R","Strike_R","Strike_R","Strike_R","Defend_R","Defend_R","Defend_R","Bash","Feel No Pain","Inflame+1","Dual Wield+1","Shrug It Off","Seeing Red","Impervious","Body Slam","Disarm","Sword Boomerang"],"relics":["Burning Blood","NeowsBlessing","Frozen Egg 2","Pear","Paper Frog","Potion Belt"],"potions_floor_usage":[10,11],"damage_taken":[{"damage":0,"enemies":"Small Slimes","floor":1,"turns":1},{"damage":0,"enemies":"2 Louse","floor":5,"turns":1},{"damage":0,"enemies":"Lagavulin","floor":6,"turns":1},{"damage":19,"enemies":"Cultist","floor":8,"turns":6},{"damage":6,"enemies":"Looter","floor":10,"turns":4},{"damage":9,"enemies":"3 Sentries","floor":11,"turns":19},{"damage":1,"enemies":"Red Slaver","floor":12,"turns":3},{"damage":44,"enemies":"Lagavulin","floor":13,"turns":10},{"damage":37,"enemies":"Hexaghost","floor":16,"turns":9}],"seed_played":"-569742828743813486","potions_obtained":[{"floor":3,"key":"HeartOfIron"},{"floor":3,"key":"Explosive Potion"},{"floor":13,"key":"Fire Potion"}],"is_trial":false,"path_per_floor":["M","?","?","$","M","E","R","M","T","M","E","M","E","?","R","B"],"character_chosen":"IRONCLAD","items_purchased":["Inflame"],"campfire_rested":0,"item_purchase_floors":[4],"current_hp_per_floor":[74,67,67,67,73,75,75,62,72,72,69,74,36,36,36,0],"gold":195,"neow_bonus":"THREE_ENEMY_KILL","is_prod":false,"is_daily":false,"chose_seed":false,"campfire_upgraded":2,"win_rate":0,"timestamp":1677091863,"path_taken":["M","?","?","$","M","E","R","M","T","?","E","M","E","?","R","BOSS"],"build_version":"2022-12-18","purchased_purges":0,"victory":false,"max_hp_per_floor":[75,75,75,75,75,75,75,75,85,85,85,85,85,85,85,85],"card_choices":[{"not_picked":["Havoc","Anger"],"picked":"Feel No Pain","floor":1},{"not_picked":["Wild Strike","Havoc"],"picked":"Dual Wield","floor":5},{"not_picked":["Shockwave","Searing Blow"],"picked":"Shrug It Off","floor":6},{"not_picked":["Clash","Twin Strike"],"picked":"Seeing Red","floor":8},{"not_picked":["Rampage","Searing Blow"],"picked":"Impervious","floor":10},{"not_picked":["Clothesline","Heavy Blade"],"picked":"Body Slam","floor":11},{"not_picked":["Warcry","Hemokinesis"],"picked":"Disarm","floor":12},{"not_picked":["Searing Blow","Spot Weakness"],"picked":"Sword Boomerang","floor":13}],"player_experience":2129088,"relics_obtained":[{"floor":6,"key":"Frozen Egg 2"},{"floor":9,"key":"Pear"},{"floor":11,"key":"Paper Frog"},{"floor":13,"key":"Potion Belt"}],"event_choices":[{"cards_removed":["Strike_R"],"damage_healed":0,"gold_gain":0,"player_choice":"Card Removal","damage_taken":7,"max_hp_gain":0,"max_hp_loss":0,"event_name":"Golden Wing","floor":2,"gold_loss":0},{"damage_healed":0,"gold_gain":0,"player_choice":"Got Potions","damage_taken":0,"max_hp_gain":0,"max_hp_loss":0,"event_name":"Lab","floor":3,"gold_loss":0},{"cards_removed":["Defend_R"],"damage_healed":0,"gold_gain":0,"player_choice":"Offered Basic","damage_taken":0,"max_hp_gain":0,"max_hp_loss":0,"event_name":"Bonfire Elementals","floor":14,"gold_loss":0}],"is_beta":false,"boss_relics":[],"items_purged_floors":[],"is_endless":false,"potions_floor_spawned":[5,13],"killed_by":"Hexaghost","ascension_level":20}