{"gold_per_floor":[114,129,94,10,30,30,63,63,87,117,32,51,76,105,105,179,179,196,121,138,138,138,164,164,191,243,243,260,288,303,253,253,332,332,349,349,349,368,381,410,422,422],"floor_reached":42,"playtime":1517,"items_purged":[],"score":988,"play_id":"8379c575-88f6-45a8-96c4-7858626e207b","local_time":"20230313212736","is_ascension_mode":true,"campfire_choices":[{"data":"Inflame","floor":6,"key":"SMITH"},{"data":"Fire Breathing","floor":8,"key":"SMITH"},{"data":"Body Slam","floor":15,"key":"SMITH"},{"floor":24,"key":"REST"},{"floor":32,"key":"REST"}],"neow_cost":"PERCENT_DAMAGE","seed_source_timestamp":1072742243253000,"circlet_count":0,"master_deck":["AscendersBane","Strike_R","Defend_R","Defend_R","Defend_R","Defend_R","Bash","Inflame+1","Shockwave","Fire Breathing+1","Sword Boomerang","Fiend Fire","Feel No Pain","Body Slam+1","Barricade","Second Wind+1","Blood for Blood+1","Pommel Strike+1","Shrug It Off","Entrench","Feel No Pain","Flame Barrier","Dark Embrace","Juggernaut+1","Shame","Shrug It Off+1","Feel No Pain+1","Warcry"],"relics":["Burning Blood","Torii","Lantern","Tiny Chest","Centennial Puzzle","Ornamental Fan","Astrolabe","CaptainsWheel","Regal Pillow","Vajra","Blood Vial","Red Skull","Cursed Key","Meat on the Bone","Art of War"],"potions_floor_usage":[16,20,25,29,35,40,42],"damage_taken":[{"damage":2,"enemies":"Jaw Worm","floor":1,"turns":5},{"damage":2,"enemies":"2 Louse","floor":2,"turns":4},{"damage":7,"enemies":"Cultist","floor":5,"turns":4},{"damage":32,"enemies":"Gremlin Nob","floor":7,"turns":4},{"damage":19,"enemies":"Looter","floor":12,"turns":4},{"damage":8,"enemies":"3 Sentries","floor":14,"turns":4},{"damage":7,"enemies":"Slime Boss","floor":16,"turns":4},{"damage":13,"enemies":"Chosen","floor":18,"turns":4},{"damage":12,"enemies":"Spheric Guardian","floor":20,"turns":4},{"damage":26,"enemies":"Gremlin Leader","floor":23,"turns":7},{"damage":20,"enemies":"Slavers","floor":25,"turns":4},{"damage":22,"enemies":"Shelled Parasite and Fungi","floor":28,"turns":5},{"damage":6,"enemies":"Gremlin Leader","floor":29,"turns":4},{"damage":18,"enemies":"Snake Plant","floor":30,"turns":2},{"damage":42,"enemies":"Automaton","floor":33,"turns":12},{"damage":18,"enemies":"3 Darklings","floor":35,"turns":5},{"damage":16,"enemies":"Orb Walker","floor":38,"turns":3},{"damage":21,"enemies":"Sphere and 2 Shapes","floor":39,"turns":6},{"damage":47,"enemies":"Giant Head","floor":40,"turns":10},{"damage":18,"enemies":"4 Shapes","floor":41,"turns":5},{"damage":35,"enemies":"Reptomancer","floor":42,"turns":2}],"seed_played":"6419095126719226936","potions_obtained":[{"floor":7,"key":"SkillPotion"},{"floor":12,"key":"DuplicationPotion"},{"floor":14,"key":"DistilledChaos"},{"floor":16,"key":"SteroidPotion"},{"floor":18,"key":"Swift Potion"},{"floor":28,"key":"SteroidPotion"},{"floor":33,"key":"SkillPotion"},{"floor":38,"key":"HeartOfIron"},{"floor":39,"key":"SpeedPotion"}],"is_trial":false,"path_per_floor":["M","M","?","$","M","R","E","R","T","?","$","M","T","E","R","B",null,"M","?","M","T","?","E","R","E","T","T","M","E","M","?","R","B",null,"M","?","T","M","M","E","M","E"],"character_chosen":"IRONCLAD","items_purchased":["Fire Breathing","Feel No Pain"],"campfire_rested":2,"item_purchase_floors":[4,11],"current_hp_per_floor":[54,58,75,75,74,74,48,48,48,48,48,35,35,33,33,32,64,57,57,51,51,51,31,68,54,54,54,40,42,32,32,69,35,65,55,55,55,47,46,19,21,0],"gold":422,"neow_bonus":"ONE_RARE_RELIC","is_prod":false,"is_daily":false,"chose_seed":false,"campfire_upgraded":3,"win_rate":0,"timestamp":1678739256,"path_taken":["M","M","?","$","M","R","E","R","T","?","?","?","?","E","R","BOSS","M","?","M","?","?","E","R","E","T","?","M","E","?","?","R","BOSS","M","?","?","M","M","E","M","E"],"build_version":"2022-12-18","purchased_purges":0,"victory":false,"max_hp_per_floor":[75,75,75,75,75,75,75,75,75,75,75,75,75,75,75,75,75,75,75,75,75,75,75,75,75,75,75,75,75,75,75,75,75,75,75,75,75,75,75,75,75,75],"card_choices":[{"not_picked":["Clothesline","Cleave"],"picked":"Inflame","floor":1},{"not_picked":["Body Slam","Wild Strike"],"picked":"Shockwave","floor":2},{"not_picked":["Feel No Pain","Clash"],"picked":"Sword Boomerang","floor":5},{"not_picked":["Wild Strike","Barricade"],"picked":"Fiend Fire","floor":7},{"not_picked":["Iron Wave","Anger","Flex"],"picked":"SKIP","floor":12},{"not_picked":["Brutality","Combust"],"picked":"Body Slam","floor":14},{"not_picked":["Offering","Fiend Fire"],"picked":"Barricade","floor":16},{"not_picked":["Sever Soul","Sword Boomerang","Twin Strike"],"picked":"SKIP","floor":18},{"not_picked":["Sever Soul","Sword Boomerang","Twin Strike"],"picked":"SKIP","floor":18},{"not_picked":["Heavy Blade","Pommel Strike"],"picked":"Shrug It Off","floor":20},{"not_picked":["Clothesline","Twin Strike","Clash"],"picked":"SKIP","floor":23},{"not_picked":["Fire Breathing+1","Whirlwind"],"picked":"Feel No Pain","floor":25},{"not_picked":["Iron Wave","Flex"],"picked":"Flame Barrier","floor":28},{"not_picked":["Barricade","Warcry"],"picked":"Dark Embrace","floor":29},{"not_picked":["Anger","Uppercut","Clothesline"],"picked":"SKIP","floor":30},{"not_picked":["Corruption","Barricade"],"picked":"Juggernaut","floor":33},{"not_picked":["Pommel Strike","Cleave","Wild Strike"],"picked":"SKIP","floor":35},{"not_picked":["Wild Strike","Twin Strike"],"picked":"Shrug It Off+1","floor":38},{"not_picked":["Whirlwind","Body Slam"],"picked":"Feel No Pain+1","floor":39},{"not_picked":["Heavy Blade+1","Brutality","Wild Strike+1"],"picked":"SKIP","floor":40},{"not_picked":["Pommel Strike","Clothesline"],"picked":"Warcry","floor":41}],"player_experience":2228186,"relics_obtained":[{"floor":7,"key":"Lantern"},{"floor":9,"key":"Tiny Chest"},{"floor":13,"key":"Centennial Puzzle"},{"floor":14,"key":"Ornamental Fan"},{"floor":21,"key":"CaptainsWheel"},{"floor":23,"key":"Regal Pillow"},{"floor":25,"key":"Vajra"},{"floor":26,"key":"Blood Vial"},{"floor":29,"key":"Red Skull"},{"floor":37,"key":"Meat on the Bone"},{"floor":40,"key":"Art of War"}],"event_choices":[{"damage_healed":18,"gold_gain":0,"player_choice":"Healed","damage_taken":0,"max_hp_gain":0,"max_hp_loss":0,"event_name":"The Cleric","floor":3,"gold_loss":35},{"damage_healed":0,"gold_gain":30,"player_choice":"Searched \u00272\u0027 times","damage_taken":0,"max_hp_gain":0,"max_hp_loss":0,"event_name":"Dead Adventurer","floor":10,"gold_loss":0},{"cards_removed":["Strike_R"],"damage_healed":0,"gold_gain":0,"player_choice":"Gave Gold","damage_taken":0,"max_hp_gain":0,"max_hp_loss":0,"event_name":"Beggar","floor":19,"gold_loss":75},{"damage_healed":0,"gold_gain":0,"player_choice":"Read","damage_taken":0,"max_hp_gain":0,"max_hp_loss":0,"event_name":"The Library","floor":22,"gold_loss":0,"cards_obtained":["Entrench"]},{"damage_healed":0,"gold_gain":0,"player_choice":"Bet on Murderer","damage_taken":0,"max_hp_gain":0,"max_hp_loss":0,"event_name":"The Joust","floor":31,"gold_loss":50},{"damage_healed":0,"gold_gain":0,"player_choice":"Upgraded","damage_taken":0,"max_hp_gain":0,"max_hp_loss":0,"event_name":"Upgrade Shrine","floor":36,"gold_loss":0,"cards_upgraded":["Juggernaut"]}],"is_beta":false,"boss_relics":[{"not_picked":["Ectoplasm","Busted Crown"],"picked":"Astrolabe"},{"not_picked":["Sozu","Tiny House"],"picked":"Cursed Key"}],"items_purged_floors":[],"is_endless":false,"potions_floor_spawned":[7,12,14,16,18,28,33,38,39],"killed_by":"Reptomancer","ascension_level":20}