{"gold_per_floor":[115,115,125,0,0,27,27,58,85,110,124,137,137,151,151,151],"floor_reached":16,"playtime":398,"items_purged":["Strike_R"],"score":290,"play_id":"c56e2459-cb2e-40f1-88a9-a23058fcfcb5","local_time":"20230305184524","is_ascension_mode":true,"campfire_choices":[{"data":"Pommel Strike","floor":7,"key":"SMITH"},{"data":"Rampage","floor":13,"key":"SMITH"},{"data":"Shrug It Off","floor":15,"key":"SMITH"}],"neow_cost":"NONE","seed_source_timestamp":372916022713800,"circlet_count":0,"master_deck":["AscendersBane","Strike_R","Strike_R","Strike_R","Strike_R","Defend_R","Defend_R","Defend_R","Defend_R","Bash+1","Clothesline+1","Evolve","Shrug It Off+1","Pommel Strike+1","Wild Strike","Cleave","Rampage+1","Ghostly Armor"],"relics":["Burning Blood","NeowsBlessing","Happy Flower","Whetstone","Omamori","Potion Belt","Ancient Tea Set"],"potions_floor_usage":[8,14],"damage_taken":[{"damage":0,"enemies":"Small Slimes","floor":1,"turns":1},{"damage":0,"enemies":"Cultist","floor":3,"turns":1},{"damage":0,"enemies":"Gremlin Nob","floor":6,"turns":1},{"damage":16,"enemies":"3 Sentries","floor":8,"turns":7},{"damage":17,"enemies":"Lagavulin","floor":10,"turns":5},{"damage":0,"enemies":"Jaw Worm","floor":11,"turns":4},{"damage":11,"enemies":"2 Fungi Beasts","floor":12,"turns":3},{"damage":17,"enemies":"Exordium Wildlife","floor":14,"turns":4},{"damage":60,"enemies":"The Guardian","floor":16,"turns":11}],"seed_played":"4019618970043811631","potions_obtained":[{"floor":2,"key":"FearPotion"},{"floor":2,"key":"DuplicationPotion"},{"floor":6,"key":"ColorlessPotion"},{"floor":11,"key":"Ancient Potion"}],"is_trial":false,"path_per_floor":["M","?","M","$","?","E","R","E","T","E","M","M","R","M","R","B"],"character_chosen":"IRONCLAD","items_purchased":["Shrug It Off"],"campfire_rested":0,"item_purchase_floors":[4],"current_hp_per_floor":[74,74,75,75,75,75,75,65,65,54,60,55,55,44,44,0],"gold":151,"neow_bonus":"THREE_ENEMY_KILL","is_prod":false,"is_daily":false,"chose_seed":false,"campfire_upgraded":3,"win_rate":0,"timestamp":1678038324,"path_taken":["M","?","?","$","?","E","R","E","T","E","M","M","R","?","R","BOSS"],"build_version":"2022-12-18","purchased_purges":1,"victory":false,"max_hp_per_floor":[75,75,75,75,75,75,75,75,75,75,75,75,75,75,75,75],"card_choices":[{"not_picked":["True Grit","Rage"],"picked":"Clothesline","floor":1},{"not_picked":["Burning Pact","Uppercut"],"picked":"Evolve","floor":3},{"not_picked":["Twin Strike","Thunderclap"],"picked":"Pommel Strike","floor":6},{"not_picked":["Iron Wave","Dark Embrace"],"picked":"Wild Strike","floor":8},{"not_picked":["Limit Break","Havoc"],"picked":"Cleave","floor":10},{"not_picked":["Armaments","Headbutt"],"picked":"Rampage","floor":11},{"not_picked":["Clothesline","Rampage","Pommel Strike"],"picked":"SKIP","floor":12},{"not_picked":["Flex","Thunderclap"],"picked":"Ghostly Armor","floor":14}],"player_experience":2207598,"relics_obtained":[{"floor":6,"key":"Whetstone"},{"floor":8,"key":"Omamori"},{"floor":9,"key":"Potion Belt"},{"floor":10,"key":"Ancient Tea Set"}],"event_choices":[{"damage_healed":0,"gold_gain":0,"player_choice":"Got Potions","damage_taken":0,"max_hp_gain":0,"max_hp_loss":0,"event_name":"Lab","floor":2,"gold_loss":0},{"damage_healed":0,"gold_gain":0,"player_choice":"Gave Potion","damage_taken":0,"relics_obtained":["Happy Flower"],"max_hp_gain":0,"max_hp_loss":0,"event_name":"WeMeetAgain","floor":5,"gold_loss":0}],"is_beta":false,"boss_relics":[],"items_purged_floors":[4],"is_endless":false,"potions_floor_spawned":[3,6,11],"killed_by":"The Guardian","ascension_level":20}