{"gold_per_floor":[109,184,201,212,212,237,237,253,253,253,269,269,28,53,53,126,126,138,118,26,44,54,54],"floor_reached":23,"playtime":757,"items_purged":["Strike_R"],"score":402,"play_id":"1632f5cd-018e-4d23-aa15-df62af4629dd","local_time":"20230314194155","is_ascension_mode":true,"campfire_choices":[{"data":"Immolate","floor":7,"key":"SMITH"},{"floor":10,"key":"REST"},{"data":"Disarm","floor":15,"key":"SMITH"}],"neow_cost":"CURSE","seed_source_timestamp":1153566765670700,"circlet_count":0,"master_deck":["AscendersBane","Strike_R","Defend_R","Defend_R","Defend_R","Defend_R","Bash","Immolate+1","Wild Strike","Flame Barrier","Shrug It Off","Feel No Pain","Disarm+1","Shrug It Off","Juggernaut","Offering+1","Dark Embrace+1","Ghostly Armor+1","Bandage Up","Warcry","Evolve"],"relics":["Burning Blood","CultistMask","Ornamental Fan","Turnip","Medical Kit","WingedGreaves","Astrolabe"],"potions_floor_usage":[16,16,21,22,23],"damage_taken":[{"damage":3,"enemies":"2 Louse","floor":1,"turns":2},{"damage":7,"enemies":"Jaw Worm","floor":3,"turns":3},{"damage":2,"enemies":"Cultist","floor":4,"turns":4},{"damage":52,"enemies":"Gremlin Nob","floor":6,"turns":5},{"damage":7,"enemies":"Gremlin Gang","floor":8,"turns":3},{"damage":10,"enemies":"Blue Slaver","floor":11,"turns":5},{"damage":8,"enemies":"3 Sentries","floor":14,"turns":4},{"damage":3,"enemies":"Hexaghost","floor":16,"turns":15},{"damage":9,"enemies":"3 Byrds","floor":18,"turns":4},{"damage":24,"enemies":"2 Thieves","floor":21,"turns":5},{"damage":11,"enemies":"Centurion and Healer","floor":22,"turns":7},{"damage":51,"enemies":"Book of Stabbing","floor":23,"turns":9}],"seed_played":"1775065902715041392","potions_obtained":[{"floor":6,"key":"SteroidPotion"},{"floor":11,"key":"Strength Potion"},{"floor":18,"key":"Block Potion"},{"floor":19,"key":"GamblersBrew"},{"floor":21,"key":"Weak Potion"}],"is_trial":false,"path_per_floor":["M","?","M","M","?","E","R","M","T","R","M","?","$","E","R","B",null,"M","?","$","M","M","E"],"character_chosen":"IRONCLAD","items_purchased":["Medical Kit","Bandage Up"],"campfire_rested":1,"item_purchase_floors":[13,20],"current_hp_per_floor":[71,60,59,63,63,17,17,16,16,38,34,34,34,32,32,35,65,62,62,62,48,47,0],"gold":54,"neow_bonus":"THREE_RARE_CARDS","is_prod":false,"is_daily":false,"chose_seed":false,"campfire_upgraded":2,"win_rate":0,"timestamp":1678819315,"path_taken":["M","?","M","M","?","E","R","?","T","R","?","?","$","E","R","BOSS","M","?","$","M","?","E"],"build_version":"2022-12-18","purchased_purges":1,"victory":false,"max_hp_per_floor":[75,75,75,75,75,75,75,75,75,75,75,75,75,75,75,75,75,75,75,75,75,75,75],"card_choices":[{"not_picked":["Reaper","Demon Form"],"picked":"Immolate","floor":0},{"not_picked":["Havoc","Clothesline"],"picked":"Wild Strike","floor":1},{"not_picked":["Clothesline","Combust"],"picked":"Flame Barrier","floor":3},{"not_picked":["Iron Wave","Hemokinesis","Combust"],"picked":"SKIP","floor":4},{"not_picked":["Headbutt","Warcry"],"picked":"Shrug It Off","floor":6},{"not_picked":["Pommel Strike","Wild Strike"],"picked":"Feel No Pain","floor":8},{"not_picked":["Cleave","Rampage"],"picked":"Disarm","floor":11},{"not_picked":["Cleave","Thunderclap"],"picked":"Shrug It Off","floor":14},{"not_picked":["Feed","Double Tap"],"picked":"Juggernaut","floor":16},{"not_picked":["Iron Wave","Rampage","Dropkick"],"picked":"SKIP","floor":18},{"not_picked":["Iron Wave","Headbutt"],"picked":"Warcry","floor":21},{"not_picked":["Heavy Blade+1","Headbutt"],"picked":"Evolve","floor":22}],"player_experience":2233520,"relics_obtained":[{"floor":6,"key":"Ornamental Fan"},{"floor":9,"key":"Turnip"},{"floor":14,"key":"WingedGreaves"}],"event_choices":[{"damage_healed":0,"gold_gain":75,"player_choice":"Gather Gold","damage_taken":11,"max_hp_gain":0,"max_hp_loss":0,"event_name":"World of Goop","floor":2,"gold_loss":0},{"damage_healed":0,"gold_gain":0,"player_choice":"Trade","damage_taken":0,"relics_obtained":["CultistMask"],"max_hp_gain":0,"max_hp_loss":0,"event_name":"FaceTrader","floor":5,"gold_loss":0},{"cards_removed":["Pain"],"damage_healed":0,"gold_gain":0,"player_choice":"Forget","damage_taken":0,"max_hp_gain":0,"max_hp_loss":0,"event_name":"Living Wall","floor":12,"gold_loss":0},{"damage_healed":0,"gold_gain":0,"player_choice":"Bought 1 Potion","damage_taken":0,"max_hp_gain":0,"max_hp_loss":0,"event_name":"The Woman in Blue","floor":19,"gold_loss":0}],"is_beta":false,"boss_relics":[{"not_picked":["Black Blood","Empty Cage"],"picked":"Astrolabe"}],"items_purged_floors":[13],"is_endless":false,"potions_floor_spawned":[6,11,14,18,21],"killed_by":"Book of Stabbing","ascension_level":20}