{"gold_per_floor":[113,125,50,50,30,58,58,68,95,110,35,46,60,95,95,171,171,190,190,202,202],"floor_reached":21,"playtime":680,"items_purged":["Strike_R"],"score":432,"play_id":"6cb420b3-7e2e-400c-8d42-1cd99faeeb5f","local_time":"20230307234629","is_ascension_mode":true,"campfire_choices":[{"data":"Armaments","floor":7,"key":"SMITH"},{"data":"Bash","floor":15,"key":"SMITH"}],"neow_cost":"NONE","seed_source_timestamp":563500929180300,"circlet_count":0,"master_deck":["AscendersBane","Strike_R","Strike_R","Defend_R","Defend_R","Defend_R","Defend_R","Bash+1","Armaments+1","Cleave","Pommel Strike","Clothesline","Shrug It Off","Battle Trance","Pommel Strike","Limit Break","CurseOfTheBell","Disarm","Ghostly Armor"],"relics":["Burning Blood","NeowsBlessing","Lantern","Potion Belt","Blood Vial","Calling Bell","Darkstone Periapt","Tiny Chest","Torii","Nilry\u0027s Codex"],"potions_floor_usage":[14,16,16,18,21],"damage_taken":[{"damage":0,"enemies":"Cultist","floor":1,"turns":1},{"damage":0,"enemies":"Small Slimes","floor":2,"turns":2},{"damage":0,"enemies":"Gremlin Nob","floor":6,"turns":1},{"damage":7,"enemies":"Jaw Worm","floor":8,"turns":3},{"damage":11,"enemies":"2 Fungi Beasts","floor":10,"turns":3},{"damage":17,"enemies":"Lots of Slimes","floor":12,"turns":4},{"damage":3,"enemies":"Looter","floor":13,"turns":3},{"damage":16,"enemies":"3 Sentries","floor":14,"turns":8},{"damage":65,"enemies":"Slime Boss","floor":16,"turns":14},{"damage":34,"enemies":"Spheric Guardian","floor":18,"turns":7},{"damage":8,"enemies":"Chosen","floor":20,"turns":5},{"damage":28,"enemies":"Snecko","floor":21,"turns":4}],"seed_played":"3218230601787220604","potions_obtained":[{"floor":2,"key":"BloodPotion"},{"floor":5,"key":"SneckoOil"},{"floor":6,"key":"ColorlessPotion"},{"floor":12,"key":"SpeedPotion"},{"floor":16,"key":"Energy Potion"},{"floor":18,"key":"PowerPotion"}],"is_trial":false,"path_per_floor":["M","M","?","?","?","E","R","M","T","M","$","M","M","E","R","B",null,"M","?","M","M"],"character_chosen":"IRONCLAD","items_purchased":[],"campfire_rested":0,"item_purchase_floors":[],"current_hp_per_floor":[74,75,75,68,68,74,74,73,73,68,68,57,60,50,50,8,58,32,11,11,0],"gold":202,"neow_bonus":"THREE_ENEMY_KILL","is_prod":false,"is_daily":false,"chose_seed":false,"campfire_upgraded":2,"win_rate":0,"timestamp":1678229189,"path_taken":["M","M","?","?","?","E","R","?","T","M","?","M","M","E","R","BOSS","M","?","M","M"],"build_version":"2022-12-18","purchased_purges":1,"victory":false,"max_hp_per_floor":[75,75,75,75,75,75,75,75,75,75,75,75,75,75,75,75,75,75,75,75,75],"card_choices":[{"not_picked":["Dark Embrace","Sever Soul"],"picked":"Armaments","floor":1},{"not_picked":["Sword Boomerang","Thunderclap"],"picked":"Cleave","floor":2},{"not_picked":["Entrench","Evolve"],"picked":"Pommel Strike","floor":6},{"not_picked":["Clash","Searing Blow"],"picked":"Clothesline","floor":8},{"not_picked":["Havoc","Limit Break"],"picked":"Shrug It Off","floor":10},{"not_picked":["True Grit","Cleave"],"picked":"Battle Trance","floor":12},{"not_picked":["Twin Strike","Body Slam"],"picked":"Pommel Strike","floor":13},{"not_picked":["Sword Boomerang","Twin Strike","Cleave"],"picked":"SKIP","floor":14},{"not_picked":["Immolate","Impervious"],"picked":"Limit Break","floor":16},{"not_picked":["Armaments","Iron Wave"],"picked":"Disarm","floor":18},{"not_picked":["Anger","True Grit"],"picked":"Ghostly Armor","floor":20}],"player_experience":2217242,"relics_obtained":[{"floor":6,"key":"Lantern"},{"floor":9,"key":"Potion Belt"},{"floor":14,"key":"Blood Vial"},{"floor":17,"key":"Darkstone Periapt"},{"floor":17,"key":"Tiny Chest"},{"floor":17,"key":"Torii"},{"floor":19,"key":"Nilry\u0027s Codex"}],"event_choices":[{"cards_removed":["Strike_R"],"damage_healed":0,"gold_gain":0,"player_choice":"Card Removal","damage_taken":0,"max_hp_gain":0,"max_hp_loss":0,"event_name":"The Cleric","floor":3,"gold_loss":75},{"cards_removed":["Strike_R"],"damage_healed":0,"gold_gain":0,"player_choice":"Card Removal","damage_taken":7,"max_hp_gain":0,"max_hp_loss":0,"event_name":"Golden Wing","floor":4,"gold_loss":0},{"damage_healed":0,"gold_gain":0,"player_choice":"Bought 1 Potion","damage_taken":0,"max_hp_gain":0,"max_hp_loss":0,"event_name":"The Woman in Blue","floor":5,"gold_loss":0},{"damage_healed":0,"gold_gain":0,"player_choice":"Obtained Book","damage_taken":21,"max_hp_gain":0,"max_hp_loss":0,"event_name":"Cursed Tome","floor":19,"gold_loss":0}],"is_beta":false,"boss_relics":[{"not_picked":["Busted Crown","Philosopher\u0027s Stone"],"picked":"Calling Bell"}],"items_purged_floors":[11],"is_endless":false,"potions_floor_spawned":[2,6,12,16,18],"killed_by":"Snecko","ascension_level":20}