{"gold_per_floor":[112,112,112,129,204,204,239,239,292,14,14,14,40,56,56,56],"floor_reached":16,"playtime":481,"items_purged":["Defend_R"],"score":212,"play_id":"4658f960-0b77-4cf7-ae06-7422a0fcb092","local_time":"20230313162850","is_ascension_mode":true,"campfire_choices":[{"data":"Shrug It Off","floor":6,"key":"SMITH"},{"floor":8,"key":"REST"},{"floor":12,"key":"REST"},{"data":"Dual Wield","floor":15,"key":"SMITH"}],"neow_cost":"CURSE","seed_source_timestamp":96137460953100,"circlet_count":0,"master_deck":["AscendersBane","Strike_R+1","Strike_R","Defend_R","Defend_R","Defend_R","Bash+1","Dual Wield+1","Sword Boomerang+1","Shrug It Off+1","Infernal Blade","Fiend Fire","Metallicize","Brutality","Body Slam"],"relics":["Burning Blood","Whetstone","Centennial Puzzle","Akabeko","CaptainsWheel"],"potions_floor_usage":[7,16],"damage_taken":[{"damage":8,"enemies":"Small Slimes","floor":1,"turns":4},{"damage":1,"enemies":"Cultist","floor":4,"turns":3},{"damage":52,"enemies":"3 Sentries","floor":7,"turns":13},{"damage":5,"enemies":"Gremlin Nob","floor":13,"turns":3},{"damage":0,"enemies":"2 Louse","floor":14,"turns":1},{"damage":60,"enemies":"Hexaghost","floor":16,"turns":11}],"seed_played":"-1625472841598913595","potions_obtained":[{"floor":1,"key":"Dexterity Potion"},{"floor":13,"key":"Block Potion"},{"floor":14,"key":"Explosive Potion"}],"is_trial":false,"path_per_floor":["M","?","?","M","?","R","E","R","T","$","?","R","E","M","R","B"],"character_chosen":"IRONCLAD","items_purchased":["Akabeko","Metallicize"],"campfire_rested":2,"item_purchase_floors":[10,10],"current_hp_per_floor":[66,66,66,71,60,60,14,36,36,36,29,51,52,58,58,0],"gold":56,"neow_bonus":"TRANSFORM_TWO_CARDS","is_prod":false,"is_daily":false,"chose_seed":false,"campfire_upgraded":2,"win_rate":0,"timestamp":1678721330,"path_taken":["M","?","?","?","?","R","E","R","T","$","?","R","E","M","R","BOSS"],"build_version":"2022-12-18","purchased_purges":1,"victory":false,"max_hp_per_floor":[75,75,75,75,75,75,75,75,75,75,75,75,75,75,75,75],"card_choices":[{"not_picked":["Hemokinesis","Seeing Red"],"picked":"Shrug It Off","floor":1},{"not_picked":["Seeing Red","Thunderclap"],"picked":"Infernal Blade","floor":4},{"not_picked":["Entrench","Headbutt"],"picked":"Fiend Fire","floor":7},{"not_picked":["Blood for Blood","Havoc"],"picked":"Brutality","floor":13},{"not_picked":["Thunderclap","Wild Strike"],"picked":"Body Slam","floor":14}],"player_experience":2227705,"relics_obtained":[{"floor":7,"key":"Whetstone"},{"floor":9,"key":"Centennial Puzzle"},{"floor":13,"key":"CaptainsWheel"}],"event_choices":[{"cards_removed":["Shame"],"damage_healed":0,"gold_gain":0,"player_choice":"Forget","damage_taken":0,"max_hp_gain":0,"max_hp_loss":0,"event_name":"Living Wall","floor":2,"gold_loss":0},{"damage_healed":0,"gold_gain":0,"player_choice":"Upgraded","damage_taken":0,"max_hp_gain":0,"max_hp_loss":0,"event_name":"Upgrade Shrine","floor":3,"gold_loss":0,"cards_upgraded":["Bash"]},{"damage_healed":0,"gold_gain":75,"player_choice":"Gather Gold","damage_taken":11,"max_hp_gain":0,"max_hp_loss":0,"event_name":"World of Goop","floor":5,"gold_loss":0},{"cards_removed":["Strike_R"],"damage_healed":0,"gold_gain":0,"player_choice":"Card Removal","damage_taken":7,"max_hp_gain":0,"max_hp_loss":0,"event_name":"Golden Wing","floor":11,"gold_loss":0}],"is_beta":false,"boss_relics":[],"items_purged_floors":[10],"is_endless":false,"potions_floor_spawned":[1,13,14],"killed_by":"Hexaghost","ascension_level":20}