{"gold_per_floor":[115,115,125,50,63,88,88,99,168,203,203,223,239,253,253,331,331,351,367,379,379],"floor_reached":21,"playtime":1038,"items_purged":[],"score":440,"play_id":"dc33102a-3bc0-410c-a717-e555265e3fef","local_time":"20230314192905","is_ascension_mode":true,"campfire_choices":[{"data":"Feed","floor":7,"key":"SMITH"},{"data":"Inflame","floor":11,"key":"SMITH"},{"data":"Shrug It Off","floor":15,"key":"SMITH"}],"neow_cost":"CURSE","seed_source_timestamp":1152515878362900,"circlet_count":0,"master_deck":["AscendersBane","Strike_R","Strike_R","Strike_R","Strike_R","Strike_R","Defend_R","Defend_R","Defend_R","Defend_R","Bash","Shrug It Off+1","Bash","Inflame+1","Warcry","Feed+1","Flame Barrier","Uppercut","Ghostly Armor","Reaper","Berserk","Metallicize"],"relics":["Burning Blood","Calipers","Champion Belt","Self Forming Clay","Strawberry","Coffee Dripper"],"potions_floor_usage":[6,13,18,20,20],"damage_taken":[{"damage":2,"enemies":"2 Louse","floor":1,"turns":3},{"damage":6,"enemies":"Cultist","floor":3,"turns":3},{"damage":4,"enemies":"Small Slimes","floor":5,"turns":5},{"damage":8,"enemies":"3 Sentries","floor":6,"turns":12},{"damage":10,"enemies":"3 Louse","floor":8,"turns":4},{"damage":24,"enemies":"Lagavulin","floor":10,"turns":8},{"damage":25,"enemies":"Gremlin Gang","floor":12,"turns":6},{"damage":3,"enemies":"Looter","floor":13,"turns":4},{"damage":6,"enemies":"Blue Slaver","floor":14,"turns":6},{"damage":15,"enemies":"The Guardian","floor":16,"turns":17},{"damage":19,"enemies":"Shell Parasite","floor":18,"turns":8},{"damage":24,"enemies":"Spheric Guardian","floor":19,"turns":7},{"damage":32,"enemies":"Shelled Parasite and Fungi","floor":20,"turns":9},{"damage":74,"enemies":"Cultist and Chosen","floor":21,"turns":9}],"seed_played":"-3047240915256945929","potions_obtained":[{"floor":1,"key":"PowerPotion"},{"floor":8,"key":"Weak Potion"},{"floor":12,"key":"Regen Potion"},{"floor":16,"key":"Swift Potion"},{"floor":19,"key":"Ancient Potion"}],"is_trial":false,"path_per_floor":["M","?","M","?","M","E","R","M","T","E","R","M","M","M","R","B",null,"M","M","M","M"],"character_chosen":"IRONCLAD","items_purchased":[],"campfire_rested":0,"item_purchase_floors":[],"current_hp_per_floor":[72,72,72,72,74,72,72,72,72,61,61,46,61,65,65,56,85,76,62,40,0],"gold":379,"neow_bonus":"ONE_RARE_RELIC","is_prod":false,"is_daily":false,"chose_seed":false,"campfire_upgraded":3,"win_rate":0,"timestamp":1678818545,"path_taken":["M","?","?","?","M","E","R","M","T","E","R","M","M","M","R","BOSS","M","M","M","M"],"build_version":"2022-12-18","purchased_purges":0,"victory":false,"max_hp_per_floor":[75,75,75,75,75,75,75,79,79,86,86,90,90,94,94,94,94,98,102,106,110],"card_choices":[{"not_picked":["Power Through","Body Slam"],"picked":"Shrug It Off","floor":1},{"not_picked":["Shockwave","Feel No Pain"],"picked":"Inflame","floor":3},{"not_picked":["Carnage","Havoc"],"picked":"Warcry","floor":5},{"not_picked":["Sword Boomerang","Entrench"],"picked":"Feed","floor":6},{"not_picked":["Infernal Blade","Sword Boomerang"],"picked":"Flame Barrier","floor":8},{"not_picked":["Armaments","Anger","Dark Embrace"],"picked":"SKIP","floor":10},{"not_picked":["Battle Trance","Blood for Blood"],"picked":"Uppercut","floor":12},{"not_picked":["Sentinel","Body Slam"],"picked":"Ghostly Armor","floor":13},{"not_picked":["Flex","Sword Boomerang"],"picked":"Reaper","floor":14},{"not_picked":["Barricade","Impervious"],"picked":"Berserk","floor":16},{"not_picked":["Heavy Blade","Dark Embrace","Intimidate"],"picked":"SKIP","floor":18},{"not_picked":["Anger","Cleave"],"picked":"Metallicize","floor":19},{"not_picked":["Armaments","Evolve","Twin Strike"],"picked":"SKIP","floor":20}],"player_experience":2232482,"relics_obtained":[{"floor":6,"key":"Champion Belt"},{"floor":9,"key":"Self Forming Clay"},{"floor":10,"key":"Strawberry"}],"event_choices":[{"damage_healed":0,"gold_gain":0,"player_choice":"1 cards matched","damage_taken":0,"max_hp_gain":0,"max_hp_loss":0,"event_name":"Match and Keep!","floor":2,"gold_loss":0,"cards_obtained":["Bash"]},{"cards_removed":["Shame"],"damage_healed":0,"gold_gain":0,"player_choice":"Card Removal","damage_taken":0,"max_hp_gain":0,"max_hp_loss":0,"event_name":"The Cleric","floor":4,"gold_loss":75}],"is_beta":false,"boss_relics":[{"not_picked":["Runic Dome","SacredBark"],"picked":"Coffee Dripper"}],"items_purged_floors":[],"is_endless":false,"potions_floor_spawned":[1,8,12,16,19],"killed_by":"Cultist and Chosen","ascension_level":20}