{"gold_per_floor":[112,112,132,157,175,175,190,203,203,221,234,254,254,295,295,389,389,405,426,426],"floor_reached":20,"playtime":825,"items_purged":[],"score":389,"play_id":"55bcf1b7-d705-4d99-b6af-100010a729cd","local_time":"20230316211011","is_ascension_mode":true,"campfire_choices":[{"data":"Feed","floor":6,"key":"SMITH"},{"data":"Armaments","floor":13,"key":"SMITH"},{"floor":15,"key":"REST"}],"neow_cost":"TEN_PERCENT_HP_LOSS","seed_source_timestamp":1331598398705600,"circlet_count":0,"master_deck":["AscendersBane","Strike_R","Strike_R","Strike_R","Strike_R","Strike_R","Defend_R","Defend_R","Defend_R","Defend_R","Bash","Feed+1","Armaments+1","Injury","Pommel Strike","Ghostly Armor","Intimidate","Dropkick","Whirlwind","Exhume","Rampage","Juggernaut","Demon Form","Sword Boomerang+1"],"relics":["Burning Blood","Golden Idol","Gremlin Horn","Happy Flower","Snecko Eye"],"potions_floor_usage":[5,12,14,16],"damage_taken":[{"damage":17,"enemies":"Small Slimes","floor":1,"turns":5},{"damage":4,"enemies":"Jaw Worm","floor":3,"turns":5},{"damage":11,"enemies":"2 Louse","floor":4,"turns":3},{"damage":19,"enemies":"Exordium Thugs","floor":5,"turns":4},{"damage":7,"enemies":"Looter","floor":7,"turns":4},{"damage":11,"enemies":"Large Slime","floor":8,"turns":6},{"damage":10,"enemies":"Exordium Wildlife","floor":10,"turns":7},{"damage":11,"enemies":"Blue Slaver","floor":11,"turns":4},{"damage":0,"enemies":"Gremlin Gang","floor":12,"turns":3},{"damage":30,"enemies":"3 Sentries","floor":14,"turns":7},{"damage":65,"enemies":"Slime Boss","floor":16,"turns":11},{"damage":13,"enemies":"Chosen","floor":18,"turns":5},{"damage":29,"enemies":"2 Thieves","floor":19,"turns":5},{"damage":55,"enemies":"Snake Plant","floor":20,"turns":5}],"seed_played":"884592131457937181","potions_obtained":[{"floor":3,"key":"ColorlessPotion"},{"floor":5,"key":"SteroidPotion"},{"floor":8,"key":"Strength Potion"},{"floor":14,"key":"SteroidPotion"}],"is_trial":false,"path_per_floor":["M","?","M","M","M","R","M","M","T","M","M","M","R","E","R","B",null,"M","M","M"],"character_chosen":"IRONCLAD","items_purchased":[],"campfire_rested":1,"item_purchase_floors":[],"current_hp_per_floor":[60,60,66,65,55,55,58,57,57,53,52,62,62,42,72,17,84,77,54,0],"gold":426,"neow_bonus":"THREE_RARE_CARDS","is_prod":false,"is_daily":false,"chose_seed":false,"campfire_upgraded":2,"win_rate":0,"timestamp":1678997411,"path_taken":["M","?","M","M","M","R","M","M","T","M","M","M","R","E","R","BOSS","M","M","M"],"build_version":"2022-12-18","purchased_purges":0,"victory":false,"max_hp_per_floor":[71,71,75,79,82,82,86,90,90,90,94,98,98,102,102,106,106,106,106,106],"card_choices":[{"not_picked":["Juggernaut","Double Tap"],"picked":"Feed","floor":0},{"not_picked":["Sword Boomerang","Body Slam"],"picked":"Armaments","floor":1},{"not_picked":["Second Wind","True Grit"],"picked":"Pommel Strike","floor":3},{"not_picked":["Heavy Blade","Anger"],"picked":"Ghostly Armor","floor":4},{"not_picked":["Twin Strike","Bloodletting"],"picked":"Intimidate","floor":5},{"not_picked":["Pummel","Pommel Strike"],"picked":"Dropkick","floor":7},{"not_picked":["Armaments","Clash","Pummel"],"picked":"SKIP","floor":8},{"not_picked":["Sword Boomerang","Pommel Strike"],"picked":"Whirlwind","floor":10},{"not_picked":["Flex","Armaments"],"picked":"Exhume","floor":11},{"not_picked":["Anger","Warcry"],"picked":"Rampage","floor":12},{"not_picked":["Thunderclap","Havoc"],"picked":"Juggernaut","floor":14},{"not_picked":["Brutality","Barricade"],"picked":"Demon Form","floor":16},{"not_picked":["Havoc","Anger","Heavy Blade"],"picked":"SKIP","floor":18},{"not_picked":["Rupture","Cleave"],"picked":"Sword Boomerang+1","floor":19}],"player_experience":2245567,"relics_obtained":[{"floor":9,"key":"Gremlin Horn"},{"floor":14,"key":"Happy Flower"}],"event_choices":[{"damage_healed":0,"gold_gain":0,"player_choice":"Take Wound","damage_taken":0,"relics_obtained":["Golden Idol"],"max_hp_gain":0,"max_hp_loss":0,"event_name":"Golden Idol","floor":2,"gold_loss":0,"cards_obtained":["Injury"]}],"is_beta":false,"boss_relics":[{"not_picked":["Tiny House","Sozu"],"picked":"Snecko Eye"}],"items_purged_floors":[],"is_endless":false,"potions_floor_spawned":[3,5,8,11,14],"killed_by":"Snake Plant","ascension_level":20}