{"gold_per_floor":[115,115,40,115,165,198,212,240,240,258,47,66,66,101,101,180,180,152,152,167,67,67],"floor_reached":22,"playtime":628,"items_purged":["Defend_R","Searing Blow"],"score":454,"play_id":"42f2c481-a157-4e8c-ae66-a1a5e537ceeb","local_time":"20230315205015","is_ascension_mode":true,"campfire_choices":[{"floor":15,"key":"REST"}],"neow_cost":"NONE","seed_source_timestamp":1244197072232400,"circlet_count":0,"master_deck":["AscendersBane","Bash","Shrug It Off","Flex","Thunderclap","Whirlwind","Inflame","Sadistic Nature","Limit Break","Berserk","Entrench","Disarm","Havoc","Dark Embrace","Sever Soul","Exhume","Disarm","Writhe","Battle Trance"],"relics":["Burning Blood","NeowsBlessing","Pantograph","Pen Nib","Question Card","Blue Candle","Pandora\u0027s Box","Torii"],"potions_floor_usage":[8,14,20,20],"damage_taken":[{"damage":0,"enemies":"Small Slimes","floor":1,"turns":1},{"damage":0,"enemies":"Lagavulin","floor":6,"turns":1},{"damage":0,"enemies":"Cultist","floor":7,"turns":1},{"damage":44,"enemies":"3 Sentries","floor":8,"turns":10},{"damage":7,"enemies":"Jaw Worm","floor":10,"turns":5},{"damage":0,"enemies":"3 Louse","floor":12,"turns":1},{"damage":35,"enemies":"Gremlin Nob","floor":14,"turns":4},{"damage":59,"enemies":"The Guardian","floor":16,"turns":13},{"damage":54,"enemies":"2 Thieves","floor":18,"turns":4},{"damage":23,"enemies":"Spheric Guardian","floor":20,"turns":4},{"damage":27,"enemies":"Snecko","floor":22,"turns":3}],"seed_played":"5777152458667332640","potions_obtained":[{"floor":1,"key":"FairyPotion"},{"floor":6,"key":"ColorlessPotion"},{"floor":10,"key":"HeartOfIron"},{"floor":16,"key":"EntropicBrew"}],"is_trial":false,"path_per_floor":["M","?","$","?","?","E","M","E","T","M","$","M","?","E","R","B",null,"M","?","M","$","M"],"character_chosen":"IRONCLAD","items_purchased":["Sadistic Nature"],"campfire_rested":1,"item_purchase_floors":[11],"current_hp_per_floor":[74,74,74,63,63,69,75,37,37,36,36,42,42,13,35,7,58,10,10,17,17,0],"gold":67,"neow_bonus":"THREE_ENEMY_KILL","is_prod":false,"is_daily":false,"chose_seed":false,"campfire_upgraded":0,"win_rate":0,"timestamp":1678909815,"path_taken":["M","?","?","?","?","E","?","E","T","M","?","M","?","E","R","BOSS","M","?","M","$","M"],"build_version":"2022-12-18","purchased_purges":2,"victory":false,"max_hp_per_floor":[75,75,75,75,75,75,75,75,75,75,75,75,75,75,75,75,75,75,75,75,75,75],"card_choices":[{"not_picked":["Rage","Ghostly Armor"],"picked":"Shrug It Off","floor":1},{"not_picked":["Havoc","Clash"],"picked":"Flex","floor":6},{"not_picked":["Havoc","Wild Strike"],"picked":"Thunderclap","floor":7},{"not_picked":["Inflame","Flex"],"picked":"Whirlwind","floor":8},{"not_picked":["Cleave","Body Slam","Battle Trance"],"picked":"Inflame","floor":10},{"not_picked":["Iron Wave","Fire Breathing","Power Through"],"picked":"Limit Break","floor":12},{"not_picked":["Infernal Blade","Clothesline","Armaments","Second Wind"],"picked":"SKIP","floor":14},{"not_picked":["Barricade","Impervious","Corruption"],"picked":"Berserk","floor":16},{"not_picked":["Wild Strike","Carnage","Armaments"],"picked":"Disarm","floor":18},{"not_picked":["Headbutt","Hemokinesis","Dual Wield"],"picked":"Battle Trance","floor":20}],"player_experience":2237457,"relics_obtained":[{"floor":6,"key":"Pantograph"},{"floor":8,"key":"Pen Nib"},{"floor":9,"key":"Question Card"},{"floor":14,"key":"Blue Candle"}],"event_choices":[{"cards_removed":["Strike_R"],"damage_healed":0,"gold_gain":0,"player_choice":"Purged","damage_taken":0,"max_hp_gain":0,"max_hp_loss":0,"event_name":"Purifier","floor":2,"gold_loss":0},{"damage_healed":0,"gold_gain":75,"player_choice":"Gather Gold","damage_taken":11,"max_hp_gain":0,"max_hp_loss":0,"event_name":"World of Goop","floor":4,"gold_loss":0},{"damage_healed":0,"gold_gain":50,"player_choice":"Pray","damage_taken":0,"max_hp_gain":0,"max_hp_loss":0,"event_name":"Golden Shrine","floor":5,"gold_loss":0},{"damage_healed":0,"gold_gain":0,"player_choice":"Ignored","damage_taken":0,"max_hp_gain":0,"max_hp_loss":0,"event_name":"Liars Game","floor":13,"gold_loss":0},{"damage_healed":0,"gold_gain":0,"player_choice":"Opened","damage_taken":0,"relics_obtained":["Torii"],"max_hp_gain":0,"max_hp_loss":0,"event_name":"The Mausoleum","floor":19,"gold_loss":0,"cards_obtained":["Writhe"]}],"is_beta":false,"boss_relics":[{"not_picked":["Fusion Hammer","SlaversCollar"],"picked":"Pandora\u0027s Box"}],"items_purged_floors":[3,21],"is_endless":false,"potions_floor_spawned":[1,6,10,16,18],"killed_by":"Snecko","ascension_level":20}