{"gold_per_floor":[363,378,145,145,166,209,26,45,45,88,107,107,128,203,203,299,299,323,336,336,336,6,6],"floor_reached":23,"playtime":749,"items_purged":["Strike_R","Injury"],"score":427,"play_id":"a555e968-dd6a-4dff-aec1-367dfeffd875","local_time":"20230305120336","is_ascension_mode":true,"campfire_choices":[{"data":"Feed","floor":12,"key":"SMITH"},{"floor":15,"key":"REST"}],"neow_cost":"TEN_PERCENT_HP_LOSS","seed_source_timestamp":348456771555300,"circlet_count":0,"master_deck":["AscendersBane","Defend_R+1","Defend_R+1","Defend_R","Defend_R","Bash","Armaments","Uppercut","Pummel","Feed+1","Fire Breathing","Sword Boomerang","Rampage","Reaper","Metallicize","Pommel Strike","Bite","Bite","Bite","Bite","Bite"],"relics":["Black Blood","Sling","Golden Idol","War Paint","Ornamental Fan","Shuriken","Happy Flower","HandDrill"],"potions_floor_usage":[6,10,18,19],"damage_taken":[{"damage":14,"enemies":"Jaw Worm","floor":1,"turns":4},{"damage":2,"enemies":"Small Slimes","floor":2,"turns":4},{"damage":6,"enemies":"2 Louse","floor":5,"turns":2},{"damage":17,"enemies":"Lagavulin","floor":6,"turns":5},{"damage":9,"enemies":"Blue Slaver","floor":8,"turns":6},{"damage":14,"enemies":"3 Sentries","floor":10,"turns":6},{"damage":13,"enemies":"Exordium Wildlife","floor":11,"turns":6},{"damage":15,"enemies":"Red Slaver","floor":13,"turns":3},{"damage":29,"enemies":"Slime Boss","floor":16,"turns":9},{"damage":56,"enemies":"Spheric Guardian","floor":18,"turns":8},{"damage":37,"enemies":"3 Byrds","floor":19,"turns":8},{"damage":62,"enemies":"Slavers","floor":23,"turns":3}],"seed_played":"-9166217197166926341","potions_obtained":[{"floor":5,"key":"Energy Potion"},{"floor":8,"key":"AttackPotion"},{"floor":10,"key":"Explosive Potion"},{"floor":18,"key":"SkillPotion"}],"is_trial":false,"path_per_floor":["M","M","$","?","M","E","$","M","T","E","M","R","M","?","R","B",null,"M","M","?","?","$","E"],"character_chosen":"IRONCLAD","items_purchased":["Sling","Fire Breathing","Happy Flower","HandDrill"],"campfire_rested":1,"item_purchase_floors":[3,7,22,22],"current_hp_per_floor":[60,64,64,64,64,53,53,54,54,49,46,46,41,30,54,31,70,30,13,13,26,26,0],"gold":6,"neow_bonus":"TWO_FIFTY_GOLD","is_prod":false,"is_daily":false,"chose_seed":false,"campfire_upgraded":1,"win_rate":0,"timestamp":1678014216,"path_taken":["M","M","$","?","M","E","$","M","T","E","M","R","M","?","R","BOSS","M","M","?","?","$","E"],"build_version":"2022-12-18","purchased_purges":2,"victory":false,"max_hp_per_floor":[68,68,68,68,68,68,68,72,72,75,79,79,83,83,83,83,83,87,91,63,63,63,63],"card_choices":[{"not_picked":["Perfected Strike","Iron Wave"],"picked":"Armaments","floor":1},{"not_picked":["Body Slam","Warcry"],"picked":"Uppercut","floor":2},{"not_picked":["Heavy Blade","Perfected Strike"],"picked":"Pummel","floor":5},{"not_picked":["Armaments","Barricade"],"picked":"Feed","floor":6},{"not_picked":["Anger","Body Slam","Dark Embrace"],"picked":"SKIP","floor":8},{"not_picked":["Power Through","Rupture"],"picked":"Sword Boomerang","floor":10},{"not_picked":["Wild Strike","Headbutt"],"picked":"Rampage","floor":11},{"not_picked":["Headbutt","Thunderclap","Armaments"],"picked":"SKIP","floor":13},{"not_picked":["Immolate","Demon Form"],"picked":"Reaper","floor":16},{"not_picked":["Wild Strike","Thunderclap"],"picked":"Metallicize","floor":18},{"not_picked":["Twin Strike","Fire Breathing"],"picked":"Pommel Strike","floor":19}],"player_experience":2202556,"relics_obtained":[{"floor":6,"key":"War Paint"},{"floor":9,"key":"Ornamental Fan"},{"floor":10,"key":"Shuriken"}],"event_choices":[{"damage_healed":0,"gold_gain":0,"player_choice":"Take Wound","damage_taken":0,"relics_obtained":["Golden Idol"],"max_hp_gain":0,"max_hp_loss":0,"event_name":"Golden Idol","floor":4,"gold_loss":0,"cards_obtained":["Injury"]},{"damage_healed":0,"gold_gain":75,"player_choice":"Gather Gold","damage_taken":11,"max_hp_gain":0,"max_hp_loss":0,"event_name":"World of Goop","floor":14,"gold_loss":0},{"damage_healed":0,"gold_gain":0,"player_choice":"Became a vampire","damage_taken":0,"max_hp_gain":0,"max_hp_loss":28,"event_name":"Vampires","floor":20,"gold_loss":0,"cards_obtained":["Bite","Bite","Bite","Bite","Bite"]},{"damage_healed":13,"gold_gain":0,"player_choice":"Heal","damage_taken":0,"max_hp_gain":0,"max_hp_loss":0,"event_name":"The Library","floor":21,"gold_loss":0}],"is_beta":false,"boss_relics":[{"not_picked":["Velvet Choker","Coffee Dripper"],"picked":"Black Blood"}],"items_purged_floors":[3,7],"is_endless":false,"potions_floor_spawned":[5,8,10,18],"killed_by":"Slavers","ascension_level":20}