{"gold_per_floor":[110,110,35,35,50,50,126,160,187,211,176,156,181,202,202,301,301,319,244,258,272,272,316,316,359,383,383],"floor_reached":27,"playtime":838,"items_purged":["Injury","Strike_R"],"score":502,"play_id":"1ddebe9e-ff9a-4572-9f81-24ecde661e3a","local_time":"20230305115055","is_ascension_mode":true,"campfire_choices":[{"data":"Inflame","floor":6,"key":"SMITH"},{"data":"Uppercut","floor":15,"key":"SMITH"},{"floor":24,"key":"REST"}],"neow_cost":"NONE","seed_source_timestamp":347606537251500,"circlet_count":0,"master_deck":["AscendersBane","Strike_R","Defend_R","Defend_R+1","Defend_R","Defend_R","Bash","Inflame+1","Flame Barrier+1","Cleave","Anger","Ghostly Armor","Uppercut+1","Twin Strike","Impervious","Body Slam","Pommel Strike","Pummel"],"relics":["Empty Cage","Golden Idol","War Paint","Smiling Mask","Tiny Chest","Snecko Eye","Blood Vial","Question Card","Mercury Hourglass","Happy Flower"],"potions_floor_usage":[7,14,16,25,25,27],"damage_taken":[{"damage":6,"enemies":"Jaw Worm","floor":1,"turns":7},{"damage":0,"enemies":"2 Louse","floor":5,"turns":3},{"damage":20,"enemies":"Gremlin Nob","floor":7,"turns":4},{"damage":20,"enemies":"3 Sentries","floor":8,"turns":9},{"damage":0,"enemies":"Cultist","floor":10,"turns":4},{"damage":1,"enemies":"Looter","floor":13,"turns":5},{"damage":0,"enemies":"Large Slime","floor":14,"turns":4},{"damage":28,"enemies":"Slime Boss","floor":16,"turns":9},{"damage":0,"enemies":"2 Thieves","floor":18,"turns":4},{"damage":8,"enemies":"Shell Parasite","floor":20,"turns":5},{"damage":2,"enemies":"Centurion and Healer","floor":21,"turns":5},{"damage":22,"enemies":"Book of Stabbing","floor":23,"turns":5},{"damage":26,"enemies":"Slavers","floor":25,"turns":5},{"damage":35,"enemies":"Book of Stabbing","floor":27,"turns":3}],"seed_played":"-6031089218046474198","potions_obtained":[{"floor":1,"key":"BlessingOfTheForge"},{"floor":7,"key":"ElixirPotion"},{"floor":10,"key":"DistilledChaos"},{"floor":12,"key":"BlessingOfTheForge"},{"floor":16,"key":"Explosive Potion"},{"floor":21,"key":"Fire Potion"},{"floor":25,"key":"Block Potion"}],"is_trial":false,"path_per_floor":["M","?","$","?","M","R","?","E","T","M","?","?","M","M","R","B",null,"M","$","M","M","T","E","R","E","T","E"],"character_chosen":"IRONCLAD","items_purchased":["Body Slam"],"campfire_rested":1,"item_purchase_floors":[19],"current_hp_per_floor":[62,62,62,62,62,62,42,22,22,22,40,40,39,39,39,11,59,59,59,51,49,49,29,51,27,27,0],"gold":383,"neow_bonus":"BOSS_RELIC","is_prod":false,"is_daily":false,"chose_seed":false,"campfire_upgraded":2,"win_rate":0,"timestamp":1678013455,"path_taken":["M","?","$","?","?","R","?","E","T","M","?","?","?","M","R","BOSS","M","$","M","M","?","E","R","E","T","E"],"build_version":"2022-12-18","purchased_purges":2,"victory":false,"max_hp_per_floor":[75,75,75,75,75,75,75,75,75,75,75,75,75,75,75,75,75,75,75,75,75,75,75,75,75,75,75],"card_choices":[{"not_picked":["Heavy Blade","Rampage"],"picked":"Inflame","floor":1},{"not_picked":["Rupture","Clash"],"picked":"Cleave","floor":5},{"not_picked":["Power Through","Thunderclap"],"picked":"Anger","floor":7},{"not_picked":["Clothesline","Havoc"],"picked":"Ghostly Armor","floor":8},{"not_picked":["Cleave","Heavy Blade","Thunderclap"],"picked":"SKIP","floor":10},{"not_picked":["Headbutt","Anger"],"picked":"Uppercut","floor":13},{"not_picked":["Anger","Clothesline"],"picked":"Twin Strike","floor":14},{"not_picked":["Immolate","Brutality"],"picked":"Impervious","floor":16},{"not_picked":["Anger","Headbutt","Heavy Blade"],"picked":"SKIP","floor":18},{"not_picked":["Corruption","Fire Breathing"],"picked":"Pommel Strike","floor":20},{"not_picked":["Iron Wave","True Grit","Rampage"],"picked":"SKIP","floor":21},{"not_picked":["Anger","Whirlwind"],"picked":"Pummel","floor":23},{"not_picked":["Whirlwind","Battle Trance","Twin Strike","Pommel Strike"],"picked":"SKIP","floor":25}],"player_experience":2201718,"relics_obtained":[{"floor":7,"key":"War Paint"},{"floor":8,"key":"Smiling Mask"},{"floor":9,"key":"Tiny Chest"},{"floor":22,"key":"Blood Vial"},{"floor":23,"key":"Question Card"},{"floor":25,"key":"Mercury Hourglass"},{"floor":26,"key":"Happy Flower"}],"event_choices":[{"damage_healed":0,"gold_gain":0,"player_choice":"Take Wound","damage_taken":0,"relics_obtained":["Golden Idol"],"max_hp_gain":0,"max_hp_loss":0,"event_name":"Golden Idol","floor":2,"gold_loss":0,"cards_obtained":["Injury"]},{"damage_healed":0,"gold_gain":0,"cards_transformed":["Strike_R"],"player_choice":"Transformed","damage_taken":0,"max_hp_gain":0,"max_hp_loss":0,"event_name":"Transmorgrifier","floor":4,"gold_loss":0,"cards_obtained":["Flame Barrier"]},{"damage_healed":0,"gold_gain":0,"player_choice":"Searched \u00272\u0027 times","damage_taken":0,"max_hp_gain":0,"max_hp_loss":0,"event_name":"Dead Adventurer","floor":7,"gold_loss":0},{"damage_healed":18,"gold_gain":0,"player_choice":"Healed","damage_taken":0,"max_hp_gain":0,"max_hp_loss":0,"event_name":"The Cleric","floor":11,"gold_loss":35},{"damage_healed":0,"gold_gain":0,"player_choice":"Bought 1 Potion","damage_taken":0,"max_hp_gain":0,"max_hp_loss":0,"event_name":"The Woman in Blue","floor":12,"gold_loss":0}],"is_beta":false,"boss_relics":[{"not_picked":["Philosopher\u0027s Stone","Ectoplasm"],"picked":"Snecko Eye"}],"items_purged_floors":[3,19],"is_endless":false,"potions_floor_spawned":[1,7,10,16,21,25],"killed_by":"Book of Stabbing","ascension_level":20}