{"gold_per_floor":[121,283,295,307,222,262,274,305,317,357,369,399,411,436,448,531,543,574,602,614,626,662,674],"floor_reached":23,"playtime":1369,"items_purged":[],"score":394,"play_id":"f249a0ef-87c8-4fcd-b25e-02fe627a39df","local_time":"20230305200704","is_ascension_mode":true,"campfire_choices":[{"floor":7,"key":"REST"},{"data":"Second Wind","floor":11,"key":"SMITH"},{"floor":13,"key":"REST"},{"data":"Bash","floor":15,"key":"SMITH"}],"neow_cost":"NONE","seed_source_timestamp":376844522281500,"circlet_count":0,"master_deck":["AscendersBane","Strike_R","Strike_R","Strike_R","Strike_R","Strike_R","Defend_R","Defend_R","Defend_R","Defend_R","Bash+1","CurseOfTheBell","Battle Trance","Doubt","Regret","Armaments","Clash","Second Wind+1","Body Slam","Demon Form","Flame Barrier","Pommel Strike","RitualDagger"],"relics":["Calling Bell","MawBank","Blue Candle","Incense Burner","HornCleat","Champion Belt","Pantograph","TungstenRod","The Courier","Bag of Marbles","Philosopher\u0027s Stone"],"potions_floor_usage":[10,23],"damage_taken":[{"damage":8,"enemies":"Small Slimes","floor":1,"turns":3},{"damage":32,"enemies":"Gremlin Nob","floor":6,"turns":6},{"damage":3,"enemies":"2 Louse","floor":8,"turns":3},{"damage":30,"enemies":"Lagavulin","floor":10,"turns":7},{"damage":0,"enemies":"Cultist","floor":12,"turns":3},{"damage":7,"enemies":"Lots of Slimes","floor":14,"turns":7},{"damage":29,"enemies":"The Guardian","floor":16,"turns":11},{"damage":2,"enemies":"Chosen","floor":18,"turns":5},{"damage":3,"enemies":"Shell Parasite","floor":19,"turns":5},{"damage":66,"enemies":"Gremlin Leader","floor":23,"turns":8}],"seed_played":"7436069970589460228","potions_obtained":[{"floor":8,"key":"Regen Potion"},{"floor":14,"key":"HeartOfIron"}],"is_trial":false,"path_per_floor":["M","?","?","?","?","E","R","M","T","E","R","M","R","M","R","B",null,"M","M","$","?","T","E"],"character_chosen":"IRONCLAD","items_purchased":[],"campfire_rested":2,"item_purchase_floors":[],"current_hp_per_floor":[60,60,42,42,42,10,32,29,29,14,14,14,36,29,29,25,63,61,58,58,53,53,0],"gold":674,"neow_bonus":"BOSS_RELIC","is_prod":false,"is_daily":false,"chose_seed":false,"campfire_upgraded":2,"win_rate":0,"timestamp":1678043224,"path_taken":["M","?","?","?","?","E","R","?","T","E","R","M","R","M","R","BOSS","M","?","?","?","?","E"],"build_version":"2022-12-18","purchased_purges":0,"victory":false,"max_hp_per_floor":[75,75,75,75,75,75,75,75,75,75,75,75,75,75,75,75,75,75,75,75,75,75,75],"card_choices":[{"not_picked":["Havoc","Iron Wave"],"picked":"Battle Trance","floor":1},{"not_picked":["Perfected Strike","Warcry"],"picked":"Armaments","floor":6},{"not_picked":["Sword Boomerang","Exhume"],"picked":"Clash","floor":8},{"not_picked":["Iron Wave","Warcry"],"picked":"Second Wind","floor":10},{"not_picked":["Power Through","Warcry","Reckless Charge"],"picked":"SKIP","floor":12},{"not_picked":["Clash","Armaments"],"picked":"Body Slam","floor":14},{"not_picked":["Brutality","Limit Break"],"picked":"Demon Form","floor":16},{"not_picked":["Anger","Iron Wave"],"picked":"Flame Barrier","floor":18},{"not_picked":["Perfected Strike","Headbutt"],"picked":"Pommel Strike","floor":19}],"player_experience":2208865,"relics_obtained":[{"floor":0,"key":"MawBank"},{"floor":0,"key":"Blue Candle"},{"floor":0,"key":"Incense Burner"},{"floor":6,"key":"TungstenRod"},{"floor":9,"key":"The Courier"},{"floor":10,"key":"Bag of Marbles"}],"event_choices":[{"damage_healed":0,"gold_gain":150,"player_choice":"AGREE","damage_taken":0,"max_hp_gain":0,"max_hp_loss":0,"event_name":"Liars Game","floor":2,"gold_loss":0,"cards_obtained":["Doubt"]},{"damage_healed":0,"gold_gain":0,"player_choice":"Success","damage_taken":18,"relics_obtained":["HornCleat"],"max_hp_gain":0,"max_hp_loss":0,"event_name":"Scrap Ooze","floor":3,"gold_loss":0},{"damage_healed":0,"gold_gain":0,"player_choice":"Box","damage_taken":0,"relics_obtained":["Champion Belt"],"max_hp_gain":0,"max_hp_loss":0,"event_name":"Big Fish","floor":4,"gold_loss":0,"cards_obtained":["Regret"]},{"damage_healed":0,"gold_gain":0,"player_choice":"Paid Gold","damage_taken":0,"relics_obtained":["Pantograph"],"max_hp_gain":0,"max_hp_loss":0,"event_name":"WeMeetAgain","floor":5,"gold_loss":97},{"damage_healed":0,"gold_gain":0,"player_choice":"Joined the Cult","damage_taken":6,"max_hp_gain":0,"max_hp_loss":0,"event_name":"Nest","floor":21,"gold_loss":0,"cards_obtained":["RitualDagger"]}],"is_beta":false,"boss_relics":[{"not_picked":["Sozu","Snecko Eye"],"picked":"Philosopher\u0027s Stone"}],"items_purged_floors":[],"is_endless":false,"potions_floor_spawned":[8,14],"killed_by":"Gremlin Leader","ascension_level":20}