{"gold_per_floor":[116,116,41,58,71,97,97,125,150,162,173,199,64,79,79,152,152,169,169,119,132,149,149],"floor_reached":23,"playtime":679,"items_purged":["Pain","Strike_R","Writhe"],"score":406,"play_id":"c782aa4d-5b66-45ba-a5a2-c4063585f646","local_time":"20230310234214","is_ascension_mode":true,"campfire_choices":[{"data":"Berserk","floor":7,"key":"SMITH"},{"data":"Bash","floor":15,"key":"SMITH"}],"neow_cost":"NONE","seed_source_timestamp":822455937664800,"circlet_count":0,"master_deck":["AscendersBane","Strike_R","Strike_R","Strike_R","Strike_R","Defend_R","Defend_R","Defend_R","Defend_R","Bash+1","Evolve","Cleave","Twin Strike","Berserk+1","Shrug It Off","True Grit","Anger","Fiend Fire","Power Through","Thunderclap+1"],"relics":["Burning Blood","NeowsBlessing","WarpedTongs","Ancient Tea Set","Potion Belt","Centennial Puzzle","Smiling Mask","Busted Crown","Omamori"],"potions_floor_usage":[8,11,14,16,22,23,23],"damage_taken":[{"damage":0,"enemies":"Small Slimes","floor":1,"turns":1},{"damage":0,"enemies":"Cultist","floor":4,"turns":1},{"damage":0,"enemies":"2 Louse","floor":5,"turns":1},{"damage":28,"enemies":"3 Sentries","floor":6,"turns":8},{"damage":22,"enemies":"Lagavulin","floor":8,"turns":6},{"damage":17,"enemies":"2 Fungi Beasts","floor":10,"turns":3},{"damage":17,"enemies":"Gremlin Gang","floor":11,"turns":4},{"damage":7,"enemies":"Lots of Slimes","floor":14,"turns":2},{"damage":11,"enemies":"Slime Boss","floor":16,"turns":7},{"damage":20,"enemies":"Shell Parasite","floor":18,"turns":6},{"damage":8,"enemies":"2 Thieves","floor":21,"turns":4},{"damage":15,"enemies":"Chosen and Byrds","floor":22,"turns":9},{"damage":38,"enemies":"Book of Stabbing","floor":23,"turns":4}],"seed_played":"65923578808682082","potions_obtained":[{"floor":1,"key":"EssenceOfSteel"},{"floor":6,"key":"SteroidPotion"},{"floor":8,"key":"Fire Potion"},{"floor":11,"key":"FearPotion"},{"floor":16,"key":"LiquidBronze"},{"floor":18,"key":"SpeedPotion"}],"is_trial":false,"path_per_floor":["M","?","$","M","M","E","R","E","T","M","M","T","$","M","R","B",null,"M","?","$","M","M","E"],"character_chosen":"IRONCLAD","items_purchased":["Regen Potion"],"campfire_rested":0,"item_purchase_floors":[13],"current_hp_per_floor":[74,74,74,75,75,53,53,37,37,26,15,15,15,19,19,14,60,46,46,46,44,35,0],"gold":149,"neow_bonus":"THREE_ENEMY_KILL","is_prod":false,"is_daily":false,"chose_seed":false,"campfire_upgraded":2,"win_rate":0,"timestamp":1678488134,"path_taken":["M","?","$","M","M","E","R","E","T","M","?","?","$","M","R","BOSS","M","?","$","M","M","E"],"build_version":"2022-12-18","purchased_purges":3,"victory":false,"max_hp_per_floor":[75,75,75,75,75,75,75,75,75,75,75,75,75,75,75,75,75,75,75,75,75,75,75],"card_choices":[{"not_picked":["Combust","Havoc"],"picked":"Evolve","floor":1},{"not_picked":["Metallicize","Twin Strike"],"picked":"Cleave","floor":4},{"not_picked":["Flex","Combust","Twin Strike"],"picked":"SKIP","floor":5},{"not_picked":["Flex","Combust"],"picked":"Twin Strike","floor":5},{"not_picked":["Wild Strike","Iron Wave"],"picked":"Berserk","floor":6},{"not_picked":["Dual Wield","Rupture","Rage"],"picked":"SKIP","floor":8},{"not_picked":["Body Slam","Combust"],"picked":"Shrug It Off","floor":10},{"not_picked":["Perfected Strike","Warcry"],"picked":"True Grit","floor":11},{"not_picked":["Entrench","Body Slam"],"picked":"Anger","floor":14},{"not_picked":["Offering","Berserk"],"picked":"Fiend Fire","floor":16},{"not_picked":["Hemokinesis"],"picked":"SKIP","floor":18},{"not_picked":[],"picked":"Power Through","floor":21},{"not_picked":[],"picked":"Thunderclap+1","floor":22}],"player_experience":2227026,"relics_obtained":[{"floor":6,"key":"Ancient Tea Set"},{"floor":8,"key":"Potion Belt"},{"floor":9,"key":"Centennial Puzzle"},{"floor":12,"key":"Smiling Mask"}],"event_choices":[{"damage_healed":0,"gold_gain":0,"player_choice":"Rummage","damage_taken":0,"relics_obtained":["WarpedTongs"],"max_hp_gain":0,"max_hp_loss":0,"event_name":"Accursed Blacksmith","floor":2,"gold_loss":0,"cards_obtained":["Pain"]},{"damage_healed":0,"gold_gain":0,"player_choice":"Opened","damage_taken":0,"relics_obtained":["Omamori"],"max_hp_gain":0,"max_hp_loss":0,"event_name":"The Mausoleum","floor":19,"gold_loss":0,"cards_obtained":["Writhe"]}],"is_beta":false,"boss_relics":[{"not_picked":["SacredBark","Philosopher\u0027s Stone"],"picked":"Busted Crown"}],"items_purged_floors":[3,13,20],"is_endless":false,"potions_floor_spawned":[1,6,8,11,16,18],"killed_by":"Book of Stabbing","ascension_level":20}