{"gold_per_floor":[118,43,57,68,79,111,123,168,226,238],"floor_reached":10,"playtime":389,"items_purged":["Strike_R"],"score":156,"play_id":"dc2628d0-bb55-4152-8025-2d62fbd2f4b0","local_time":"20230305181814","is_ascension_mode":true,"campfire_choices":[{"floor":7,"key":"REST"}],"neow_cost":"NONE","seed_source_timestamp":0,"circlet_count":0,"master_deck":["AscendersBane","Strike_R","Strike_R","Strike_R","Strike_R","Defend_R","Defend_R","Defend_R","Defend_R","Bash","Reaper","Shrug It Off","Disarm","Anger","Clothesline","Shockwave","Seeing Red"],"special_seed":0,"relics":["Burning Blood","MawBank","Ornamental Fan","Vajra"],"potions_floor_usage":[6,8,10],"damage_taken":[{"damage":7,"enemies":"Cultist","floor":1,"turns":4},{"damage":9,"enemies":"Small Slimes","floor":3,"turns":4},{"damage":22,"enemies":"Jaw Worm","floor":4,"turns":9},{"damage":11,"enemies":"Red Slaver","floor":5,"turns":4},{"damage":34,"enemies":"Lagavulin","floor":6,"turns":7},{"damage":46,"enemies":"Gremlin Nob","floor":8,"turns":6},{"damage":23,"enemies":"Large Slime","floor":10,"turns":8}],"seed_played":"-7295323231164927936","potions_obtained":[{"floor":1,"key":"AttackPotion"},{"floor":6,"key":"FearPotion"},{"floor":8,"key":"Dexterity Potion"}],"is_trial":false,"path_per_floor":["M","$","M","M","M","E","R","E","T","M"],"character_chosen":"IRONCLAD","items_purchased":[],"campfire_rested":1,"item_purchase_floors":[],"current_hp_per_floor":[67,67,64,52,53,28,50,16,16,0],"gold":238,"neow_bonus":"ONE_RANDOM_RARE_CARD","is_prod":false,"is_daily":false,"chose_seed":false,"campfire_upgraded":0,"win_rate":0,"timestamp":1678036694,"path_taken":["M","?","?","M","M","E","R","E","T","M"],"build_version":"2022-12-18","purchased_purges":1,"victory":false,"max_hp_per_floor":[75,75,75,75,75,75,75,75,75,75],"card_choices":[{"not_picked":["Iron Wave","Headbutt"],"picked":"Shrug It Off","floor":1},{"not_picked":["Armaments","Flame Barrier"],"picked":"Disarm","floor":3},{"not_picked":["Blood for Blood","Pummel"],"picked":"Anger","floor":4},{"not_picked":["Burning Pact","Havoc"],"picked":"Clothesline","floor":5},{"not_picked":["Headbutt","Cleave"],"picked":"Shockwave","floor":6},{"not_picked":["Hemokinesis","Disarm"],"picked":"Seeing Red","floor":8}],"player_experience":2206125,"relics_obtained":[{"floor":6,"key":"MawBank"},{"floor":8,"key":"Ornamental Fan"},{"floor":9,"key":"Vajra"}],"event_choices":[],"is_beta":false,"boss_relics":[],"items_purged_floors":[2],"is_endless":false,"potions_floor_spawned":[1,6,8],"killed_by":"Large Slime","ascension_level":20}