{"gold_per_floor":[111,126,276,551,565,600,600,632,659,740,740],"floor_reached":11,"playtime":194,"items_purged":[],"score":162,"play_id":"2ae1d430-8a77-4d23-a474-93a9878c6d79","local_time":"20230325014711","is_ascension_mode":true,"campfire_choices":[{"floor":7,"key":"REST"}],"neow_cost":"NONE","seed_source_timestamp":60044358907000,"circlet_count":0,"master_deck":["AscendersBane","Strike_R","Strike_R","Strike_R","Strike_R","Strike_R","Defend_R+1","Defend_R+1","Defend_R","Defend_R","Bash","Wild Strike","Anger","Doubt","Regret","Clothesline","Disarm"],"relics":["Fusion Hammer","War Paint","Anchor","Tiny Chest","Gremlin Horn"],"potions_floor_usage":[6,6],"damage_taken":[{"damage":0,"enemies":"2 Louse","floor":1,"turns":2},{"damage":7,"enemies":"Jaw Worm","floor":2,"turns":3},{"damage":0,"enemies":"Cultist","floor":5,"turns":2},{"damage":32,"enemies":"Lagavulin","floor":6,"turns":6},{"damage":20,"enemies":"Gremlin Nob","floor":8,"turns":4},{"damage":36,"enemies":"Lagavulin","floor":11,"turns":5}],"seed_played":"5687182205335050006","potions_obtained":[{"floor":1,"key":"Fire Potion"},{"floor":5,"key":"DuplicationPotion"},{"floor":6,"key":"LiquidBronze"}],"is_trial":false,"path_per_floor":["M","M","?","?","M","E","R","E","T","T","E"],"character_chosen":"IRONCLAD","items_purchased":[],"campfire_rested":1,"item_purchase_floors":[],"current_hp_per_floor":[68,61,61,61,61,29,51,31,31,31,0],"gold":740,"neow_bonus":"BOSS_RELIC","is_prod":false,"is_daily":false,"chose_seed":false,"campfire_upgraded":0,"win_rate":0,"timestamp":1679705231,"path_taken":["M","M","?","?","?","E","R","E","T","?","E"],"build_version":"2022-12-18","purchased_purges":0,"victory":false,"max_hp_per_floor":[75,75,75,75,75,75,75,75,75,75,75],"card_choices":[{"not_picked":["Seeing Red","Body Slam"],"picked":"Wild Strike","floor":1},{"not_picked":["Rage","Thunderclap"],"picked":"Anger","floor":2},{"not_picked":["Power Through","Bloodletting"],"picked":"Clothesline","floor":5},{"not_picked":["Pummel","Twin Strike"],"picked":"Disarm","floor":6},{"not_picked":["Sword Boomerang","Havoc","Body Slam"],"picked":"SKIP","floor":8}],"player_experience":2259245,"relics_obtained":[{"floor":6,"key":"War Paint"},{"floor":8,"key":"Anchor"},{"floor":9,"key":"Tiny Chest"},{"floor":10,"key":"Gremlin Horn"}],"event_choices":[{"damage_healed":0,"gold_gain":150,"player_choice":"AGREE","damage_taken":0,"max_hp_gain":0,"max_hp_loss":0,"event_name":"Liars Game","floor":3,"gold_loss":0,"cards_obtained":["Doubt"]},{"damage_healed":0,"gold_gain":275,"player_choice":"Desecrate","damage_taken":0,"max_hp_gain":0,"max_hp_loss":0,"event_name":"Golden Shrine","floor":4,"gold_loss":0,"cards_obtained":["Regret"]}],"is_beta":false,"boss_relics":[],"items_purged_floors":[],"is_endless":false,"potions_floor_spawned":[1,5,6],"killed_by":"Lagavulin","ascension_level":20}