{"gold_per_floor":[11,26,37,37,49,49,63,95,120,154,154,174,200,209,209,209],"floor_reached":16,"playtime":629,"items_purged":[],"score":294,"play_id":"f68cbe9e-887c-4c1a-bf19-39a862cd9000","local_time":"20230324093916","is_ascension_mode":true,"campfire_choices":[{"data":"Double Tap","floor":6,"key":"SMITH"},{"floor":11,"key":"REST"},{"data":"Inflame","floor":15,"key":"SMITH"}],"neow_cost":"NO_GOLD","seed_source_timestamp":1533207117900,"circlet_count":0,"master_deck":["AscendersBane","Strike_R","Defend_R","Defend_R","Defend_R","Defend_R","Bash","Double Tap+1","Offering","Rupture","Sword Boomerang","Sword Boomerang","Blood for Blood","Inflame+1","Shrug It Off","Corruption"],"relics":["Burning Blood","Art of War","Tiny Chest","CeramicFish","Dream Catcher"],"potions_floor_usage":[5,8,16,16],"damage_taken":[{"damage":7,"enemies":"Cultist","floor":1,"turns":3},{"damage":8,"enemies":"Jaw Worm","floor":2,"turns":4},{"damage":15,"enemies":"Small Slimes","floor":3,"turns":3},{"damage":7,"enemies":"Gremlin Gang","floor":5,"turns":3},{"damage":13,"enemies":"Lots of Slimes","floor":7,"turns":3},{"damage":22,"enemies":"Lagavulin","floor":8,"turns":5},{"damage":20,"enemies":"3 Sentries","floor":10,"turns":5},{"damage":12,"enemies":"2 Fungi Beasts","floor":12,"turns":3},{"damage":6,"enemies":"Lagavulin","floor":13,"turns":4},{"damage":51,"enemies":"The Guardian","floor":16,"turns":11}],"seed_played":"8354489768862663499","potions_obtained":[{"floor":1,"key":"SkillPotion"},{"floor":2,"key":"SteroidPotion"},{"floor":8,"key":"BloodPotion"},{"floor":13,"key":"SpeedPotion"}],"is_trial":false,"path_per_floor":["M","M","M","?","M","R","M","E","T","E","R","M","E","?","R","B"],"character_chosen":"IRONCLAD","items_purchased":[],"campfire_rested":1,"item_purchase_floors":[],"current_hp_per_floor":[67,65,56,56,55,55,48,32,32,18,40,34,34,34,34,0],"gold":209,"neow_bonus":"TRANSFORM_TWO_CARDS","is_prod":false,"is_daily":false,"chose_seed":false,"campfire_upgraded":2,"win_rate":0,"timestamp":1679647156,"path_taken":["M","M","?","?","?","R","M","E","T","E","R","M","E","?","R","BOSS"],"build_version":"2022-12-18","purchased_purges":0,"victory":false,"max_hp_per_floor":[75,75,75,75,75,75,75,75,75,75,75,75,75,75,75,75],"card_choices":[{"not_picked":["Metallicize","Disarm"],"picked":"Rupture","floor":1},{"not_picked":["Intimidate","Iron Wave"],"picked":"Sword Boomerang","floor":2},{"not_picked":["Clash","Sentinel"],"picked":"Sword Boomerang","floor":3},{"not_picked":["Twin Strike","Rampage"],"picked":"Inflame","floor":5},{"not_picked":["Headbutt","Seeing Red"],"picked":"Shrug It Off","floor":7},{"not_picked":["Carnage","Rage","Wild Strike"],"picked":"SKIP","floor":8},{"not_picked":["Double Tap","Sword Boomerang","Heavy Blade"],"picked":"SKIP","floor":10},{"not_picked":["Havoc","Clash","Evolve"],"picked":"SKIP","floor":12},{"not_picked":["Wild Strike","Second Wind","Flame Barrier"],"picked":"SKIP","floor":13}],"player_experience":2255369,"relics_obtained":[{"floor":8,"key":"Art of War"},{"floor":9,"key":"Tiny Chest"},{"floor":10,"key":"CeramicFish"},{"floor":13,"key":"Dream Catcher"}],"event_choices":[{"damage_healed":0,"gold_gain":0,"cards_transformed":["Strike_R"],"player_choice":"Transformed","damage_taken":0,"max_hp_gain":0,"max_hp_loss":0,"event_name":"Transmorgrifier","floor":4,"gold_loss":0,"cards_obtained":["Blood for Blood"]},{"damage_healed":0,"gold_gain":0,"cards_transformed":["Strike_R"],"player_choice":"Change","damage_taken":0,"max_hp_gain":0,"max_hp_loss":0,"event_name":"Living Wall","floor":14,"gold_loss":0,"cards_obtained":["Corruption"]}],"is_beta":false,"boss_relics":[],"items_purged_floors":[],"is_endless":false,"potions_floor_spawned":[1,2,8,13],"killed_by":"The Guardian","ascension_level":20}