{"gold_per_floor":[112,112,112,262,20,20,51,51,51,51,69,98,122,47,47,121,121,134,134,59,59,29,60,60,72,98,98,98,132,147,165,165,243,243,255,272,272,162,162,162],"floor_reached":40,"playtime":2481,"items_purged":["Doubt"],"score":932,"play_id":"65996eba-bf90-474f-8501-a29a3929c325","local_time":"20230320210506","is_ascension_mode":true,"campfire_choices":[{"data":"Rampage","floor":6.0,"key":"SMITH"},{"data":"Inflame","floor":15.0,"key":"SMITH"},{"floor":24.0,"key":"REST"},{"floor":32.0,"key":"REST"}],"neow_cost":"NONE","seed_source_timestamp":0,"circlet_count":0,"master_deck":["AscendersBane","Defend_R","Defend_R","Defend_R","Bash+1","Rampage+1","Cleave","Inflame+1","Clothesline","Shrug It Off","Feed+1","Infernal Blade+1","Double Tap+1","Thunderclap+1","Shrug It Off","Intimidate+1","Berserk","Shrug It Off+1"],"special_seed":0,"relics":["Burning Blood","NeowsBlessing","Bag of Marbles","Oddly Smooth Stone","Orichalcum","Juzu Bracelet","Red Skull","Odd Mushroom","Akabeko","Astrolabe","Nilry\u0027s Codex","Centennial Puzzle","Omamori","Darkstone Periapt","Sozu"],"potions_floor_usage":[],"damage_taken":[{"damage":0.0,"enemies":"Cultist","floor":1.0,"turns":1.0},{"damage":0.0,"enemies":"Lagavulin","floor":7.0,"turns":1.0},{"damage":0.0,"enemies":"2 Louse","floor":11.0,"turns":1.0},{"damage":3.0,"enemies":"The Mushroom Lair","floor":12.0,"turns":2.0},{"damage":35.0,"enemies":"Slime Boss","floor":16.0,"turns":11.0},{"damage":16.0,"enemies":"2 Thieves","floor":18.0,"turns":2.0},{"damage":30.0,"enemies":"Gremlin Leader","floor":23.0,"turns":4.0},{"damage":6.0,"enemies":"3 Byrds","floor":25.0,"turns":4.0},{"damage":15.0,"enemies":"Slavers","floor":29.0,"turns":3.0},{"damage":3.0,"enemies":"Centurion and Healer","floor":30.0,"turns":5.0},{"damage":5.0,"enemies":"Sentry and Sphere","floor":31.0,"turns":3.0},{"damage":66.0,"enemies":"Champ","floor":33.0,"turns":10.0},{"damage":6.0,"enemies":"3 Darklings","floor":35.0,"turns":3.0},{"damage":16,"enemies":"3 Shapes","floor":36,"turns":6},{"damage":100,"enemies":"Nemesis","floor":40,"turns":9}],"seed_played":"-2162458258240432191","potions_obtained":[{"floor":1.0,"key":"Explosive Potion"},{"floor":12.0,"key":"Weak Potion"},{"floor":25.0,"key":"DuplicationPotion"},{"floor":29.0,"key":"Regen Potion"},{"floor":30.0,"key":"Strength Potion"}],"is_trial":false,"path_per_floor":["M","?","?","?","$","R","E","$","T","?","M","?","T","?","R","B",null,"M","?","?","?","$","E","R","M","T","?","?","E","M","M","R","B",null,"M","M","?","?","?","E"],"character_chosen":"IRONCLAD","basemod:card_modifiers":[null,null,null,null,null,null,null,null,null,null,null,null,null,null,null,null,null,null],"items_purchased":["Oddly Smooth Stone","Shrug It Off"],"campfire_rested":2,"item_purchase_floors":[5,22],"current_hp_per_floor":[74,74,63,63,63,63,69,69,69,69,75,75,75,75,75,46,68,58,37,37,37,37,16,39,42,42,58,35,29,49,53,81,21,77,77,70,90,90,90,0],"gold":162,"neow_bonus":"THREE_ENEMY_KILL","is_prod":false,"is_daily":false,"chose_seed":false,"campfire_upgraded":2,"win_rate":0,"timestamp":1679342706,"path_taken":["M","?","?","?","$","R","E","?","T","?","M","?","?","?","R","BOSS","M","?","?","?","$","E","R","M","T","?","?","E","M","M","R","BOSS","M","M","?","?","?","E"],"build_version":"2022-12-18","purchased_purges":1,"victory":false,"max_hp_per_floor":[75,75,75,75,75,75,75,75,75,75,75,75,75,75,75,75,75,75,75,75,75,75,78,78,81,81,81,86,89,92,95,95,95,95,95,98,98,98,98,98],"card_choices":[{"not_picked":["Iron Wave","Shrug It Off"],"picked":"Rampage","floor":1.0},{"not_picked":["Sentinel","Wild Strike"],"picked":"Inflame","floor":7.0},{"not_picked":["Dark Embrace","Dropkick"],"picked":"Clothesline","floor":11.0},{"not_picked":["Entrench","Perfected Strike"],"picked":"Shrug It Off","floor":12.0},{"not_picked":["Berserk","Reaper"],"picked":"Feed","floor":16.0},{"not_picked":["Searing Blow+1","Headbutt","Havoc"],"picked":"SKIP","floor":18.0},{"not_picked":["Heavy Blade","Pommel Strike","Iron Wave"],"picked":"SKIP","floor":23.0},{"not_picked":["Warcry","Bloodletting"],"picked":"Intimidate+1","floor":25.0},{"not_picked":["Havoc","Iron Wave","Metallicize"],"picked":"SKIP","floor":29.0},{"not_picked":["Iron Wave","Perfected Strike","Rupture"],"picked":"SKIP","floor":30.0},{"not_picked":["Rupture+1","Wild Strike+1","Entrench"],"picked":"SKIP","floor":31.0},{"not_picked":["Feed","Impervious"],"picked":"Berserk","floor":33.0},{"not_picked":["Anger","Sword Boomerang"],"picked":"Shrug It Off+1","floor":35},{"not_picked":["Flex","Headbutt","Twin Strike+1"],"picked":"SKIP","floor":36}],"player_experience":2290248,"relics_obtained":[{"floor":7.0,"key":"Orichalcum"},{"floor":9.0,"key":"Juzu Bracelet"},{"floor":12.0,"key":"Odd Mushroom"},{"floor":13.0,"key":"Akabeko"},{"floor":19.0,"key":"Nilry\u0027s Codex"},{"floor":23.0,"key":"Centennial Puzzle"},{"floor":26.0,"key":"Omamori"},{"floor":29.0,"key":"Darkstone Periapt"}],"event_choices":[{"damage_healed":0.0,"max_hp_gain":0.0,"max_hp_loss":0.0,"gold_gain":0.0,"cards_transformed":["Strike_R"],"event_name":"Living Wall","player_choice":"Change","floor":2.0,"gold_loss":0.0,"damage_taken":0.0,"cards_obtained":["Cleave"]},{"damage_healed":0.0,"max_hp_gain":0.0,"max_hp_loss":0.0,"gold_gain":0.0,"event_name":"Scrap Ooze","player_choice":"Success","floor":3.0,"gold_loss":0.0,"damage_taken":11.0,"relics_obtained":["Bag of Marbles"]},{"damage_healed":0.0,"max_hp_gain":0.0,"max_hp_loss":0.0,"gold_gain":150.0,"event_name":"Liars Game","player_choice":"AGREE","floor":4.0,"gold_loss":0.0,"damage_taken":0.0,"cards_obtained":["Doubt"]},{"damage_healed":0.0,"max_hp_gain":0.0,"max_hp_loss":0.0,"gold_gain":0.0,"event_name":"Big Fish","player_choice":"Box","floor":10.0,"gold_loss":0.0,"damage_taken":0.0,"relics_obtained":["Red Skull"],"cards_obtained":["Regret"]},{"damage_healed":0.0,"max_hp_gain":0.0,"max_hp_loss":0.0,"gold_gain":0.0,"event_name":"Mushrooms","player_choice":"Fought Mushrooms","floor":12.0,"gold_loss":0.0,"damage_taken":0.0},{"cards_removed":["Regret"],"damage_healed":0.0,"max_hp_gain":0.0,"max_hp_loss":0.0,"gold_gain":0.0,"event_name":"The Cleric","player_choice":"Card Removal","floor":14.0,"gold_loss":75.0,"damage_taken":0.0},{"damage_healed":0.0,"max_hp_gain":0.0,"max_hp_loss":0.0,"gold_gain":0.0,"event_name":"Cursed Tome","player_choice":"Obtained Book","floor":19.0,"gold_loss":0.0,"damage_taken":21.0},{"cards_removed":["Strike_R"],"damage_healed":0.0,"max_hp_gain":0.0,"max_hp_loss":0.0,"gold_gain":0.0,"event_name":"Beggar","player_choice":"Gave Gold","floor":20.0,"gold_loss":75.0,"damage_taken":0.0},{"damage_healed":0.0,"max_hp_gain":0.0,"max_hp_loss":0.0,"gold_gain":0.0,"event_name":"Ghosts","player_choice":"Ignored","floor":21.0,"gold_loss":0.0,"damage_taken":0.0},{"damage_healed":16.0,"max_hp_gain":0.0,"max_hp_loss":0.0,"gold_gain":0.0,"event_name":"The Library","player_choice":"Heal","floor":27.0,"gold_loss":0.0,"damage_taken":0.0},{"damage_healed":0.0,"max_hp_gain":5.0,"max_hp_loss":0.0,"gold_gain":0.0,"event_name":"Forgotten Altar","player_choice":"Shed Blood","floor":28.0,"gold_loss":0.0,"damage_taken":28.0},{"damage_healed":20,"gold_gain":0,"player_choice":"Writhe","damage_taken":0,"max_hp_gain":0,"max_hp_loss":0,"event_name":"Winding Halls","floor":37,"gold_loss":0,"cards_obtained":["Writhe"]},{"cards_removed":["Defend_R"],"damage_healed":0,"gold_gain":0,"player_choice":"Upgrade and Remove","damage_taken":0,"max_hp_gain":0,"max_hp_loss":0,"event_name":"Designer","floor":38,"gold_loss":110,"cards_upgraded":["Bash"]},{"damage_healed":0,"gold_gain":0,"player_choice":"Upgraded","damage_taken":0,"max_hp_gain":0,"max_hp_loss":0,"event_name":"Upgrade Shrine","floor":39,"gold_loss":0,"cards_upgraded":["Feed"]}],"is_beta":false,"boss_relics":[{"not_picked":["Black Blood","Snecko Eye"],"picked":"Astrolabe"},{"not_picked":["Runic Dome","Runic Pyramid"],"picked":"Sozu"}],"items_purged_floors":[5],"is_endless":false,"potions_floor_spawned":[1,12,25,29,30,35],"killed_by":"Nemesis","ascension_level":20}