{"gold_per_floor":[113,24,24,24,24,55,73,73],"floor_reached":8,"playtime":152,"items_purged":[],"score":158,"play_id":"65190ba4-ab30-42c1-954f-9a22d48951f7","local_time":"20230403171027","is_ascension_mode":true,"campfire_choices":[],"neow_cost":"NONE","seed_source_timestamp":889495424225000,"circlet_count":0,"master_deck":["AscendersBane","Strike_R+1","Strike_R","Strike_R","Strike_R","Strike_R","Defend_R","Defend_R","Defend_R","Defend_R","Bash","Pummel+1","Jack Of All Trades","Wild Strike","True Grit"],"relics":["Burning Blood","NeowsBlessing","Golden Idol","Nunchaku"],"potions_floor_usage":[8,8],"damage_taken":[{"damage":0,"enemies":"2 Louse","floor":1,"turns":1},{"damage":0,"enemies":"Gremlin Nob","floor":6,"turns":1},{"damage":0,"enemies":"Small Slimes","floor":7,"turns":1},{"damage":47,"enemies":"Lagavulin","floor":8,"turns":9}],"seed_played":"-2443480966837058381","potions_obtained":[{"floor":6,"key":"ColorlessPotion"},{"floor":7,"key":"GamblersBrew"}],"is_trial":false,"path_per_floor":["M","$","?","?","$","E","M","E"],"character_chosen":"IRONCLAD","basemod:card_modifiers":[null,null,null,null,null,null,null,null,null,null,null,null,null,null,null],"items_purchased":["Jack Of All Trades"],"campfire_rested":0,"item_purchase_floors":[2],"current_hp_per_floor":[74,74,48,25,25,31,37,0],"gold":73,"neow_bonus":"THREE_ENEMY_KILL","is_prod":false,"is_daily":false,"chose_seed":false,"campfire_upgraded":0,"win_rate":0,"timestamp":1680534627,"path_taken":["M","$","?","?","?","E","M","E"],"build_version":"2022-12-18","purchased_purges":0,"victory":false,"max_hp_per_floor":[75,75,75,75,75,75,75,75],"card_choices":[{"not_picked":["Perfected Strike","Clash"],"picked":"Pummel","floor":1},{"not_picked":["Armaments","Second Wind"],"picked":"Wild Strike","floor":6},{"not_picked":["Searing Blow","Clash"],"picked":"True Grit","floor":7}],"player_experience":2316901,"relics_obtained":[{"floor":6,"key":"Nunchaku"}],"event_choices":[{"damage_healed":0,"gold_gain":0,"player_choice":"Take Damage","damage_taken":26,"relics_obtained":["Golden Idol"],"max_hp_gain":0,"max_hp_loss":0,"event_name":"Golden Idol","floor":3,"gold_loss":0},{"damage_healed":0,"gold_gain":0,"player_choice":"Entered Light","damage_taken":23,"max_hp_gain":0,"max_hp_loss":0,"event_name":"Shining Light","floor":4,"gold_loss":0,"cards_upgraded":["Strike_R","Pummel"]}],"is_beta":false,"boss_relics":[],"items_purged_floors":[],"is_endless":false,"potions_floor_spawned":[6,7],"killed_by":"Lagavulin","ascension_level":20}