{"gold_per_floor":[113,126,51,51,64,97,97,130,130,130,55,55,83,94,94,165,165,177,192,30,43,55,55,80,80,80,80,80],"floor_reached":28,"playtime":634,"items_purged":["Strike_R"],"score":562,"play_id":"3cfbc624-fb81-4a96-81c6-225bc482e073","local_time":"20230407141213","is_ascension_mode":true,"campfire_choices":[{"data":"Searing Blow+1","floor":7,"key":"SMITH"},{"data":"Searing Blow+2","floor":10,"key":"SMITH"},{"data":"Searing Blow+3","floor":12,"key":"SMITH"},{"data":"Searing Blow+5","floor":15,"key":"SMITH"},{"floor":23,"key":"REST"},{"data":"Searing Blow+6","floor":25,"key":"SMITH"}],"neow_cost":"NONE","seed_source_timestamp":1223929425683600,"circlet_count":0,"master_deck":["AscendersBane","Defend_R","Defend_R","Defend_R","Bash+1","Demon Form+1","Berserk+1","Searing Blow+7","Fire Breathing","Burning Pact","Pommel Strike","Dual Wield","Offering","Shrug It Off","Bloodletting","Rupture+1"],"relics":["Astrolabe","Letter Opener","Bottled Tornado","Whetstone","Runic Pyramid","Pen Nib","Boot"],"potions_floor_usage":[6,16,24],"damage_taken":[{"damage":13,"enemies":"Small Slimes","floor":1,"turns":5},{"damage":4,"enemies":"Jaw Worm","floor":2,"turns":5},{"damage":0,"enemies":"Cultist","floor":5,"turns":3},{"damage":15,"enemies":"Lagavulin","floor":6,"turns":6},{"damage":8,"enemies":"Gremlin Nob","floor":8,"turns":3},{"damage":0,"enemies":"Lagavulin","floor":13,"turns":4},{"damage":0,"enemies":"2 Fungi Beasts","floor":14,"turns":2},{"damage":14,"enemies":"The Guardian","floor":16,"turns":7},{"damage":1,"enemies":"Spheric Guardian","floor":18,"turns":3},{"damage":7,"enemies":"2 Thieves","floor":19,"turns":3},{"damage":22,"enemies":"Centurion and Healer","floor":21,"turns":4},{"damage":15,"enemies":"Cultist and Chosen","floor":22,"turns":3},{"damage":34,"enemies":"Book of Stabbing","floor":24,"turns":3},{"damage":0,"enemies":"Shelled Parasite and Fungi","floor":28,"turns":1}],"seed_played":"-789119849439152769","potions_obtained":[{"floor":1,"key":"Strength Potion"},{"floor":8,"key":"SkillPotion"},{"floor":13,"key":"Fire Potion"},{"floor":16,"key":"CultistPotion"},{"floor":24,"key":"Energy Potion"}],"is_trial":false,"path_per_floor":["M","M","?","?","M","E","R","E","T","R","$","R","E","M","R","B",null,"M","M","$","M","M","R","E","R","T","?","M"],"character_chosen":"IRONCLAD","items_purchased":["Pen Nib"],"campfire_rested":1,"item_purchase_floors":[20],"current_hp_per_floor":[55,51,51,51,51,36,36,28,28,28,28,28,28,28,28,14,60,59,52,52,30,15,37,3,3,3,3,3],"gold":80,"neow_bonus":"BOSS_RELIC","is_prod":false,"is_daily":false,"chose_seed":false,"campfire_upgraded":5,"win_rate":0,"timestamp":1680869533,"path_taken":["M","M","?","?","M","E","R","E","T","R","?","R","E","M","R","BOSS","M","M","$","M","M","R","E","R","T","?","M"],"build_version":"2022-12-18","purchased_purges":1,"victory":false,"max_hp_per_floor":[75,75,75,75,75,75,75,75,75,75,75,75,75,75,75,75,75,75,75,75,75,75,75,75,75,75,75,75],"card_choices":[{"not_picked":["Feel No Pain","Body Slam","Clash"],"picked":"SKIP","floor":1},{"not_picked":["Clothesline","Thunderclap"],"picked":"Fire Breathing","floor":2},{"not_picked":["Carnage","Blood for Blood"],"picked":"Burning Pact","floor":5},{"not_picked":["Wild Strike","Clash"],"picked":"Pommel Strike","floor":6},{"not_picked":["Clothesline","Havoc","Fiend Fire"],"picked":"SKIP","floor":8},{"not_picked":["Thunderclap","Rampage","Sword Boomerang"],"picked":"SKIP","floor":13},{"not_picked":["Wild Strike","Combust"],"picked":"Dual Wield","floor":14},{"not_picked":["Limit Break","Brutality"],"picked":"Offering","floor":16},{"not_picked":["Cleave","Sword Boomerang"],"picked":"Shrug It Off","floor":18},{"not_picked":["Sever Soul","Fire Breathing","Clothesline"],"picked":"SKIP","floor":19},{"not_picked":["Havoc","Clothesline"],"picked":"Bloodletting","floor":21},{"not_picked":["Flame Barrier","Warcry","Burning Pact"],"picked":"SKIP","floor":22},{"not_picked":["Immolate","Impervious"],"picked":"Rupture+1","floor":24}],"player_experience":2349635,"relics_obtained":[{"floor":6,"key":"Letter Opener"},{"floor":9,"key":"Bottled Tornado"},{"floor":13,"key":"Whetstone"},{"floor":24,"key":"Boot"}],"event_choices":[{"cards_removed":["Defend_R"],"damage_healed":0,"gold_gain":0,"player_choice":"Card Removal","damage_taken":0,"max_hp_gain":0,"max_hp_loss":0,"event_name":"The Cleric","floor":3,"gold_loss":75},{"cards_removed":["Strike_R"],"damage_healed":0,"gold_gain":0,"player_choice":"Forget","damage_taken":0,"max_hp_gain":0,"max_hp_loss":0,"event_name":"Living Wall","floor":4,"gold_loss":0},{"damage_healed":0,"gold_gain":0,"player_choice":"Ignored","damage_taken":0,"max_hp_gain":0,"max_hp_loss":0,"event_name":"Cursed Tome","floor":27,"gold_loss":0}],"is_beta":false,"boss_relics":[{"not_picked":["Ectoplasm","Runic Cube"],"picked":"Runic Pyramid"}],"items_purged_floors":[11],"is_endless":false,"potions_floor_spawned":[1,8,13,16,19,24],"killed_by":"Shelled Parasite and Fungi","ascension_level":20}