{"gold_per_floor":[114,114,129,143,159,189,208,242,242,317,334,77,108,135,135,135],"floor_reached":16,"playtime":447,"items_purged":["Normality"],"score":348,"play_id":"bdc0dab8-dd9d-4551-aee7-a36b08e0784e","local_time":"20230403171801","is_ascension_mode":true,"campfire_choices":[{"floor":15,"key":"REST"}],"neow_cost":"NONE","seed_source_timestamp":889655409481900,"circlet_count":0,"master_deck":["AscendersBane","Strike_R","Strike_R","Strike_R","Strike_R","Strike_R","Defend_R","Defend_R","Defend_R","Defend_R","Bash","Doubt","Blood for Blood","Pain","Metallicize","Fire Breathing","Blood for Blood","Fire Breathing","Evolve","Doubt","Seeing Red","HandOfGreed","Shrug It Off","Writhe","Corruption"],"relics":["Burning Blood","NeowsBlessing","NeowsBlessing","NeowsBlessing","NeowsBlessing","WarpedTongs","WarpedTongs","Letter Opener","White Beast Statue","White Beast Statue","White Beast Statue","Lantern","Lantern","Lantern","Lantern","Oddly Smooth Stone","Oddly Smooth Stone","Oddly Smooth Stone"],"potions_floor_usage":[11,11,14,16],"damage_taken":[{"damage":0,"enemies":"Jaw Worm","floor":1,"turns":1},{"damage":0,"enemies":"Cultist","floor":3,"turns":1},{"damage":0,"enemies":"Small Slimes","floor":4,"turns":1},{"damage":11,"enemies":"2 Fungi Beasts","floor":5,"turns":3},{"damage":8,"enemies":"3 Sentries","floor":6,"turns":5},{"damage":11,"enemies":"Blue Slaver","floor":7,"turns":3},{"damage":23,"enemies":"Lagavulin","floor":8,"turns":7},{"damage":0,"enemies":"Lots of Slimes","floor":11,"turns":4},{"damage":6,"enemies":"Gremlin Gang","floor":13,"turns":3},{"damage":35,"enemies":"Gremlin Nob","floor":14,"turns":4},{"damage":37,"enemies":"Hexaghost","floor":16,"turns":9}],"seed_played":"-717716049886968050","potions_obtained":[{"floor":4,"key":"Energy Potion"},{"floor":7,"key":"Fire Potion"},{"floor":11,"key":"BlessingOfTheForge"},{"floor":13,"key":"SmokeBomb"},{"floor":14,"key":"LiquidMemories"}],"is_trial":false,"path_per_floor":["M","?","M","M","M","E","M","E","T","?","M","$","M","E","R","B"],"character_chosen":"IRONCLAD","basemod:card_modifiers":[null,null,null,null,null,null,null,null,null,null,null,null,null,null,null,null,null,null,null,null,null,null,null,null,null],"items_purchased":["HandOfGreed"],"campfire_rested":1,"item_purchase_floors":[12],"current_hp_per_floor":[74,74,75,75,70,68,63,46,46,35,41,41,41,12,34,0],"gold":135,"neow_bonus":"THREE_ENEMY_KILL","is_prod":false,"is_daily":false,"chose_seed":false,"campfire_upgraded":0,"win_rate":0,"timestamp":1680535081,"path_taken":["M","?","?","M","M","E","M","E","T","?","M","$","M","E","R","BOSS"],"build_version":"2022-12-18","purchased_purges":1,"victory":false,"max_hp_per_floor":[75,75,75,75,75,75,75,75,75,75,75,75,75,75,75,75],"card_choices":[{"not_picked":["Iron Wave","Body Slam"],"picked":"Blood for Blood","floor":1},{"not_picked":["Entrench","Iron Wave"],"picked":"Metallicize","floor":3},{"not_picked":["Sword Boomerang","Armaments"],"picked":"Fire Breathing","floor":4},{"not_picked":["Pommel Strike","Flex"],"picked":"Blood for Blood","floor":5},{"not_picked":["Clothesline","Sever Soul"],"picked":"Fire Breathing","floor":6},{"not_picked":["Barricade","Inflame"],"picked":"Evolve","floor":7},{"not_picked":["Clothesline","True Grit"],"picked":"Seeing Red","floor":8},{"not_picked":["Thunderclap","Perfected Strike","Combust"],"picked":"SKIP","floor":11},{"not_picked":["Carnage","Infernal Blade"],"picked":"Shrug It Off","floor":13},{"not_picked":["Headbutt","Battle Trance"],"picked":"Corruption","floor":14}],"player_experience":2317053,"relics_obtained":[{"floor":6,"key":"Letter Opener"},{"floor":8,"key":"White Beast Statue"},{"floor":9,"key":"Lantern"},{"floor":14,"key":"Oddly Smooth Stone"}],"event_choices":[{"damage_healed":0,"gold_gain":0,"player_choice":"Rummage","damage_taken":0,"relics_obtained":["WarpedTongs"],"max_hp_gain":0,"max_hp_loss":0,"event_name":"Accursed Blacksmith","floor":2,"gold_loss":0,"cards_obtained":["Pain"]},{"damage_healed":0,"gold_gain":75,"player_choice":"Gather Gold","damage_taken":11,"max_hp_gain":0,"max_hp_loss":0,"event_name":"World of Goop","floor":10,"gold_loss":0}],"is_beta":false,"boss_relics":[],"items_purged_floors":[12],"is_endless":false,"potions_floor_spawned":[4,7,11,13,14],"killed_by":"Hexaghost","ascension_level":20}