{"gold_per_floor":[110,185,185,204,204,237,261,286,286,299,299,14,48,61,61,135,135,145,145,162,175,175,204,254,254,254,254,254,268,60,95,95,95],"floor_reached":33,"playtime":1030,"items_purged":[],"score":717,"play_id":"2416a2f6-8c73-41db-9d3c-e981e6691e2c","local_time":"20230406210152","is_ascension_mode":true,"campfire_choices":[{"floor":11,"key":"REST"},{"data":"Disarm","floor":15,"key":"SMITH"},{"data":"Juggernaut","floor":28,"key":"SMITH"},{"floor":32,"key":"REST"}],"neow_cost":"NONE","seed_source_timestamp":1161710759650100,"circlet_count":0,"master_deck":["AscendersBane","Strike_R","Strike_R+1","Strike_R","Strike_R+1","Strike_R","Defend_R","Defend_R","Defend_R","Defend_R","Bash","Pommel Strike","Seeing Red","Sword Boomerang","Feed","Juggernaut+1","Disarm+1","Offering","Exhume","CurseOfTheBell","Rage","Seeing Red","Apotheosis"],"relics":["Burning Blood","NeowsBlessing","Pear","Gremlin Horn","Odd Mushroom","Red Skull","Anchor","Shuriken","StrikeDummy","Calling Bell","Bag of Preparation","Meat on the Bone","Thread and Needle","Bottled Tornado","Ice Cream","Orichalcum"],"potions_floor_usage":[8,18,21,25,31,33],"damage_taken":[{"damage":0,"enemies":"Jaw Worm","floor":1,"turns":1},{"damage":0,"enemies":"Small Slimes","floor":4,"turns":1},{"damage":0,"enemies":"3 Sentries","floor":6,"turns":1},{"damage":21,"enemies":"The Mushroom Lair","floor":7,"turns":4},{"damage":8,"enemies":"Gremlin Nob","floor":8,"turns":3},{"damage":1,"enemies":"2 Louse","floor":10,"turns":3},{"damage":25,"enemies":"3 Sentries","floor":13,"turns":6},{"damage":0,"enemies":"2 Fungi Beasts","floor":14,"turns":2},{"damage":21,"enemies":"The Guardian","floor":16,"turns":9},{"damage":12,"enemies":"Chosen","floor":18,"turns":4},{"damage":8,"enemies":"Spheric Guardian","floor":20,"turns":3},{"damage":22,"enemies":"Cultist and Chosen","floor":21,"turns":6},{"damage":49,"enemies":"Book of Stabbing","floor":23,"turns":8},{"damage":0,"enemies":"Slavers","floor":25,"turns":1},{"damage":6,"enemies":"Centurion and Healer","floor":29,"turns":4},{"damage":34,"enemies":"Gremlin Leader","floor":31,"turns":6},{"damage":69,"enemies":"Collector","floor":33,"turns":8}],"seed_played":"6024391875878572402","potions_obtained":[{"floor":1,"key":"SmokeBomb"},{"floor":7,"key":"BlessingOfTheForge"},{"floor":13,"key":"BlessingOfTheForge"},{"floor":18,"key":"Block Potion"},{"floor":29,"key":"LiquidMemories"},{"floor":31,"key":"Dexterity Potion"}],"is_trial":false,"path_per_floor":["M","?","?","M","?","E","?","E","T","M","R","$","E","M","R","B",null,"M","?","M","M","?","E","?","E","T","?","R","M","$","E","R","B"],"character_chosen":"IRONCLAD","items_purchased":["Shuriken","Apotheosis"],"campfire_rested":2,"item_purchase_floors":[12,30],"current_hp_per_floor":[74,63,47,53,27,33,18,16,16,24,50,50,31,40,40,25,75,69,42,52,51,51,20,20,38,38,38,38,50,50,38,68,0],"gold":95,"neow_bonus":"THREE_ENEMY_KILL","is_prod":false,"is_daily":false,"chose_seed":false,"campfire_upgraded":2,"win_rate":0,"timestamp":1680807712,"path_taken":["M","?","?","M","?","E","?","E","T","M","R","$","E","M","R","BOSS","M","?","M","M","?","E","?","E","T","?","R","M","$","E","R","BOSS"],"build_version":"2022-12-18","purchased_purges":0,"victory":false,"max_hp_per_floor":[75,75,85,85,85,85,85,85,85,88,88,88,88,91,91,91,91,91,96,96,99,99,99,99,99,99,99,99,99,99,103,103,103],"card_choices":[{"not_picked":["Perfected Strike","Dropkick"],"picked":"Pommel Strike","floor":1},{"not_picked":["Clothesline","Reckless Charge"],"picked":"Seeing Red","floor":4},{"not_picked":["Second Wind","Twin Strike"],"picked":"Sword Boomerang","floor":6},{"not_picked":["Iron Wave","Armaments"],"picked":"Feed","floor":7},{"not_picked":["Headbutt","Thunderclap"],"picked":"Juggernaut","floor":8},{"not_picked":["Seeing Red","Whirlwind","Perfected Strike"],"picked":"SKIP","floor":10},{"not_picked":["Clothesline","Hemokinesis"],"picked":"Disarm","floor":13},{"not_picked":["True Grit","Cleave"],"picked":"Offering","floor":14},{"not_picked":["Brutality","Bludgeon"],"picked":"Exhume","floor":16},{"not_picked":["Headbutt","Whirlwind"],"picked":"Rage","floor":18},{"not_picked":["Rupture+1","Wild Strike","Heavy Blade+1"],"picked":"SKIP","floor":20},{"not_picked":["Armaments","Headbutt","Perfected Strike"],"picked":"SKIP","floor":21},{"not_picked":["Entrench","Double Tap","Twin Strike"],"picked":"SKIP","floor":23},{"not_picked":["Anger","Armaments","Perfected Strike"],"picked":"SKIP","floor":29},{"not_picked":["Inflame","Armaments","Dropkick"],"picked":"SKIP","floor":31}],"player_experience":2341425,"relics_obtained":[{"floor":6,"key":"Gremlin Horn"},{"floor":7,"key":"Odd Mushroom"},{"floor":8,"key":"Red Skull"},{"floor":9,"key":"Anchor"},{"floor":13,"key":"StrikeDummy"},{"floor":17,"key":"Bag of Preparation"},{"floor":17,"key":"Meat on the Bone"},{"floor":17,"key":"Thread and Needle"},{"floor":23,"key":"Bottled Tornado"},{"floor":26,"key":"Ice Cream"},{"floor":31,"key":"Orichalcum"}],"event_choices":[{"damage_healed":0,"gold_gain":75,"player_choice":"Gather Gold","damage_taken":11,"max_hp_gain":0,"max_hp_loss":0,"event_name":"World of Goop","floor":2,"gold_loss":0},{"damage_healed":0,"gold_gain":0,"player_choice":"Success","damage_taken":26,"relics_obtained":["Pear"],"max_hp_gain":0,"max_hp_loss":0,"event_name":"Scrap Ooze","floor":3,"gold_loss":0},{"damage_healed":0,"gold_gain":0,"player_choice":"Entered Light","damage_taken":26,"max_hp_gain":0,"max_hp_loss":0,"event_name":"Shining Light","floor":5,"gold_loss":0,"cards_upgraded":["Strike_R","Strike_R"]},{"damage_healed":0,"gold_gain":0,"player_choice":"Fought Mushrooms","damage_taken":0,"max_hp_gain":0,"max_hp_loss":0,"event_name":"Mushrooms","floor":7,"gold_loss":0},{"damage_healed":0,"gold_gain":0,"player_choice":"Shed Blood","damage_taken":32,"max_hp_gain":5,"max_hp_loss":0,"event_name":"Forgotten Altar","floor":19,"gold_loss":0},{"damage_healed":0,"gold_gain":0,"player_choice":"Ignored","damage_taken":0,"max_hp_gain":0,"max_hp_loss":0,"event_name":"The Mausoleum","floor":22,"gold_loss":0},{"damage_healed":0,"gold_gain":50,"player_choice":"Stole From Cult","damage_taken":0,"max_hp_gain":0,"max_hp_loss":0,"event_name":"Nest","floor":24,"gold_loss":0},{"damage_healed":0,"gold_gain":0,"player_choice":"Read","damage_taken":0,"max_hp_gain":0,"max_hp_loss":0,"event_name":"The Library","floor":27,"gold_loss":0,"cards_obtained":["Seeing Red"]}],"is_beta":false,"boss_relics":[{"not_picked":["Fusion Hammer","Mark of Pain"],"picked":"Calling Bell"}],"items_purged_floors":[],"is_endless":false,"potions_floor_spawned":[1,7,13,16,18,29,31],"killed_by":"Collector","ascension_level":20}