{"gold_per_floor":[116,59,73,89,89,114,114,143,221,221],"floor_reached":10,"playtime":279,"items_purged":[],"score":152,"play_id":"f2075c74-ff2a-446a-b2ea-caa71dbc09d8","local_time":"20230403170743","is_ascension_mode":true,"campfire_choices":[{"floor":7,"key":"REST"}],"neow_cost":"NONE","seed_source_timestamp":889203595062100,"circlet_count":0,"master_deck":["AscendersBane","Strike_R","Strike_R","Strike_R","Strike_R","Strike_R","Defend_R","Defend_R","Defend_R","Defend_R","Bash","Pommel Strike","Pommel Strike","Feel No Pain","Spot Weakness","Writhe","Decay","Warcry"],"relics":["Burning Blood","NeowsBlessing","NeowsBlessing","Gambling Chip","Gambling Chip","Gambling Chip","Juzu Bracelet","Juzu Bracelet","Juzu Bracelet","Juzu Bracelet","Paper Frog"],"potions_floor_usage":[6,8],"damage_taken":[{"damage":0,"enemies":"2 Louse","floor":1,"turns":1},{"damage":0,"enemies":"Small Slimes","floor":3,"turns":1},{"damage":0,"enemies":"Jaw Worm","floor":4,"turns":1},{"damage":38,"enemies":"Lagavulin","floor":6,"turns":7},{"damage":14,"enemies":"3 Sentries","floor":8,"turns":8},{"damage":26,"enemies":"Lagavulin","floor":10,"turns":4}],"seed_played":"-5326671402671376387","potions_obtained":[{"floor":3,"key":"ElixirPotion"},{"floor":6,"key":"Block Potion"}],"is_trial":false,"path_per_floor":["M","$","M","M","?","E","R","E","T","E"],"character_chosen":"IRONCLAD","basemod:card_modifiers":[null,null,null,null,null,null,null,null,null,null,null,null,null,null,null,null,null,null],"items_purchased":["Pommel Strike"],"campfire_rested":1,"item_purchase_floors":[2],"current_hp_per_floor":[74,74,75,75,40,8,30,22,22,0],"gold":221,"neow_bonus":"THREE_ENEMY_KILL","is_prod":false,"is_daily":false,"chose_seed":false,"campfire_upgraded":0,"win_rate":0,"timestamp":1680534463,"path_taken":["M","$","M","M","?","E","R","E","T","E"],"build_version":"2022-12-18","purchased_purges":0,"victory":false,"max_hp_per_floor":[75,75,75,75,75,75,75,75,75,75],"card_choices":[{"not_picked":["Blood for Blood","Havoc"],"picked":"Pommel Strike","floor":1},{"not_picked":["Clash","Battle Trance"],"picked":"Feel No Pain","floor":3},{"not_picked":["Rupture","Clash"],"picked":"Spot Weakness","floor":4},{"not_picked":["Warcry","Reckless Charge","Brutality"],"picked":"SKIP","floor":6},{"not_picked":["Brutality","Flex"],"picked":"Warcry","floor":8}],"player_experience":2316622,"relics_obtained":[{"floor":6,"key":"Juzu Bracelet"},{"floor":8,"key":"Paper Frog"}],"event_choices":[{"damage_healed":0,"gold_gain":0,"player_choice":"Success","damage_taken":35,"relics_obtained":["Gambling Chip"],"max_hp_gain":0,"max_hp_loss":0,"event_name":"Scrap Ooze","floor":5,"gold_loss":0}],"is_beta":false,"boss_relics":[],"items_purged_floors":[],"is_endless":false,"potions_floor_spawned":[3,6],"killed_by":"Lagavulin","ascension_level":20}