{"gold_per_floor":[14,289,309,320,245,276,276,276],"floor_reached":8,"playtime":395,"items_purged":[],"score":112,"play_id":"0dd36d76-37ff-4a60-a9b0-7825e62bd315","local_time":"20230405120111","is_ascension_mode":true,"campfire_choices":[{"data":"Fiend Fire","floor":7,"key":"SMITH"}],"neow_cost":"NO_GOLD","seed_source_timestamp":0,"circlet_count":0,"master_deck":["AscendersBane","Strike_R","Strike_R","Strike_R","Strike_R","Strike_R","Defend_R","Defend_R","Defend_R","Defend_R","Bash","Fiend Fire+1","Cleave","Intimidate","Metallicize","Metallicize"],"special_seed":0,"relics":["Burning Blood","Gambling Chip"],"potions_floor_usage":[6],"damage_taken":[{"damage":4,"enemies":"Jaw Worm","floor":1,"turns":4},{"damage":1,"enemies":"Cultist","floor":3,"turns":3},{"damage":10,"enemies":"Small Slimes","floor":4,"turns":4},{"damage":30,"enemies":"3 Sentries","floor":6,"turns":10},{"damage":50,"enemies":"Gremlin Nob","floor":8,"turns":4}],"seed_played":"-3574917714010209390","potions_obtained":[{"floor":4,"key":"DistilledChaos"}],"is_trial":false,"path_per_floor":["M","?","M","M","?","E","R","E"],"character_chosen":"IRONCLAD","items_purchased":[],"campfire_rested":0,"item_purchase_floors":[],"current_hp_per_floor":[70,70,75,71,71,47,47,0],"gold":276,"neow_bonus":"THREE_RARE_CARDS","is_prod":false,"is_daily":false,"chose_seed":false,"campfire_upgraded":1,"win_rate":0,"timestamp":1680688871,"path_taken":["M","?","?","M","?","E","R","E"],"build_version":"2022-12-18","purchased_purges":0,"victory":false,"max_hp_per_floor":[75,75,75,75,75,75,75,75],"card_choices":[{"not_picked":["Impervious","Berserk"],"picked":"Fiend Fire","floor":0},{"not_picked":["Second Wind","Flame Barrier"],"picked":"Cleave","floor":1},{"not_picked":["Sword Boomerang","Infernal Blade"],"picked":"Intimidate","floor":3},{"not_picked":["Havoc","Anger"],"picked":"Metallicize","floor":4},{"not_picked":["Combust","Bloodletting"],"picked":"Metallicize","floor":6}],"player_experience":2332740,"relics_obtained":[{"floor":6,"key":"Gambling Chip"}],"event_choices":[{"damage_healed":0,"gold_gain":275,"player_choice":"Desecrate","damage_taken":0,"max_hp_gain":0,"max_hp_loss":0,"event_name":"Golden Shrine","floor":2,"gold_loss":0,"cards_obtained":["Regret"]},{"cards_removed":["Regret"],"damage_healed":0,"gold_gain":0,"player_choice":"Card Removal","damage_taken":0,"max_hp_gain":0,"max_hp_loss":0,"event_name":"The Cleric","floor":5,"gold_loss":75}],"is_beta":false,"boss_relics":[],"items_purged_floors":[],"is_endless":false,"potions_floor_spawned":[4],"killed_by":"Gremlin Nob","ascension_level":20}