{"gold_per_floor":[119,135,154,171,171,206,206,241,268,309,340,381,393,416,428,513,525,549,573,565,72,72,72,100,100,126,140,140,157,189,189],"floor_reached":31,"playtime":1062,"items_purged":[],"score":610,"play_id":"fe3876b2-22f3-4ccc-b27d-7dea30d33de5","local_time":"20230406212009","is_ascension_mode":true,"campfire_choices":[{"floor":7,"key":"REST"},{"floor":15,"key":"REST"},{"floor":23,"key":"REST"},{"floor":25,"key":"REST"},{"floor":28,"key":"REST"}],"neow_cost":"NONE","seed_source_timestamp":1162775199341400,"circlet_count":0,"master_deck":["AscendersBane","Strike_R","Strike_R","Strike_R","Strike_R","Strike_R","Defend_R","Defend_R","Defend_R","Defend_R","Bash","Twin Strike","Spot Weakness","Inflame","Cleave","Pummel","Fiend Fire","Ghostly Armor","Demon Form","Feel No Pain","True Grit+1","Sword Boomerang","Feel No Pain","Whirlwind"],"relics":["Fusion Hammer","Ornamental Fan","Strawberry","MawBank","Oddly Smooth Stone","Paper Frog","SacredBark","Red Skull","Eternal Feather","Nunchaku","Pen Nib","Orichalcum"],"potions_floor_usage":[8,10,14,18,20,24,29,30],"damage_taken":[{"damage":0,"enemies":"Cultist","floor":1,"turns":3},{"damage":0,"enemies":"Small Slimes","floor":2,"turns":3},{"damage":2,"enemies":"2 Louse","floor":3,"turns":3},{"damage":11,"enemies":"2 Fungi Beasts","floor":4,"turns":4},{"damage":25,"enemies":"Lagavulin","floor":6,"turns":6},{"damage":15,"enemies":"3 Sentries","floor":8,"turns":6},{"damage":11,"enemies":"Lagavulin","floor":10,"turns":7},{"damage":7,"enemies":"Exordium Thugs","floor":11,"turns":3},{"damage":4,"enemies":"Gremlin Nob","floor":12,"turns":3},{"damage":0,"enemies":"3 Louse","floor":14,"turns":2},{"damage":41,"enemies":"Slime Boss","floor":16,"turns":9},{"damage":27,"enemies":"2 Thieves","floor":18,"turns":4},{"damage":34,"enemies":"Shell Parasite","floor":19,"turns":5},{"damage":29,"enemies":"Gremlin Leader","floor":24,"turns":5},{"damage":25,"enemies":"Sentry and Sphere","floor":27,"turns":7},{"damage":25,"enemies":"Cultist and Chosen","floor":29,"turns":7},{"damage":34,"enemies":"Slavers","floor":30,"turns":4},{"damage":18,"enemies":"Snake Plant","floor":31,"turns":1}],"seed_played":"7109300240775764519","potions_obtained":[{"floor":3,"key":"Dexterity Potion"},{"floor":4,"key":"ElixirPotion"},{"floor":8,"key":"SpeedPotion"},{"floor":10,"key":"BlessingOfTheForge"},{"floor":12,"key":"Strength Potion"},{"floor":14,"key":"GamblersBrew"},{"floor":18,"key":"ElixirPotion"},{"floor":20,"key":"Fruit Juice"},{"floor":24,"key":"Explosive Potion"},{"floor":27,"key":"SteroidPotion"}],"is_trial":false,"path_per_floor":["M","M","M","M","?","E","R","E","T","E","M","E","?","M","R","B",null,"M","M","?","$","?","R","E","R","T","M","R","M","E","M"],"character_chosen":"IRONCLAD","items_purchased":["Red Skull","Eternal Feather","Feel No Pain"],"campfire_rested":5,"item_purchase_floors":[21,21,21],"current_hp_per_floor":[68,68,66,55,55,30,52,44,44,33,26,22,22,22,46,5,63,36,2,12,12,12,51,22,61,61,36,75,50,16,0],"gold":189,"neow_bonus":"BOSS_RELIC","is_prod":false,"is_daily":false,"chose_seed":false,"campfire_upgraded":0,"win_rate":0,"timestamp":1680808809,"path_taken":["M","?","M","M","?","E","R","E","T","E","M","E","?","M","R","BOSS","M","M","?","?","?","R","E","R","T","?","R","M","E","M"],"build_version":"2022-12-18","purchased_purges":0,"victory":false,"max_hp_per_floor":[75,75,75,75,75,75,75,82,82,82,82,82,82,82,82,82,82,82,82,92,92,92,92,92,92,92,92,92,92,92,92],"card_choices":[{"not_picked":["Iron Wave","Body Slam"],"picked":"Twin Strike","floor":1},{"not_picked":["Seeing Red","Cleave"],"picked":"Spot Weakness","floor":2},{"not_picked":["Perfected Strike","Battle Trance"],"picked":"Inflame","floor":3},{"not_picked":["Dual Wield","Hemokinesis"],"picked":"Cleave","floor":4},{"not_picked":["Wild Strike","Infernal Blade","Entrench"],"picked":"SKIP","floor":6},{"not_picked":["Anger","Evolve"],"picked":"Pummel","floor":8},{"not_picked":["Havoc","Flex"],"picked":"Fiend Fire","floor":10},{"not_picked":["Blood for Blood","Combust","Havoc"],"picked":"SKIP","floor":11},{"not_picked":["Entrench","Clash","Body Slam"],"picked":"SKIP","floor":12},{"not_picked":["Twin Strike","Reckless Charge"],"picked":"Ghostly Armor","floor":14},{"not_picked":["Juggernaut","Fiend Fire"],"picked":"Demon Form","floor":16},{"not_picked":["Warcry","Carnage","Dark Embrace"],"picked":"SKIP","floor":18},{"not_picked":["Cleave","Dropkick","Anger"],"picked":"SKIP","floor":19},{"not_picked":["Clash","Flex"],"picked":"True Grit+1","floor":24},{"not_picked":["Perfected Strike","Iron Wave"],"picked":"Sword Boomerang","floor":27},{"not_picked":["Body Slam","Sword Boomerang"],"picked":"Feel No Pain","floor":29},{"not_picked":["Sword Boomerang","Searing Blow"],"picked":"Whirlwind","floor":30}],"player_experience":2342455,"relics_obtained":[{"floor":6,"key":"Ornamental Fan"},{"floor":8,"key":"Strawberry"},{"floor":9,"key":"MawBank"},{"floor":10,"key":"Oddly Smooth Stone"},{"floor":12,"key":"Paper Frog"},{"floor":24,"key":"Nunchaku"},{"floor":26,"key":"Pen Nib"},{"floor":30,"key":"Orichalcum"}],"event_choices":[{"damage_healed":0,"gold_gain":0,"player_choice":"Ignored","damage_taken":0,"max_hp_gain":0,"max_hp_loss":0,"event_name":"Liars Game","floor":5,"gold_loss":0},{"damage_healed":0,"gold_gain":0,"player_choice":"Ignored","damage_taken":0,"max_hp_gain":0,"max_hp_loss":0,"event_name":"Shining Light","floor":13,"gold_loss":0},{"damage_healed":0,"gold_gain":0,"player_choice":"Bought 1 Potion","damage_taken":0,"max_hp_gain":0,"max_hp_loss":0,"event_name":"The Woman in Blue","floor":20,"gold_loss":0},{"damage_healed":0,"gold_gain":0,"player_choice":"Ignored","damage_taken":0,"max_hp_gain":0,"max_hp_loss":0,"event_name":"Cursed Tome","floor":22,"gold_loss":0}],"is_beta":false,"boss_relics":[{"not_picked":["Empty Cage","Coffee Dripper"],"picked":"SacredBark"}],"items_purged_floors":[],"is_endless":false,"potions_floor_spawned":[3,4,8,10,12,14,18,24,27],"killed_by":"Snake Plant","ascension_level":20}