{"gold_per_floor":[14,14,14,28,28,28,54,54,109,123,148,148,148,168,168,261,261,279,279,297,297,134,134,147,188,270,293,418,418,462,481,481,570,570,589,647,245,265,598,598,611,611,611,611],"floor_reached":44,"playtime":4441,"items_purged":["Defend_R"],"score":988,"play_id":"d6426bc8-a017-490b-a006-711a3dfb3ac5","local_time":"20230329220549","is_ascension_mode":true,"campfire_choices":[{"data":"Searing Blow+2","floor":6,"key":"SMITH"},{"data":"Searing Blow+3","floor":8,"key":"SMITH"},{"data":"Searing Blow+4","floor":13,"key":"SMITH"},{"data":"Searing Blow+5","floor":15,"key":"SMITH"},{"data":"Searing Blow+7","floor":23,"key":"SMITH"},{"data":"Searing Blow+8","floor":29,"key":"SMITH"},{"data":"Searing Blow+9","floor":32,"key":"SMITH"},{"data":"Searing Blow+10","floor":40,"key":"SMITH"},{"data":"Searing Blow+11","floor":42,"key":"SMITH"}],"neow_cost":"NO_GOLD","seed_source_timestamp":470929227533400,"circlet_count":0,"master_deck":["AscendersBane","Defend_R","Defend_R","Defend_R","Bash+1","Immolate","Searing Blow+12","Burning Pact","Pommel Strike","Sentinel","Feed","CurseOfTheBell","Rage","Bite","Bite","Bite","Bite","Bite","Shrug It Off","Sentinel","Disarm","Shockwave+1","Seeing Red","Rupture","Impervious","True Grit","Fiend Fire"],"relics":["Burning Blood","Blue Candle","Odd Mushroom","Calling Bell","Potion Belt","Question Card","CaptainsWheel","Orrery","Bronze Scales","Self Forming Clay","Dead Branch","Sundial","Ancient Tea Set","Coffee Dripper","Magic Flower","Pen Nib","TheAbacus","Gremlin Horn"],"potions_floor_usage":[7,18,25,25,36,41,44],"damage_taken":[{"damage":0,"enemies":"Small Slimes","floor":1,"turns":2},{"damage":7,"enemies":"Jaw Worm","floor":4,"turns":2},{"damage":6,"enemies":"Gremlin Nob","floor":7,"turns":3},{"damage":12,"enemies":"2 Louse","floor":10,"turns":3},{"damage":8,"enemies":"The Mushroom Lair","floor":11,"turns":3},{"damage":7,"enemies":"2 Fungi Beasts","floor":14,"turns":2},{"damage":30,"enemies":"Slime Boss","floor":16,"turns":5},{"damage":29,"enemies":"3 Byrds","floor":18,"turns":5},{"damage":2,"enemies":"Spheric Guardian","floor":20,"turns":4},{"damage":0,"enemies":"Shelled Parasite and Fungi","floor":24,"turns":2},{"damage":1,"enemies":"Book of Stabbing","floor":25,"turns":4},{"damage":1,"enemies":"Sentry and Sphere","floor":27,"turns":4},{"damage":11,"enemies":"Colosseum Slavers","floor":28,"turns":4},{"damage":3,"enemies":"Colosseum Nobs","floor":28,"turns":7},{"damage":36,"enemies":"Gremlin Leader","floor":30,"turns":6},{"damage":0,"enemies":"Snecko","floor":31,"turns":2},{"damage":44,"enemies":"Collector","floor":33,"turns":6},{"damage":6,"enemies":"3 Shapes","floor":35,"turns":7},{"damage":18,"enemies":"2 Orb Walkers","floor":36,"turns":4},{"damage":16,"enemies":"3 Darklings","floor":38,"turns":4},{"damage":23,"enemies":"4 Shapes","floor":41,"turns":6},{"damage":110,"enemies":"Giant Head","floor":44,"turns":7}],"seed_played":"-7873437671902973136","potions_obtained":[{"floor":1,"key":"SneckoOil"},{"floor":7,"key":"Dexterity Potion"},{"floor":16,"key":"Regen Potion"},{"floor":18,"key":"Energy Potion"},{"floor":20,"key":"BlessingOfTheForge"},{"floor":25,"key":"Ancient Potion"},{"floor":30,"key":"DuplicationPotion"},{"floor":33,"key":"AttackPotion"},{"floor":38,"key":"BlessingOfTheForge"}],"is_trial":false,"path_per_floor":["M","?","?","M","?","R","E","R","T","M","?","?","R","M","R","B",null,"M","?","M","?","$","R","M","E","T","M","?","R","E","M","R","B",null,"M","?","$","M","?","R","M","R","T","E"],"character_chosen":"IRONCLAD","items_purchased":["Orrery","Pen Nib","TheAbacus"],"campfire_rested":0,"item_purchase_floors":[22,37,37],"current_hp_per_floor":[74,74,51,50,43,43,43,43,43,37,35,35,35,34,34,10,54,48,48,52,52,52,52,55,58,58,61,64,64,44,52,52,18,55,60,58,58,63,63,63,66,66,66,0],"gold":611,"neow_bonus":"THREE_RARE_CARDS","is_prod":false,"is_daily":false,"chose_seed":false,"campfire_upgraded":9,"win_rate":0,"timestamp":1680120349,"path_taken":["M","?","?","?","?","R","E","R","T","M","?","?","R","M","R","BOSS","M","?","M","?","$","R","M","E","T","?","?","R","E","M","R","BOSS","M","?","$","M","?","R","M","R","T","E"],"build_version":"2022-12-18","purchased_purges":1,"victory":false,"max_hp_per_floor":[75,75,75,75,75,75,75,75,75,75,75,68,68,68,68,68,68,71,49,52,52,52,52,55,58,58,61,64,64,67,67,67,67,67,70,70,70,70,70,70,73,73,73,73],"card_choices":[{"not_picked":["Impervious","Reaper"],"picked":"Immolate","floor":0},{"not_picked":["Hemokinesis","Ghostly Armor"],"picked":"Searing Blow","floor":1},{"not_picked":["Wild Strike","Thunderclap","Heavy Blade"],"picked":"SKIP","floor":4},{"not_picked":["Blood for Blood","Exhume"],"picked":"Burning Pact","floor":7},{"not_picked":["Whirlwind","Clothesline"],"picked":"Pommel Strike","floor":10},{"not_picked":["Thunderclap","Flex"],"picked":"Sentinel","floor":11},{"not_picked":["Havoc","Iron Wave","Wild Strike"],"picked":"SKIP","floor":14},{"not_picked":["Barricade","Impervious"],"picked":"Feed","floor":16},{"not_picked":["Pommel Strike","Clothesline","Iron Wave"],"picked":"Rage","floor":18},{"not_picked":["Searing Blow+1","Rage","Dropkick"],"picked":"Shrug It Off","floor":20},{"not_picked":["Disarm","Pummel","Fire Breathing"],"picked":"Sentinel","floor":22},{"not_picked":["Limit Break","Spot Weakness","Anger"],"picked":"Disarm","floor":22},{"not_picked":["Thunderclap","Clothesline","Body Slam"],"picked":"Shockwave+1","floor":22},{"not_picked":["Searing Blow","Heavy Blade","Shrug It Off"],"picked":"Seeing Red","floor":24},{"not_picked":["Iron Wave","Battle Trance","Combust+1"],"picked":"Rupture","floor":25},{"not_picked":["Pummel","Clothesline","Sword Boomerang","Fiend Fire"],"picked":"SKIP","floor":27},{"not_picked":["Thunderclap","Rampage","Body Slam"],"picked":"Impervious","floor":30},{"not_picked":["Fire Breathing","Shrug It Off","Warcry"],"picked":"True Grit","floor":31},{"not_picked":["Feed","Impervious","Offering"],"picked":"Fiend Fire","floor":33},{"not_picked":["Twin Strike+1","Thunderclap","Sword Boomerang","Anger"],"picked":"SKIP","floor":35},{"not_picked":["True Grit","Pommel Strike","Flex+1","Heavy Blade"],"picked":"SKIP","floor":38},{"not_picked":["Metallicize+1","Warcry","Twin Strike","Inflame"],"picked":"SKIP","floor":41}],"player_experience":2299830,"relics_obtained":[{"floor":7,"key":"Blue Candle"},{"floor":11,"key":"Odd Mushroom"},{"floor":17,"key":"Potion Belt"},{"floor":17,"key":"Question Card"},{"floor":17,"key":"CaptainsWheel"},{"floor":25,"key":"Bronze Scales"},{"floor":26,"key":"Self Forming Clay"},{"floor":28,"key":"Dead Branch"},{"floor":28,"key":"Sundial"},{"floor":30,"key":"Ancient Tea Set"},{"floor":36,"key":"Magic Flower"},{"floor":43,"key":"Gremlin Horn"}],"event_choices":[{"damage_healed":0,"gold_gain":0,"player_choice":"Grow","damage_taken":0,"max_hp_gain":0,"max_hp_loss":0,"event_name":"Living Wall","floor":2,"gold_loss":0,"cards_upgraded":["Searing Blow"]},{"damage_healed":0,"gold_gain":0,"player_choice":"Entered Light","damage_taken":23,"max_hp_gain":0,"max_hp_loss":0,"event_name":"Shining Light","floor":3,"gold_loss":0,"cards_upgraded":["Bash","Searing Blow"]},{"cards_removed":["Strike_R"],"damage_healed":0,"gold_gain":0,"player_choice":"Card Removal","damage_taken":7,"max_hp_gain":0,"max_hp_loss":0,"event_name":"Golden Wing","floor":5,"gold_loss":0},{"damage_healed":0,"gold_gain":0,"player_choice":"Fought Mushrooms","damage_taken":0,"max_hp_gain":0,"max_hp_loss":0,"event_name":"Mushrooms","floor":11,"gold_loss":0},{"damage_healed":0,"gold_gain":0,"player_choice":"Lose Max HP","damage_taken":0,"relics_obtained":["Golden Idol"],"max_hp_gain":0,"max_hp_loss":7,"event_name":"Golden Idol","floor":12,"gold_loss":0},{"damage_healed":0,"gold_gain":0,"player_choice":"Became a vampire","damage_taken":0,"max_hp_gain":0,"max_hp_loss":22,"event_name":"Vampires","floor":19,"gold_loss":0,"cards_obtained":["Bite","Bite","Bite","Bite","Bite"]},{"damage_healed":0,"gold_gain":0,"player_choice":"Forge","damage_taken":0,"max_hp_gain":0,"max_hp_loss":0,"event_name":"Accursed Blacksmith","floor":21,"gold_loss":0,"cards_upgraded":["Searing Blow"]},{"damage_healed":0,"gold_gain":0,"player_choice":"Fight","damage_taken":0,"max_hp_gain":0,"max_hp_loss":0,"event_name":"Colosseum","floor":28,"gold_loss":0},{"damage_healed":0,"gold_gain":0,"player_choice":"Fought Nobs","damage_taken":0,"max_hp_gain":0,"max_hp_loss":0,"event_name":"Colosseum","floor":28,"gold_loss":0},{"damage_healed":0,"gold_gain":0,"player_choice":"Fight","damage_taken":0,"max_hp_gain":0,"max_hp_loss":0,"event_name":"Mysterious Sphere","floor":36,"gold_loss":0},{"damage_healed":0,"gold_gain":333,"player_choice":"Gave Idol","damage_taken":0,"max_hp_gain":0,"max_hp_loss":0,"event_name":"The Moai Head","floor":39,"relics_lost":["Golden Idol"],"gold_loss":0}],"is_beta":false,"boss_relics":[{"not_picked":["SacredBark","Busted Crown"],"picked":"Calling Bell"},{"not_picked":["Cursed Key","Fusion Hammer"],"picked":"Coffee Dripper"}],"items_purged_floors":[37],"is_endless":false,"potions_floor_spawned":[1,7,16,18,20,25,30,33,35,38],"killed_by":"Giant Head","ascension_level":20}