{"gold_per_floor":[16,34,46,46,57,57,83,8,8,18,35,47,47,82,82,155,155,172,182,213,213,236,236],"floor_reached":23,"playtime":1056,"items_purged":["Strike_R"],"score":456,"play_id":"74b307e2-9b36-457b-bd41-37991cba6b3c","local_time":"20230406170942","is_ascension_mode":true,"campfire_choices":[{"data":"Armaments","floor":6,"key":"SMITH"},{"data":"Berserk","floor":13,"key":"SMITH"},{"data":"Disarm","floor":15,"key":"SMITH"}],"neow_cost":"NO_GOLD","seed_source_timestamp":1147754367824900,"circlet_count":0,"master_deck":["AscendersBane","Strike_R","Strike_R","Strike_R","Defend_R","Defend_R","Defend_R","Defend_R","Bash","Immolate","Iron Wave","Berserk+1","Disarm+1","Limit Break","Armaments+1","Double Tap","Anger","Seeing Red","Dropkick","Feed","Shrug It Off","Dropkick+1","Ghostly","Ghostly","Ghostly"],"relics":["Burning Blood","Du-Vu Doll","Ornamental Fan","Gremlin Horn","Runic Cube","Red Mask","Toy Ornithopter"],"potions_floor_usage":[5,7,19,20],"damage_taken":[{"damage":16,"enemies":"Jaw Worm","floor":1,"turns":4},{"damage":1,"enemies":"Cultist","floor":2,"turns":3},{"damage":0,"enemies":"2 Louse","floor":3,"turns":1},{"damage":3,"enemies":"Blue Slaver","floor":5,"turns":3},{"damage":22,"enemies":"Gremlin Nob","floor":7,"turns":4},{"damage":1,"enemies":"Looter","floor":10,"turns":2},{"damage":11,"enemies":"3 Louse","floor":11,"turns":3},{"damage":8,"enemies":"Large Slime","floor":12,"turns":4},{"damage":0,"enemies":"3 Sentries","floor":14,"turns":2},{"damage":41,"enemies":"Hexaghost","floor":16,"turns":9},{"damage":34,"enemies":"Chosen","floor":18,"turns":6},{"damage":36,"enemies":"Shell Parasite","floor":19,"turns":6},{"damage":0,"enemies":"Masked Bandits","floor":20,"turns":1},{"damage":41,"enemies":"Gremlin Leader","floor":23,"turns":7}],"seed_played":"-4675926430955089813","potions_obtained":[{"floor":3,"key":"Explosive Potion"},{"floor":5,"key":"DuplicationPotion"},{"floor":7,"key":"FairyPotion"},{"floor":14,"key":"Ancient Potion"},{"floor":19,"key":"LiquidMemories"}],"is_trial":false,"path_per_floor":["M","M","M","?","M","R","E","$","T","M","M","M","R","E","R","B",null,"M","M","?","?","T","E"],"character_chosen":"IRONCLAD","items_purchased":[],"campfire_rested":0,"item_purchase_floors":[],"current_hp_per_floor":[58,63,69,69,72,72,56,56,56,61,56,54,54,60,60,25,63,38,8,14,14,14,0],"gold":236,"neow_bonus":"THREE_RARE_CARDS","is_prod":false,"is_daily":false,"chose_seed":false,"campfire_upgraded":3,"win_rate":0,"timestamp":1680793782,"path_taken":["M","M","M","?","M","R","E","?","T","M","?","M","R","E","R","BOSS","M","M","?","?","?","E"],"build_version":"2022-12-18","purchased_purges":1,"victory":false,"max_hp_per_floor":[75,75,75,75,75,75,75,75,75,75,75,75,75,75,75,75,75,78,78,78,39,39,39],"card_choices":[{"not_picked":["Double Tap","Berserk"],"picked":"Immolate","floor":0},{"not_picked":["Body Slam","Flex"],"picked":"Iron Wave","floor":1},{"not_picked":["Heavy Blade","Battle Trance"],"picked":"Berserk","floor":2},{"not_picked":["Uppercut","Spot Weakness"],"picked":"Disarm","floor":3},{"not_picked":["Warcry","Heavy Blade"],"picked":"Armaments","floor":5},{"not_picked":["Power Through","Havoc"],"picked":"Double Tap","floor":7},{"not_picked":["Pommel Strike","Armaments"],"picked":"Anger","floor":10},{"not_picked":["Bloodletting","Infernal Blade"],"picked":"Seeing Red","floor":11},{"not_picked":["Cleave","Armaments"],"picked":"Dropkick","floor":12},{"not_picked":["Perfected Strike","Heavy Blade","Armaments"],"picked":"SKIP","floor":14},{"not_picked":["Exhume","Immolate"],"picked":"Feed","floor":16},{"not_picked":["Sentinel","Havoc"],"picked":"Shrug It Off","floor":18},{"not_picked":["Sword Boomerang","Perfected Strike+1","Entrench"],"picked":"SKIP","floor":19},{"not_picked":["Feel No Pain","Anger"],"picked":"Dropkick+1","floor":20}],"player_experience":2337298,"relics_obtained":[{"floor":7,"key":"Du-Vu Doll"},{"floor":9,"key":"Ornamental Fan"},{"floor":14,"key":"Gremlin Horn"},{"floor":20,"key":"Red Mask"},{"floor":22,"key":"Toy Ornithopter"}],"event_choices":[{"damage_healed":0,"gold_gain":0,"cards_transformed":["Strike_R"],"player_choice":"Transformed","damage_taken":0,"max_hp_gain":0,"max_hp_loss":0,"event_name":"Transmorgrifier","floor":4,"gold_loss":0,"cards_obtained":["Limit Break"]},{"damage_healed":0,"gold_gain":0,"player_choice":"Fought Bandits","damage_taken":0,"max_hp_gain":0,"max_hp_loss":0,"event_name":"Masked Bandits","floor":20,"gold_loss":0},{"damage_healed":0,"gold_gain":0,"player_choice":"Became a Ghost","damage_taken":0,"max_hp_gain":0,"max_hp_loss":39,"event_name":"Ghosts","floor":21,"gold_loss":0,"cards_obtained":["Ghostly","Ghostly","Ghostly"]}],"is_beta":false,"boss_relics":[{"not_picked":["Philosopher\u0027s Stone","Ectoplasm"],"picked":"Runic Cube"}],"items_purged_floors":[8],"is_endless":false,"potions_floor_spawned":[3,5,7,14,18,19],"killed_by":"Gremlin Leader","ascension_level":20}