{"gold_per_floor":[111,111,111,111,135,135,135,168,168,168,192,21,21],"floor_reached":13,"playtime":250,"items_purged":[],"score":162,"play_id":"55c1824e-864b-4f46-9895-5d3dcfa48ac0","local_time":"20230408123835","is_ascension_mode":true,"campfire_choices":[{"data":"Panache","floor":6,"key":"SMITH"}],"neow_cost":"PERCENT_DAMAGE","seed_source_timestamp":1305096917486600,"circlet_count":0,"master_deck":["AscendersBane","Strike_R","Strike_R","Strike_R","Strike_R","Defend_R","Defend_R","Defend_R","Defend_R","Bash","Panache+1","Infernal Blade","Dark Embrace","Disarm","Infernal Blade"],"relics":["Burning Blood","Golden Idol","Centennial Puzzle","Bird Faced Urn","OrangePellets"],"potions_floor_usage":[8,13],"damage_taken":[{"damage":2,"enemies":"Jaw Worm","floor":1,"turns":5},{"damage":4,"enemies":"2 Louse","floor":5,"turns":3},{"damage":25,"enemies":"3 Sentries","floor":8,"turns":5},{"damage":2,"enemies":"Small Slimes","floor":11,"turns":2},{"damage":31,"enemies":"Gremlin Nob","floor":13,"turns":3}],"seed_played":"6912913046796833080","potions_obtained":[{"floor":5,"key":"PowerPotion"},{"floor":11,"key":"SteroidPotion"}],"is_trial":false,"path_per_floor":["M","?","?","?","M","R","?","E","T","?","M","$","E"],"character_chosen":"IRONCLAD","items_purchased":["OrangePellets"],"campfire_rested":0,"item_purchase_floors":[12],"current_hp_per_floor":[54,59,52,24,26,26,26,7,7,7,13,13,0],"gold":21,"neow_bonus":"RANDOM_COLORLESS_2","is_prod":false,"is_daily":false,"chose_seed":false,"campfire_upgraded":1,"win_rate":0,"timestamp":1680950315,"path_taken":["M","?","?","?","M","R","?","E","T","?","?","$","E"],"build_version":"2022-12-18","purchased_purges":0,"victory":false,"max_hp_per_floor":[75,80,80,80,80,80,80,80,80,80,80,80,80],"card_choices":[{"not_picked":["Violence","Metamorphosis"],"picked":"Panache","floor":0},{"not_picked":["Rupture","Carnage"],"picked":"Infernal Blade","floor":1},{"not_picked":["Headbutt","Sword Boomerang"],"picked":"Dark Embrace","floor":5},{"not_picked":["Body Slam","Pommel Strike"],"picked":"Disarm","floor":8},{"not_picked":["Second Wind","Wild Strike"],"picked":"Infernal Blade","floor":11}],"player_experience":2350269,"relics_obtained":[{"floor":8,"key":"Centennial Puzzle"},{"floor":9,"key":"Bird Faced Urn"}],"event_choices":[{"damage_healed":0,"gold_gain":0,"player_choice":"Donut","damage_taken":0,"max_hp_gain":5,"max_hp_loss":0,"event_name":"Big Fish","floor":2,"gold_loss":0},{"cards_removed":["Strike_R"],"damage_healed":0,"gold_gain":0,"player_choice":"Card Removal","damage_taken":7,"max_hp_gain":0,"max_hp_loss":0,"event_name":"Golden Wing","floor":3,"gold_loss":0},{"damage_healed":0,"gold_gain":0,"player_choice":"Take Damage","damage_taken":28,"relics_obtained":["Golden Idol"],"max_hp_gain":0,"max_hp_loss":0,"event_name":"Golden Idol","floor":4,"gold_loss":0},{"damage_healed":0,"gold_gain":0,"player_choice":"Ignored","damage_taken":0,"max_hp_gain":0,"max_hp_loss":0,"event_name":"Liars Game","floor":7,"gold_loss":0},{"damage_healed":0,"gold_gain":0,"player_choice":"Fled","damage_taken":0,"max_hp_gain":0,"max_hp_loss":0,"event_name":"Scrap Ooze","floor":10,"gold_loss":0}],"is_beta":false,"boss_relics":[],"items_purged_floors":[],"is_endless":false,"potions_floor_spawned":[5,11],"killed_by":"Gremlin Nob","ascension_level":20}