{"gold_per_floor":[109,120,140,140,152,152,180,198,224,224],"floor_reached":10,"playtime":297,"items_purged":[],"score":165,"play_id":"fa5c39bd-2578-45f9-bf32-ed483e764a2d","local_time":"20230403170250","is_ascension_mode":true,"campfire_choices":[{"data":"Carnage","floor":6,"key":"SMITH"}],"neow_cost":"NONE","seed_source_timestamp":888894348629200,"circlet_count":0,"master_deck":["AscendersBane","Strike_R","Strike_R","Strike_R","Strike_R","Strike_R","Defend_R","Defend_R","Defend_R","Defend_R","Bash","Pommel Strike","Carnage+1","True Grit","Burning Pact","Fiend Fire","Seeing Red"],"relics":["Burning Blood","The Courier","The Courier","Pear","Pear","Centennial Puzzle"],"potions_floor_usage":[8,10],"damage_taken":[{"damage":2,"enemies":"Cultist","floor":1,"turns":4},{"damage":2,"enemies":"2 Louse","floor":2,"turns":3},{"damage":14,"enemies":"Small Slimes","floor":3,"turns":3},{"damage":11,"enemies":"Looter","floor":5,"turns":3},{"damage":32,"enemies":"Gremlin Nob","floor":7,"turns":4},{"damage":67,"enemies":"Gremlin Gang","floor":8,"turns":6},{"damage":23,"enemies":"Lagavulin","floor":10,"turns":4}],"seed_played":"2473626908245140219","potions_obtained":[{"floor":1,"key":"BloodPotion"},{"floor":8,"key":"Block Potion"}],"is_trial":false,"path_per_floor":["M","M","M","T","M","R","E","M","T","E"],"character_chosen":"IRONCLAD","basemod:card_modifiers":[null,null,null,null,null,null,null,null,null,null,null,null,null,null,null,null,null],"items_purchased":[],"campfire_rested":0,"item_purchase_floors":[],"current_hp_per_floor":[79,82,74,74,69,69,63,22,22,0],"gold":224,"neow_bonus":"TEN_PERCENT_HP_BONUS","is_prod":false,"is_daily":false,"chose_seed":false,"campfire_upgraded":1,"win_rate":0,"timestamp":1680534170,"path_taken":["M","?","M","?","M","R","E","M","T","E"],"build_version":"2022-12-18","purchased_purges":0,"victory":false,"max_hp_per_floor":[82,82,82,82,82,82,102,102,102,102],"card_choices":[{"not_picked":["Disarm","Twin Strike"],"picked":"Pommel Strike","floor":1},{"not_picked":["Sever Soul","Warcry"],"picked":"Carnage","floor":2},{"not_picked":["Wild Strike","Entrench"],"picked":"True Grit","floor":3},{"not_picked":["Wild Strike","Disarm"],"picked":"Burning Pact","floor":5},{"not_picked":["Dual Wield","Pommel Strike"],"picked":"Fiend Fire","floor":7},{"not_picked":["Whirlwind","Sword Boomerang"],"picked":"Seeing Red","floor":8}],"player_experience":2316325,"relics_obtained":[{"floor":4,"key":"The Courier"},{"floor":7,"key":"Pear"},{"floor":9,"key":"Centennial Puzzle"}],"event_choices":[],"is_beta":false,"boss_relics":[],"items_purged_floors":[],"is_endless":false,"potions_floor_spawned":[1,8],"killed_by":"Lagavulin","ascension_level":20}