{"gold_per_floor":[10,10,10,27,27,58,58,68,68,97,97],"floor_reached":11,"playtime":340,"items_purged":[],"score":162,"play_id":"6625b99e-acb1-465f-b22f-54a16ed51932","local_time":"20230407002025","is_ascension_mode":true,"campfire_choices":[{"data":"Armaments","floor":7,"key":"SMITH"}],"neow_cost":"NO_GOLD","seed_source_timestamp":1174313849134500,"circlet_count":0,"master_deck":["AscendersBane","Strike_R","Strike_R","Strike_R","Strike_R","Defend_R","Defend_R","Defend_R","Defend_R","Bash","Magnetism","Twin Strike","Shrug It Off","Demon Form","Armaments+1","Dark Embrace","Limit Break"],"relics":["Burning Blood","Eternal Feather","Paper Frog","Shuriken"],"potions_floor_usage":[6,11],"damage_taken":[{"damage":2,"enemies":"Cultist","floor":1,"turns":4},{"damage":18,"enemies":"Jaw Worm","floor":4,"turns":6},{"damage":8,"enemies":"Lagavulin","floor":6,"turns":9},{"damage":9,"enemies":"2 Louse","floor":8,"turns":3},{"damage":62,"enemies":"3 Sentries","floor":10,"turns":8},{"damage":13,"enemies":"Exordium Thugs","floor":11,"turns":2}],"seed_played":"2683448086836425829","potions_obtained":[{"floor":1,"key":"SneckoOil"},{"floor":4,"key":"FearPotion"},{"floor":8,"key":"ElixirPotion"}],"is_trial":false,"path_per_floor":["M","$","?","M","?","E","R","M","T","E","M"],"character_chosen":"IRONCLAD","items_purchased":[],"campfire_rested":0,"item_purchase_floors":[],"current_hp_per_floor":[72,72,77,65,65,63,72,69,69,13,0],"gold":97,"neow_bonus":"RANDOM_COLORLESS_2","is_prod":false,"is_daily":false,"chose_seed":false,"campfire_upgraded":1,"win_rate":0,"timestamp":1680819625,"path_taken":["M","?","?","M","?","E","R","?","T","E","M"],"build_version":"2022-12-18","purchased_purges":0,"victory":false,"max_hp_per_floor":[75,75,80,80,80,80,80,80,80,80,80],"card_choices":[{"not_picked":["Chrysalis","Violence"],"picked":"Magnetism","floor":0},{"not_picked":["Intimidate","Havoc"],"picked":"Twin Strike","floor":1},{"not_picked":["Reckless Charge","Rampage"],"picked":"Shrug It Off","floor":4},{"not_picked":["Wild Strike","Spot Weakness"],"picked":"Armaments","floor":6},{"not_picked":["Body Slam","Combust"],"picked":"Dark Embrace","floor":8},{"not_picked":["Clothesline","Battle Trance"],"picked":"Limit Break","floor":10}],"player_experience":2343782,"relics_obtained":[{"floor":6,"key":"Eternal Feather"},{"floor":9,"key":"Paper Frog"},{"floor":10,"key":"Shuriken"}],"event_choices":[{"damage_healed":0,"gold_gain":0,"player_choice":"Donut","damage_taken":0,"max_hp_gain":5,"max_hp_loss":0,"event_name":"Big Fish","floor":3,"gold_loss":0},{"damage_healed":0,"gold_gain":0,"cards_transformed":["Strike_R"],"player_choice":"Change","damage_taken":0,"max_hp_gain":0,"max_hp_loss":0,"event_name":"Living Wall","floor":5,"gold_loss":0,"cards_obtained":["Demon Form"]}],"is_beta":false,"boss_relics":[],"items_purged_floors":[],"is_endless":false,"potions_floor_spawned":[1,4,8],"killed_by":"Exordium Thugs","ascension_level":20}