{"gold_per_floor":[12,29,41,56,56,56,83,100,127,127,137,153,186,206,206,283,333,352,23,37,37,53,53,53,53],"floor_reached":25,"playtime":735,"items_purged":[],"score":434,"play_id":"9c7ae46c-4f06-4399-82b8-e44e0a54bc87","local_time":"20230412200332","is_ascension_mode":true,"campfire_choices":[{"data":"Carnage","floor":6,"key":"SMITH"},{"floor":10,"key":"REST"},{"data":"Uppercut","floor":15,"key":"SMITH"},{"floor":23,"key":"REST"}],"neow_cost":"NO_GOLD","seed_source_timestamp":365655673407000,"circlet_count":0,"master_deck":["AscendersBane","Strike_R","Strike_R","Strike_R","Strike_R","Defend_R+1","Defend_R","Defend_R","Defend_R","Bash","Combust","Carnage+1","Shrug It Off","Uppercut+1","Seeing Red","Shrug It Off","Shrug It Off","Cleave","Immolate","Inflame"],"relics":["Burning Blood","Bottled Lightning","Potion Belt","Red Skull","Tiny House","Toolbox","Bag of Preparation"],"potions_floor_usage":[4,12,13,16,18],"damage_taken":[{"damage":4,"enemies":"Small Slimes","floor":1,"turns":4},{"damage":8,"enemies":"Cultist","floor":2,"turns":4},{"damage":1,"enemies":"2 Louse","floor":3,"turns":3},{"damage":24,"enemies":"Exordium Thugs","floor":4,"turns":4},{"damage":26,"enemies":"3 Sentries","floor":7,"turns":7},{"damage":1,"enemies":"2 Fungi Beasts","floor":8,"turns":3},{"damage":12,"enemies":"Exordium Wildlife","floor":11,"turns":3},{"damage":7,"enemies":"Exordium Thugs","floor":12,"turns":6},{"damage":30,"enemies":"Lagavulin","floor":13,"turns":6},{"damage":5,"enemies":"3 Louse","floor":14,"turns":3},{"damage":36,"enemies":"Hexaghost","floor":16,"turns":9},{"damage":29,"enemies":"3 Byrds","floor":18,"turns":5},{"damage":16,"enemies":"Spheric Guardian","floor":20,"turns":4},{"damage":32,"enemies":"Shelled Parasite and Fungi","floor":22,"turns":4},{"damage":45,"enemies":"Slavers","floor":25,"turns":2}],"seed_played":"-3816722077956905965","potions_obtained":[{"floor":3,"key":"SkillPotion"},{"floor":7,"key":"Weak Potion"},{"floor":12,"key":"Swift Potion"},{"floor":13,"key":"SteroidPotion"},{"floor":16,"key":"Explosive Potion"},{"floor":17,"key":"Dexterity Potion"}],"is_trial":false,"path_per_floor":["M","M","M","M","?","R","E","M","T","R","M","M","E","M","R","B",null,"M","$","M","?","M","R","?","E"],"character_chosen":"IRONCLAD","items_purchased":["Toolbox","Bag of Preparation"],"campfire_rested":2,"item_purchase_floors":[19,19],"current_hp_per_floor":[84,82,87,69,56,56,36,41,41,67,61,60,36,37,37,7,74,51,51,41,41,15,43,43,0],"gold":53,"neow_bonus":"TWENTY_PERCENT_HP_BONUS","is_prod":false,"is_daily":false,"chose_seed":false,"campfire_upgraded":2,"win_rate":0,"timestamp":1681322612,"path_taken":["M","M","M","M","?","R","E","M","T","R","M","M","E","M","R","BOSS","M","$","M","?","M","R","?","E"],"build_version":"2022-12-18","purchased_purges":0,"victory":false,"max_hp_per_floor":[89,89,89,89,89,89,89,89,89,89,89,89,89,89,89,89,94,94,94,94,94,94,94,94,94],"card_choices":[{"not_picked":["Havoc","Warcry"],"picked":"Combust","floor":1},{"not_picked":["Clash","Body Slam"],"picked":"Carnage","floor":2},{"not_picked":["Searing Blow","Flex"],"picked":"Shrug It Off","floor":3},{"not_picked":["Iron Wave","Clothesline","Dual Wield"],"picked":"SKIP","floor":4},{"not_picked":["Clothesline","Searing Blow"],"picked":"Uppercut","floor":7},{"not_picked":["Entrench","Iron Wave"],"picked":"Seeing Red","floor":8},{"not_picked":["Wild Strike","Sword Boomerang"],"picked":"Shrug It Off","floor":11},{"not_picked":["Thunderclap","Seeing Red"],"picked":"Shrug It Off","floor":12},{"not_picked":["Twin Strike","Headbutt"],"picked":"Cleave","floor":13},{"not_picked":["Entrench","Perfected Strike","Blood for Blood"],"picked":"SKIP","floor":14},{"not_picked":["Feed","Limit Break"],"picked":"Immolate","floor":16},{"not_picked":["Wild Strike","Infernal Blade+1"],"picked":"Inflame","floor":18},{"not_picked":["Flex","Warcry","Sword Boomerang"],"picked":"SKIP","floor":20},{"not_picked":["Warcry","Armaments","Reckless Charge"],"picked":"SKIP","floor":22}],"player_experience":2363639,"relics_obtained":[{"floor":7,"key":"Bottled Lightning"},{"floor":9,"key":"Potion Belt"},{"floor":13,"key":"Red Skull"}],"event_choices":[{"damage_healed":0,"gold_gain":0,"player_choice":"Damaged","damage_taken":13,"max_hp_gain":0,"max_hp_loss":0,"event_name":"Wheel of Change","floor":5,"gold_loss":0},{"damage_healed":0,"gold_gain":0,"player_choice":"Ignored","damage_taken":0,"max_hp_gain":0,"max_hp_loss":0,"event_name":"Ghosts","floor":21,"gold_loss":0},{"cards_removed":["Strike_R"],"damage_healed":0,"gold_gain":0,"player_choice":"Purged","damage_taken":0,"max_hp_gain":0,"max_hp_loss":0,"event_name":"Purifier","floor":24,"gold_loss":0}],"is_beta":false,"boss_relics":[{"not_picked":["Sozu","Coffee Dripper"],"picked":"Tiny House"}],"items_purged_floors":[],"is_endless":false,"potions_floor_spawned":[3,7,12,13,16],"killed_by":"Slavers","ascension_level":20}