{"gold_per_floor":[17,17,42,42,58,92,92,92],"floor_reached":8,"playtime":301,"items_purged":[],"score":112,"play_id":"b43cc726-0c24-424a-858f-caa8fc371373","local_time":"20230417232307","is_ascension_mode":true,"campfire_choices":[{"data":"Chrysalis","floor":7,"key":"SMITH"}],"neow_cost":"NO_GOLD","seed_source_timestamp":192623860272600,"circlet_count":0,"master_deck":["AscendersBane","Strike_R","Strike_R","Strike_R","Strike_R","Strike_R","Defend_R","Defend_R","Defend_R","Defend_R","Bash","Chrysalis+1","Sword Boomerang","Injury","Sword Boomerang","True Grit","Flex"],"relics":["Burning Blood","Golden Idol","Lantern"],"potions_floor_usage":[6,6,8],"damage_taken":[{"damage":16,"enemies":"Jaw Worm","floor":1,"turns":4},{"damage":9,"enemies":"2 Louse","floor":3,"turns":3},{"damage":6,"enemies":"Cultist","floor":5,"turns":3},{"damage":25,"enemies":"Lagavulin","floor":6,"turns":7},{"damage":37,"enemies":"3 Sentries","floor":8,"turns":10}],"seed_played":"-2448952937197094026","potions_obtained":[{"floor":1,"key":"SteroidPotion"},{"floor":5,"key":"Block Potion"},{"floor":6,"key":"SneckoOil"}],"is_trial":false,"path_per_floor":["M","?","M","?","M","E","R","E"],"character_chosen":"IRONCLAD","items_purchased":[],"campfire_rested":0,"item_purchase_floors":[],"current_hp_per_floor":[58,58,55,55,55,36,36,0],"gold":92,"neow_bonus":"RANDOM_COLORLESS_2","is_prod":false,"is_daily":false,"chose_seed":false,"campfire_upgraded":1,"win_rate":0,"timestamp":1681766587,"path_taken":["M","?","M","?","M","E","R","E"],"build_version":"2022-12-18","purchased_purges":0,"victory":false,"max_hp_per_floor":[75,75,75,75,75,75,75,75],"card_choices":[{"not_picked":["Violence","Master of Strategy"],"picked":"Chrysalis","floor":0},{"not_picked":["Evolve","Bloodletting"],"picked":"Sword Boomerang","floor":1},{"not_picked":["Havoc","Clash"],"picked":"Sword Boomerang","floor":3},{"not_picked":["Iron Wave","Headbutt"],"picked":"True Grit","floor":5},{"not_picked":["Anger","Armaments"],"picked":"Flex","floor":6}],"player_experience":2373330,"relics_obtained":[{"floor":6,"key":"Lantern"}],"event_choices":[{"damage_healed":0,"gold_gain":0,"player_choice":"Take Wound","damage_taken":0,"relics_obtained":["Golden Idol"],"max_hp_gain":0,"max_hp_loss":0,"event_name":"Golden Idol","floor":2,"gold_loss":0,"cards_obtained":["Injury"]},{"damage_healed":0,"gold_gain":0,"player_choice":"0 cards matched","damage_taken":0,"max_hp_gain":0,"max_hp_loss":0,"event_name":"Match and Keep!","floor":4,"gold_loss":0,"cards_obtained":[]}],"is_beta":false,"boss_relics":[],"items_purged_floors":[],"is_endless":false,"potions_floor_spawned":[1,5,6],"killed_by":"3 Sentries","ascension_level":20}