{"gold_per_floor":[110,122,140,140,65,91,102,102,102,128,138,138,138,174,174,264,264,285,285,310,360,376,376,376],"floor_reached":24,"playtime":855,"items_purged":["Regret"],"score":432,"play_id":"96a82eed-7b38-4d42-ae5d-82747934011f","local_time":"20230417214632","is_ascension_mode":true,"campfire_choices":[{"data":"Armaments","floor":8,"key":"SMITH"},{"floor":13,"key":"REST"},{"floor":15,"key":"REST"},{"floor":23,"key":"REST"}],"neow_cost":"NONE","seed_source_timestamp":186274680386500,"circlet_count":0,"master_deck":["AscendersBane","Strike_R","Strike_R","Strike_R","Strike_R","Strike_R","Defend_R","Defend_R","Defend_R","Defend_R","Bash","Juggernaut","Body Slam","Armaments+1","Combust","Ghostly Armor","Flame Barrier","Inflame","Injury","Entrench","Barricade","Body Slam","Writhe","Iron Wave","Shrug It Off"],"relics":["Burning Blood","Bronze Scales","InkBottle","Orichalcum","Ice Cream","Golden Idol","Red Skull","Snecko Eye","Dream Catcher"],"potions_floor_usage":[7,11,11,16,22],"damage_taken":[{"damage":9,"enemies":"Jaw Worm","floor":1,"turns":5},{"damage":2,"enemies":"2 Louse","floor":2,"turns":3},{"damage":7,"enemies":"Small Slimes","floor":3,"turns":5},{"damage":34,"enemies":"3 Sentries","floor":6,"turns":5},{"damage":1,"enemies":"2 Fungi Beasts","floor":7,"turns":3},{"damage":44,"enemies":"Lagavulin","floor":10,"turns":9},{"damage":4,"enemies":"Blue Slaver","floor":11,"turns":4},{"damage":24,"enemies":"3 Sentries","floor":14,"turns":7},{"damage":20,"enemies":"Slime Boss","floor":16,"turns":10},{"damage":3,"enemies":"Chosen","floor":18,"turns":4},{"damage":6,"enemies":"3 Byrds","floor":20,"turns":3},{"damage":34,"enemies":"Centurion and Healer","floor":22,"turns":6},{"damage":71,"enemies":"Slavers","floor":24,"turns":3}],"seed_played":"-7244972894093489101","potions_obtained":[{"floor":2,"key":"AttackPotion"},{"floor":3,"key":"ColorlessPotion"},{"floor":7,"key":"EssenceOfSteel"},{"floor":11,"key":"SpeedPotion"},{"floor":18,"key":"PowerPotion"}],"is_trial":false,"path_per_floor":["M","M","M","?","$","E","M","R","T","E","M","?","R","E","R","B",null,"M","?","M","?","M","R","E"],"character_chosen":"IRONCLAD","items_purchased":[],"campfire_rested":3,"item_purchase_floors":[],"current_hp_per_floor":[65,69,68,68,68,40,45,45,45,7,9,9,31,13,35,21,62,65,65,65,65,37,59,0],"gold":376,"neow_bonus":"ONE_RANDOM_RARE_CARD","is_prod":false,"is_daily":false,"chose_seed":false,"campfire_upgraded":1,"win_rate":0,"timestamp":1681760792,"path_taken":["M","M","M","?","$","E","M","R","T","E","M","?","R","E","R","BOSS","M","?","M","?","M","R","E"],"build_version":"2022-12-18","purchased_purges":1,"victory":false,"max_hp_per_floor":[75,75,75,75,75,75,75,75,75,75,75,75,75,75,75,75,75,75,75,75,75,75,75,75],"card_choices":[{"not_picked":["Warcry","Bloodletting"],"picked":"Body Slam","floor":1},{"not_picked":["Uppercut","Clothesline"],"picked":"Armaments","floor":2},{"not_picked":["Uppercut","Clash"],"picked":"Combust","floor":3},{"not_picked":["Clash","Armaments"],"picked":"Ghostly Armor","floor":6},{"not_picked":["Hemokinesis","Clothesline"],"picked":"Flame Barrier","floor":7},{"not_picked":["Havoc","Cleave","Thunderclap"],"picked":"SKIP","floor":10},{"not_picked":["Clash","Warcry"],"picked":"Inflame","floor":11},{"not_picked":["Anger","Power Through"],"picked":"Entrench","floor":14},{"not_picked":["Bludgeon","Feed"],"picked":"Barricade","floor":16},{"not_picked":["Heavy Blade","Wild Strike"],"picked":"Body Slam","floor":18},{"not_picked":["Pommel Strike","Headbutt","Sword Boomerang"],"picked":"SKIP","floor":20},{"not_picked":["Uppercut","Rupture+1"],"picked":"Iron Wave","floor":22},{"not_picked":["Rampage","Dual Wield"],"picked":"Shrug It Off","floor":23}],"player_experience":2370466,"relics_obtained":[{"floor":6,"key":"InkBottle"},{"floor":9,"key":"Orichalcum"},{"floor":10,"key":"Ice Cream"},{"floor":14,"key":"Red Skull"}],"event_choices":[{"damage_healed":0,"gold_gain":0,"player_choice":"Box","damage_taken":0,"relics_obtained":["Bronze Scales"],"max_hp_gain":0,"max_hp_loss":0,"event_name":"Big Fish","floor":4,"gold_loss":0,"cards_obtained":["Regret"]},{"damage_healed":0,"gold_gain":0,"player_choice":"Take Wound","damage_taken":0,"relics_obtained":["Golden Idol"],"max_hp_gain":0,"max_hp_loss":0,"event_name":"Golden Idol","floor":12,"gold_loss":0,"cards_obtained":["Injury"]},{"damage_healed":0,"gold_gain":0,"player_choice":"Opened","damage_taken":0,"relics_obtained":["Dream Catcher"],"max_hp_gain":0,"max_hp_loss":0,"event_name":"The Mausoleum","floor":19,"gold_loss":0,"cards_obtained":["Writhe"]},{"damage_healed":0,"gold_gain":50,"player_choice":"Stole From Cult","damage_taken":0,"max_hp_gain":0,"max_hp_loss":0,"event_name":"Nest","floor":21,"gold_loss":0}],"is_beta":false,"boss_relics":[{"not_picked":["Astrolabe","Runic Dome"],"picked":"Snecko Eye"}],"items_purged_floors":[5],"is_endless":false,"potions_floor_spawned":[2,3,7,11,18],"killed_by":"Slavers","ascension_level":20}