{"gold_per_floor":[15,27,41,41,54,54,81,107,107,123,155,155,168,203,203,274,274,285,285],"floor_reached":19,"playtime":699,"items_purged":[],"score":378,"play_id":"981261f7-2882-4680-b491-58839d1617a9","local_time":"20230410121837","is_ascension_mode":true,"campfire_choices":[{"data":"Bludgeon","floor":6,"key":"SMITH"},{"data":"Whirlwind","floor":12,"key":"SMITH"},{"data":"Bash","floor":15,"key":"SMITH"}],"neow_cost":"NO_GOLD","seed_source_timestamp":164990242670700,"circlet_count":0,"master_deck":["AscendersBane","Strike_R","Strike_R","Strike_R","Defend_R","Defend_R","Defend_R","Bash+1","Bludgeon+1","Ghostly Armor","Evolve","Whirlwind+1","Shrug It Off","Inflame","Ghostly Armor","Burning Pact","Feed","Body Slam+1"],"relics":["Burning Blood","Bag of Marbles","Nunchaku","Magic Flower","Vajra","Art of War","Empty Cage"],"potions_floor_usage":[7,16,16],"damage_taken":[{"damage":0,"enemies":"Cultist","floor":1,"turns":3},{"damage":12,"enemies":"Jaw Worm","floor":2,"turns":3},{"damage":0,"enemies":"Small Slimes","floor":3,"turns":2},{"damage":11,"enemies":"Blue Slaver","floor":5,"turns":3},{"damage":15,"enemies":"3 Sentries","floor":7,"turns":6},{"damage":6,"enemies":"Exordium Wildlife","floor":10,"turns":3},{"damage":32,"enemies":"Lagavulin","floor":11,"turns":6},{"damage":0,"enemies":"Gremlin Gang","floor":13,"turns":1},{"damage":20,"enemies":"3 Sentries","floor":14,"turns":5},{"damage":24,"enemies":"Hexaghost","floor":16,"turns":8},{"damage":34,"enemies":"Shell Parasite","floor":18,"turns":10},{"damage":30,"enemies":"Spheric Guardian","floor":19,"turns":7}],"seed_played":"8319211227815168713","potions_obtained":[{"floor":1,"key":"ColorlessPotion"},{"floor":5,"key":"SpeedPotion"},{"floor":7,"key":"Fire Potion"}],"is_trial":false,"path_per_floor":["M","M","M","?","M","R","E","T","T","M","E","R","M","E","R","B",null,"M","M"],"character_chosen":"IRONCLAD","items_purchased":[],"campfire_rested":0,"item_purchase_floors":[],"current_hp_per_floor":[74,68,74,67,62,62,53,53,53,56,33,33,42,31,31,16,60,35,5],"gold":285,"neow_bonus":"THREE_RARE_CARDS","is_prod":false,"is_daily":false,"chose_seed":false,"campfire_upgraded":3,"win_rate":0,"timestamp":1681121917,"path_taken":["M","M","M","?","M","R","E","?","T","M","E","R","M","E","R","BOSS","M","M"],"build_version":"2022-12-18","purchased_purges":0,"victory":false,"max_hp_per_floor":[75,75,75,75,75,75,75,75,75,75,75,75,75,75,75,75,75,75,75],"card_choices":[{"not_picked":["Corruption","Berserk"],"picked":"Bludgeon","floor":0},{"not_picked":["Entrench","True Grit"],"picked":"Ghostly Armor","floor":1},{"not_picked":["Shrug It Off","True Grit"],"picked":"Evolve","floor":2},{"not_picked":["Warcry","Heavy Blade"],"picked":"Whirlwind","floor":3},{"not_picked":["Flex","Sword Boomerang","Heavy Blade"],"picked":"SKIP","floor":5},{"not_picked":["Whirlwind","Reaper"],"picked":"Shrug It Off","floor":7},{"not_picked":["Havoc","Wild Strike"],"picked":"Inflame","floor":10},{"not_picked":["Heavy Blade","Sword Boomerang"],"picked":"Ghostly Armor","floor":11},{"not_picked":["Armaments","Sentinel","Pummel"],"picked":"SKIP","floor":13},{"not_picked":["Twin Strike","Searing Blow"],"picked":"Burning Pact","floor":14},{"not_picked":["Corruption","Bludgeon"],"picked":"Feed","floor":16},{"not_picked":["Heavy Blade","Warcry+1"],"picked":"Body Slam+1","floor":18}],"player_experience":2359579,"relics_obtained":[{"floor":7,"key":"Bag of Marbles"},{"floor":8,"key":"Nunchaku"},{"floor":9,"key":"Magic Flower"},{"floor":11,"key":"Vajra"},{"floor":14,"key":"Art of War"}],"event_choices":[{"cards_removed":["Strike_R"],"damage_healed":0,"gold_gain":0,"player_choice":"Card Removal","damage_taken":7,"max_hp_gain":0,"max_hp_loss":0,"event_name":"Golden Wing","floor":4,"gold_loss":0}],"is_beta":false,"boss_relics":[{"not_picked":["Ectoplasm","Runic Dome"],"picked":"Empty Cage"}],"items_purged_floors":[],"is_endless":false,"potions_floor_spawned":[1,5,7,14],"killed_by":"Spheric Guardian","ascension_level":20}