{"gold_per_floor":[361,361,36,36,52,92,92,92,92,28,49,49,49,90,90,189,189,213,232,273,288,288,324,324,365,365,381,412,412,447,468,468,468],"floor_reached":33,"playtime":1065,"items_purged":["Regret"],"score":812,"play_id":"902f8ef1-83ce-4a2f-89f2-9505675523ae","local_time":"20230417220436","is_ascension_mode":true,"campfire_choices":[{"data":"Bludgeon","floor":7,"key":"SMITH"},{"data":"Shockwave","floor":13,"key":"SMITH"},{"floor":15,"key":"REST"},{"floor":24,"key":"REST"},{"floor":32,"key":"REST"}],"neow_cost":"CURSE","seed_source_timestamp":187147997778600,"circlet_count":0,"master_deck":["AscendersBane","Strike_R","Strike_R","Strike_R","Defend_R+1","Defend_R","Defend_R","Defend_R","Bash","Clumsy","Cleave","Bludgeon+1","Injury","Shrug It Off","Pommel Strike","Shockwave+1","Offering+1","Sever Soul","Feel No Pain+1","Uppercut","Dark Embrace+1","Writhe","Disarm","Blood for Blood","Ghostly Armor","Clash"],"relics":["Burning Blood","Happy Flower","Chemical X","Golden Idol","Mercury Hourglass","Frozen Egg 2","Unceasing Top","Bag of Preparation","Snecko Eye","Red Mask","Anchor","Tiny Chest","Kunai","War Paint","Art of War","Blue Candle"],"potions_floor_usage":[6,14,16,21,23,25,30,33,33],"damage_taken":[{"damage":14,"enemies":"Small Slimes","floor":1,"turns":5},{"damage":14,"enemies":"Jaw Worm","floor":5,"turns":3},{"damage":37,"enemies":"Gremlin Nob","floor":6,"turns":4},{"damage":0,"enemies":"2 Louse","floor":11,"turns":2},{"damage":12,"enemies":"3 Sentries","floor":14,"turns":6},{"damage":0,"enemies":"Slime Boss","floor":16,"turns":3},{"damage":38,"enemies":"Shell Parasite","floor":18,"turns":6},{"damage":10,"enemies":"3 Byrds","floor":19,"turns":3},{"damage":7,"enemies":"Masked Bandits","floor":20,"turns":3},{"damage":17,"enemies":"Shelled Parasite and Fungi","floor":21,"turns":4},{"damage":6,"enemies":"Slavers","floor":23,"turns":3},{"damage":8,"enemies":"Gremlin Leader","floor":25,"turns":7},{"damage":6,"enemies":"Centurion and Healer","floor":27,"turns":3},{"damage":10,"enemies":"Slavers","floor":28,"turns":3},{"damage":23,"enemies":"Book of Stabbing","floor":30,"turns":6},{"damage":6,"enemies":"Cultist and Chosen","floor":31,"turns":4},{"damage":72,"enemies":"Automaton","floor":33,"turns":6}],"seed_played":"6835222993782710270","potions_obtained":[{"floor":5,"key":"ColorlessPotion"},{"floor":11,"key":"LiquidMemories"},{"floor":14,"key":"LiquidMemories"},{"floor":18,"key":"Fruit Juice"},{"floor":20,"key":"Fruit Juice"},{"floor":21,"key":"DistilledChaos"},{"floor":23,"key":"GamblersBrew"},{"floor":28,"key":"HeartOfIron"},{"floor":30,"key":"Dexterity Potion"}],"is_trial":false,"path_per_floor":["M","?","$","?","M","E","R","$","T","?","M","?","R","E","R","B",null,"M","M","?","M","?","E","R","E","T","M","E","?","E","M","R","B"],"character_chosen":"IRONCLAD","items_purchased":["Chemical X","Bludgeon"],"campfire_rested":3,"item_purchase_floors":[3,3],"current_hp_per_floor":[60,60,60,60,52,21,21,21,21,21,27,22,22,16,38,44,67,35,31,30,24,24,24,48,46,46,46,42,42,25,25,49,0],"gold":468,"neow_bonus":"TWO_FIFTY_GOLD","is_prod":false,"is_daily":false,"chose_seed":false,"campfire_upgraded":2,"win_rate":0,"timestamp":1681761876,"path_taken":["M","?","$","?","M","E","R","$","T","?","M","?","R","E","R","BOSS","M","M","?","M","?","E","R","E","T","M","E","?","E","M","R","BOSS"],"build_version":"2022-12-18","purchased_purges":1,"victory":false,"max_hp_per_floor":[75,75,75,75,75,75,75,75,75,75,75,75,75,75,75,75,75,75,75,75,80,80,80,80,80,80,80,80,80,80,80,80,85],"card_choices":[{"not_picked":["Pommel Strike","Dropkick"],"picked":"Cleave","floor":1},{"not_picked":["Pummel","Intimidate"],"picked":"Shrug It Off","floor":5},{"not_picked":["Flame Barrier","Havoc"],"picked":"Pommel Strike","floor":6},{"not_picked":["Armaments","Cleave"],"picked":"Shockwave","floor":11},{"not_picked":["Rupture+1","Immolate","Hemokinesis"],"picked":"SKIP","floor":14},{"not_picked":["Impervious","Exhume"],"picked":"Offering","floor":16},{"not_picked":["Headbutt","Clash"],"picked":"Sever Soul","floor":18},{"not_picked":["Flex","Wild Strike"],"picked":"Feel No Pain+1","floor":19},{"not_picked":["Inflame+1","Armaments+1"],"picked":"Uppercut","floor":20},{"not_picked":["Anger","Brutality+1"],"picked":"Dark Embrace+1","floor":21},{"not_picked":["Heavy Blade","Wild Strike"],"picked":"Disarm","floor":23},{"not_picked":["Warcry","Shrug It Off","Havoc"],"picked":"SKIP","floor":25},{"not_picked":["Rage+1","Havoc"],"picked":"Blood for Blood","floor":27},{"not_picked":["Battle Trance","Sever Soul","True Grit"],"picked":"SKIP","floor":28},{"not_picked":["Reckless Charge+1","Anger","Pommel Strike+1"],"picked":"SKIP","floor":30},{"not_picked":["Anger","Wild Strike","Sword Boomerang"],"picked":"SKIP","floor":31}],"player_experience":2371321,"relics_obtained":[{"floor":6,"key":"Mercury Hourglass"},{"floor":9,"key":"Frozen Egg 2"},{"floor":14,"key":"Bag of Preparation"},{"floor":20,"key":"Red Mask"},{"floor":23,"key":"Tiny Chest"},{"floor":25,"key":"Kunai"},{"floor":26,"key":"War Paint"},{"floor":28,"key":"Art of War"},{"floor":30,"key":"Blue Candle"}],"event_choices":[{"damage_healed":0,"gold_gain":0,"player_choice":"Box","damage_taken":0,"relics_obtained":["Happy Flower"],"max_hp_gain":0,"max_hp_loss":0,"event_name":"Big Fish","floor":2,"gold_loss":0,"cards_obtained":["Regret"]},{"damage_healed":0,"gold_gain":0,"player_choice":"Take Wound","damage_taken":0,"relics_obtained":["Golden Idol"],"max_hp_gain":0,"max_hp_loss":0,"event_name":"Golden Idol","floor":4,"gold_loss":0,"cards_obtained":["Injury"]},{"damage_healed":0,"gold_gain":0,"player_choice":"Left Gold","damage_taken":0,"max_hp_gain":0,"max_hp_loss":0,"event_name":"World of Goop","floor":10,"gold_loss":64},{"damage_healed":0,"gold_gain":0,"player_choice":"Success","damage_taken":5,"relics_obtained":["Unceasing Top"],"max_hp_gain":0,"max_hp_loss":0,"event_name":"Scrap Ooze","floor":12,"gold_loss":0},{"damage_healed":0,"gold_gain":0,"player_choice":"Fought Bandits","damage_taken":0,"max_hp_gain":0,"max_hp_loss":0,"event_name":"Masked Bandits","floor":20,"gold_loss":0},{"damage_healed":0,"gold_gain":0,"player_choice":"Opened","damage_taken":0,"relics_obtained":["Anchor"],"max_hp_gain":0,"max_hp_loss":0,"event_name":"The Mausoleum","floor":22,"gold_loss":0,"cards_obtained":["Writhe"]},{"damage_healed":0,"gold_gain":0,"cards_transformed":["Strike_R","Strike_R"],"player_choice":"Became Test Subject","damage_taken":0,"max_hp_gain":0,"max_hp_loss":0,"event_name":"Drug Dealer","floor":29,"gold_loss":0,"cards_obtained":["Ghostly Armor","Clash"]}],"is_beta":false,"boss_relics":[{"not_picked":["Runic Cube","Runic Pyramid"],"picked":"Snecko Eye"}],"items_purged_floors":[3],"is_endless":false,"potions_floor_spawned":[5,11,14,18,20,21,23,28,30],"killed_by":"Automaton","ascension_level":20}