{"gold_per_floor":[116,116,127,142,61,61,61,87,87,116,135,150,173,173],"floor_reached":14,"playtime":279,"items_purged":[],"score":200,"play_id":"5c68980d-d6fe-4d4a-b867-3b4b06869df4","local_time":"20230409122406","is_ascension_mode":true,"campfire_choices":[{"data":"Juggernaut","floor":6.0,"key":"SMITH"}],"neow_cost":"NONE","seed_source_timestamp":79318943706000,"circlet_count":0,"master_deck":["AscendersBane","Strike_R","Strike_R","Strike_R","Strike_R","Strike_R","Defend_R","Defend_R","Defend_R","Bash","Armaments","Perfected Strike","Disarm","Juggernaut+1","Feel No Pain","Barricade","Entrench","Warcry"],"special_seed":0,"relics":["Burning Blood","NeowsBlessing","The Courier","Bottled Lightning","Dream Catcher","PreservedInsect"],"potions_floor_usage":[14],"damage_taken":[{"damage":0.0,"enemies":"Jaw Worm","floor":1.0,"turns":1.0},{"damage":0.0,"enemies":"Cultist","floor":3.0,"turns":1.0},{"damage":0.0,"enemies":"2 Louse","floor":4.0,"turns":1.0},{"damage":40.0,"enemies":"Lagavulin","floor":8.0,"turns":7.0},{"damage":21.0,"enemies":"3 Sentries","floor":10.0,"turns":6.0},{"damage":15.0,"enemies":"Blue Slaver","floor":11.0,"turns":5.0},{"damage":1,"enemies":"Exordium Wildlife","floor":12,"turns":3},{"damage":15,"enemies":"3 Louse","floor":14,"turns":2}],"seed_played":"-7046493141744294672","potions_obtained":[{"floor":2.0,"key":"ElixirPotion"},{"floor":2.0,"key":"CultistPotion"},{"floor":12,"key":"DistilledChaos"}],"is_trial":false,"path_per_floor":["M","?","M","M","$","R","?","E","T","E","M","M","T","M"],"character_chosen":"IRONCLAD","items_purchased":["Juggernaut"],"campfire_rested":0,"item_purchase_floors":[5],"current_hp_per_floor":[74,74,75,75,75,75,68,34,34,19,10,15,15,0],"gold":173,"neow_bonus":"THREE_ENEMY_KILL","is_prod":false,"is_daily":false,"chose_seed":false,"campfire_upgraded":1,"win_rate":0,"timestamp":1681035846,"path_taken":["M","?","M","?","?","R","?","E","T","E","M","M","?","M"],"build_version":"2022-12-18","purchased_purges":0,"victory":false,"max_hp_per_floor":[75,75,75,75,75,75,75,75,75,75,75,75,75,75],"card_choices":[{"not_picked":["Heavy Blade","Flex"],"picked":"Armaments","floor":1.0},{"not_picked":["Shrug It Off","Intimidate"],"picked":"Perfected Strike","floor":3.0},{"not_picked":["Seeing Red","Clothesline"],"picked":"Disarm","floor":4.0},{"not_picked":["Perfected Strike","Rampage"],"picked":"Feel No Pain","floor":8.0},{"not_picked":["Clothesline","Perfected Strike"],"picked":"Barricade","floor":10.0},{"not_picked":["Burning Pact","Inflame"],"picked":"Entrench","floor":11.0},{"not_picked":["Clothesline","Anger"],"picked":"Warcry","floor":12}],"player_experience":2355154,"relics_obtained":[{"floor":8.0,"key":"The Courier"},{"floor":9.0,"key":"Bottled Lightning"},{"floor":10.0,"key":"Dream Catcher"},{"floor":13,"key":"PreservedInsect"}],"event_choices":[{"damage_healed":0.0,"max_hp_gain":0.0,"max_hp_loss":0.0,"gold_gain":0.0,"event_name":"Lab","player_choice":"Got Potions","floor":2.0,"gold_loss":0.0,"damage_taken":0.0},{"cards_removed":["Defend_R"],"damage_healed":0.0,"max_hp_gain":0.0,"max_hp_loss":0.0,"gold_gain":0.0,"event_name":"Golden Wing","player_choice":"Card Removal","floor":7.0,"gold_loss":0.0,"damage_taken":7.0}],"is_beta":false,"boss_relics":[],"items_purged_floors":[],"is_endless":false,"potions_floor_spawned":[3,4,8,12],"killed_by":"3 Louse","ascension_level":20}