{"gold_per_floor":[111,127,92,110,128,157,172,172,172,203,220,554,554,574,574,651,651,669,243,243,243,253,253],"floor_reached":23,"playtime":961,"items_purged":["Strike_R"],"score":451,"play_id":"518f2c21-115b-4981-af05-039a9f82345b","local_time":"20230410224527","is_ascension_mode":true,"campfire_choices":[{"floor":13.0,"key":"DIG"},{"floor":15,"key":"DIG"}],"neow_cost":"PERCENT_DAMAGE","seed_source_timestamp":0,"circlet_count":0,"master_deck":["AscendersBane","Strike_R","Strike_R","Defend_R","Defend_R","Defend_R","Defend_R","Bash","Dropkick","Anger","Evolve","True Grit","Shockwave","Inflame","Flame Barrier","Cleave","Demon Form","Sword Boomerang","Apotheosis"],"special_seed":0,"relics":["Burning Blood","Torii","Shovel","Gambling Chip","Eternal Feather","Old Coin","Potion Belt","Mango","Empty Cage","Tiny Chest"],"potions_floor_usage":[16,16,22],"damage_taken":[{"damage":13.0,"enemies":"Cultist","floor":1.0,"turns":5.0},{"damage":8.0,"enemies":"Small Slimes","floor":2.0,"turns":5.0},{"damage":1.0,"enemies":"2 Louse","floor":4.0,"turns":2.0},{"damage":2.0,"enemies":"Exordium Wildlife","floor":5.0,"turns":4.0},{"damage":35.0,"enemies":"3 Sentries","floor":6.0,"turns":11.0},{"damage":17.0,"enemies":"Exordium Thugs","floor":7.0,"turns":4.0},{"damage":14.0,"enemies":"Lagavulin","floor":10.0,"turns":7.0},{"damage":4.0,"enemies":"3 Louse","floor":11.0,"turns":5.0},{"damage":24.0,"enemies":"3 Sentries","floor":12.0,"turns":7.0},{"damage":4,"enemies":"Lots of Slimes","floor":14,"turns":6},{"damage":27,"enemies":"Hexaghost","floor":16,"turns":8},{"damage":19,"enemies":"3 Byrds","floor":18,"turns":4},{"damage":24,"enemies":"Spheric Guardian","floor":22,"turns":6},{"damage":36,"enemies":"Gremlin Leader","floor":23,"turns":7}],"seed_played":"2889129859602100639","potions_obtained":[{"floor":4.0,"key":"Fruit Juice"},{"floor":6.0,"key":"BloodPotion"},{"floor":7.0,"key":"Dexterity Potion"},{"floor":10.0,"key":"PowerPotion"},{"floor":14,"key":"SpeedPotion"}],"is_trial":false,"path_per_floor":["M","M","?","M","M","E","M","?","T","E","M","E","R","M","R","B",null,"M","$","?","?","M","E"],"character_chosen":"IRONCLAD","items_purchased":["Tiny Chest","Apotheosis"],"campfire_rested":0,"item_purchase_floors":[19,19],"current_hp_per_floor":[43,41,59,64,68,39,33,33,33,41,43,25,34,36,59,38,80,67,67,67,39,21,0],"gold":253,"neow_bonus":"ONE_RARE_RELIC","is_prod":false,"is_daily":false,"chose_seed":false,"campfire_upgraded":0,"win_rate":0,"timestamp":1681159527,"path_taken":["M","M","?","M","M","E","M","?","T","E","M","E","R","M","R","BOSS","M","$","?","?","M","E"],"build_version":"2022-12-18","purchased_purges":1,"victory":false,"max_hp_per_floor":[75,75,75,75,75,75,80,80,80,80,80,80,80,80,94,94,94,94,94,94,99,99,99],"card_choices":[{"not_picked":["Clothesline","Clash"],"picked":"Dropkick","floor":1.0},{"not_picked":["Perfected Strike","Flex"],"picked":"Anger","floor":2.0},{"not_picked":["Battle Trance","Blood for Blood"],"picked":"Evolve","floor":4.0},{"not_picked":["Iron Wave","Anger"],"picked":"True Grit","floor":5.0},{"not_picked":["Uppercut","Perfected Strike"],"picked":"Shockwave","floor":6.0},{"not_picked":["True Grit","Clash","Intimidate"],"picked":"SKIP","floor":7.0},{"not_picked":["Sentinel","Anger"],"picked":"Inflame","floor":10.0},{"not_picked":["Iron Wave","Perfected Strike","Warcry"],"picked":"SKIP","floor":11.0},{"not_picked":["Burning Pact","Armaments"],"picked":"Flame Barrier","floor":12.0},{"not_picked":["Clothesline","Evolve"],"picked":"Cleave","floor":14},{"not_picked":["Double Tap","Corruption"],"picked":"Demon Form","floor":16},{"not_picked":["Rupture","Headbutt"],"picked":"Sword Boomerang","floor":18},{"not_picked":["Shockwave","Armaments+1","Warcry"],"picked":"SKIP","floor":22}],"player_experience":2360278,"relics_obtained":[{"floor":6.0,"key":"Shovel"},{"floor":9.0,"key":"Gambling Chip"},{"floor":10.0,"key":"Eternal Feather"},{"floor":12.0,"key":"Old Coin"},{"floor":13.0,"key":"Potion Belt"},{"floor":15,"key":"Mango"}],"event_choices":[{"damage_healed":18.0,"max_hp_gain":0.0,"max_hp_loss":0.0,"gold_gain":0.0,"event_name":"The Cleric","player_choice":"Healed","floor":3.0,"gold_loss":35.0,"damage_taken":0.0},{"damage_healed":0.0,"max_hp_gain":0.0,"max_hp_loss":0.0,"gold_gain":0.0,"event_name":"Liars Game","player_choice":"Ignored","floor":8.0,"gold_loss":0.0,"damage_taken":0.0},{"damage_healed":0,"gold_gain":0,"player_choice":"Ignored","damage_taken":0,"max_hp_gain":0,"max_hp_loss":0,"event_name":"Ghosts","floor":20,"gold_loss":0},{"damage_healed":0,"gold_gain":0,"player_choice":"Shed Blood","damage_taken":33,"max_hp_gain":5,"max_hp_loss":0,"event_name":"Forgotten Altar","floor":21,"gold_loss":0}],"is_beta":false,"boss_relics":[{"not_picked":["Tiny House","Coffee Dripper"],"picked":"Empty Cage"}],"items_purged_floors":[19],"is_endless":false,"potions_floor_spawned":[4,6,7,10,12,14],"killed_by":"Gremlin Leader","ascension_level":20}