{"gold_per_floor":[115,15,15,15,25,55,55,82,105,105,105,105,139,19,19,115,115,134,155,17,17,17,17,17],"floor_reached":24,"playtime":501,"items_purged":["Defend_R"],"score":591,"play_id":"ab8093b4-afe2-43a9-b1a6-f3d0977af28e","local_time":"20230412195100","is_ascension_mode":true,"campfire_choices":[{"data":"Pummel","floor":7,"key":"SMITH"},{"data":"Disarm","floor":15,"key":"SMITH"},{"floor":23,"key":"REST"}],"neow_cost":"NONE","seed_source_timestamp":365136513974700,"circlet_count":0,"master_deck":["AscendersBane","Defend_R","Defend_R","Defend_R","Bash","Intimidate","Rampage","Shrug It Off","Twin Strike","Shrug It Off","Pummel+1","Anger","Disarm+1","Fire Breathing","Feed","Shrug It Off","Bite","Bite","Bite","Bite","Bite"],"relics":["Burning Blood","NeowsBlessing","Vajra","The Courier","Kunai","Golden Idol","Sundial","Art of War","Black Star","Omamori","Necronomicon"],"potions_floor_usage":[8,13,16,19],"damage_taken":[{"damage":0,"enemies":"2 Louse","floor":1,"turns":1},{"damage":0,"enemies":"Small Slimes","floor":5,"turns":1},{"damage":0,"enemies":"Lagavulin","floor":6,"turns":1},{"damage":32,"enemies":"Gremlin Nob","floor":8,"turns":4},{"damage":8,"enemies":"3 Sentries","floor":13,"turns":7},{"damage":0,"enemies":"Hexaghost","floor":16,"turns":7},{"damage":31,"enemies":"Spheric Guardian","floor":18,"turns":7},{"damage":17,"enemies":"Chosen","floor":19,"turns":5},{"damage":46,"enemies":"Book of Stabbing","floor":24,"turns":4}],"seed_played":"-3672623199055979975","potions_obtained":[{"floor":1,"key":"CultistPotion"},{"floor":6,"key":"BlessingOfTheForge"},{"floor":8,"key":"ColorlessPotion"},{"floor":18,"key":"DistilledChaos"}],"is_trial":false,"path_per_floor":["M","$","?","?","M","E","R","E","T","?","?","T","E","$","R","B",null,"M","M","$","?","?","R","E"],"character_chosen":"IRONCLAD","items_purchased":["Rampage","Shrug It Off","Fire Breathing","Omamori"],"campfire_rested":1,"item_purchase_floors":[2,2,14,20],"current_hp_per_floor":[74,74,63,63,69,75,75,49,49,23,16,16,16,16,16,24,62,42,33,33,12,12,35,0],"gold":17,"neow_bonus":"THREE_ENEMY_KILL","is_prod":false,"is_daily":false,"chose_seed":false,"campfire_upgraded":2,"win_rate":0,"timestamp":1681321860,"path_taken":["M","$","?","?","?","E","R","E","T","?","?","?","E","$","R","BOSS","M","M","?","?","?","R","E"],"build_version":"2022-12-18","purchased_purges":1,"victory":false,"max_hp_per_floor":[75,75,75,75,75,75,75,75,75,75,75,75,75,75,75,75,75,78,78,78,78,78,78,78],"card_choices":[{"not_picked":["Wild Strike","Clash"],"picked":"Intimidate","floor":1},{"not_picked":["Pommel Strike","Wild Strike"],"picked":"Shrug It Off","floor":5},{"not_picked":["Rage","Shrug It Off"],"picked":"Pummel","floor":6},{"not_picked":["Whirlwind","Combust"],"picked":"Anger","floor":8},{"not_picked":["Shockwave","Clothesline"],"picked":"Disarm","floor":13},{"not_picked":["Offering","Immolate"],"picked":"Feed","floor":16},{"not_picked":["Body Slam","Carnage"],"picked":"Shrug It Off","floor":18},{"not_picked":["Havoc","Iron Wave","Thunderclap"],"picked":"SKIP","floor":19}],"player_experience":2363138,"relics_obtained":[{"floor":6,"key":"The Courier"},{"floor":8,"key":"Kunai"},{"floor":9,"key":"Blood Vial"},{"floor":12,"key":"Sundial"},{"floor":13,"key":"Art of War"},{"floor":21,"key":"Necronomicon"}],"event_choices":[{"damage_healed":0,"gold_gain":0,"player_choice":"Success","damage_taken":11,"relics_obtained":["Vajra"],"max_hp_gain":0,"max_hp_loss":0,"event_name":"Scrap Ooze","floor":3,"gold_loss":0},{"damage_healed":0,"gold_gain":0,"cards_transformed":["Strike_R"],"player_choice":"Transformed","damage_taken":0,"max_hp_gain":0,"max_hp_loss":0,"event_name":"Transmorgrifier","floor":4,"gold_loss":0,"cards_obtained":["Twin Strike"]},{"damage_healed":0,"gold_gain":0,"player_choice":"Take Damage","damage_taken":26,"relics_obtained":["Golden Idol"],"max_hp_gain":0,"max_hp_loss":0,"event_name":"Golden Idol","floor":10,"gold_loss":0},{"cards_removed":["Strike_R"],"damage_healed":0,"gold_gain":0,"player_choice":"Card Removal","damage_taken":7,"max_hp_gain":0,"max_hp_loss":0,"event_name":"Golden Wing","floor":11,"gold_loss":0},{"damage_healed":0,"gold_gain":0,"player_choice":"Obtained Book","damage_taken":21,"max_hp_gain":0,"max_hp_loss":0,"event_name":"Cursed Tome","floor":21,"gold_loss":0},{"damage_healed":0,"gold_gain":0,"player_choice":"Became a vampire (Vial)","damage_taken":0,"max_hp_gain":0,"max_hp_loss":0,"event_name":"Vampires","floor":22,"relics_lost":["Blood Vial"],"gold_loss":0,"cards_obtained":["Bite","Bite","Bite","Bite","Bite"]}],"is_beta":false,"boss_relics":[{"not_picked":["Mark of Pain","Runic Cube"],"picked":"Black Star"}],"items_purged_floors":[14],"is_endless":false,"potions_floor_spawned":[1,6,8,18],"killed_by":"Book of Stabbing","ascension_level":20}