{"gold_per_floor":[113,72,72,72,90,125,125,164,217,237,237,262,262,277,277,366,366,385,51,251,12,0,340,340,354,354,369,36,36,51,87,87,87],"floor_reached":33,"playtime":705,"items_purged":["Strike_R"],"score":636,"play_id":"964f591b-ac8b-47e4-a6c5-78d827bf5884","local_time":"20230410002603","is_ascension_mode":true,"campfire_choices":[{"data":"Bludgeon","floor":7,"key":"SMITH"},{"data":"Rampage","floor":13,"key":"SMITH"},{"data":"Bash","floor":15,"key":"SMITH"},{"floor":29,"key":"REST"},{"floor":32,"key":"REST"}],"neow_cost":"NONE","seed_source_timestamp":122229844871000,"circlet_count":0,"master_deck":["AscendersBane","Strike_R","Strike_R","Defend_R","Defend_R","Defend_R","Defend_R","Bash+1","Anger","Rampage+1","Cleave","Bludgeon+1","Evolve","Berserk","Cleave+1","Conserve Battery","Machine Learning","PiercingWail"],"relics":["Burning Blood","NeowsBlessing","Golden Idol","Pen Nib","Molten Egg 2","Regal Pillow","Empty Cage","Toolbox","Bronze Scales","PrismaticShard","Old Coin","Torii","Membership Card","Lizard Tail","Nunchaku"],"potions_floor_usage":[12,14,16,18,18,23,30,31,33],"damage_taken":[{"damage":0,"enemies":"2 Louse","floor":1,"turns":1},{"damage":0,"enemies":"Small Slimes","floor":5,"turns":1},{"damage":0,"enemies":"3 Sentries","floor":6,"turns":2},{"damage":8,"enemies":"Gremlin Nob","floor":8,"turns":3},{"damage":0,"enemies":"Jaw Worm","floor":10,"turns":1},{"damage":6,"enemies":"Exordium Thugs","floor":12,"turns":3},{"damage":0,"enemies":"2 Fungi Beasts","floor":14,"turns":2},{"damage":59,"enemies":"Hexaghost","floor":16,"turns":8},{"damage":16,"enemies":"Spheric Guardian","floor":18,"turns":4},{"damage":35,"enemies":"Slavers","floor":23,"turns":5},{"damage":2,"enemies":"Chosen","floor":25,"turns":3},{"damage":27,"enemies":"Snecko","floor":27,"turns":5},{"damage":17,"enemies":"Snake Plant","floor":30,"turns":2},{"damage":46,"enemies":"Book of Stabbing","floor":31,"turns":3},{"damage":93,"enemies":"Automaton","floor":33,"turns":6}],"seed_played":"154544105857375219","potions_obtained":[{"floor":1,"key":"GamblersBrew"},{"floor":5,"key":"PowerPotion"},{"floor":10,"key":"DuplicationPotion"},{"floor":12,"key":"FearPotion"},{"floor":16,"key":"EntropicBrew"},{"floor":18,"key":"Energy Potion"},{"floor":25,"key":"Strength Potion"},{"floor":31,"key":"ColorlessPotion"}],"is_trial":false,"path_per_floor":["M","$","?","?","M","E","R","E","T","M","?","M","R","M","R","B",null,"M","$","?","$","?","E","?","M","T","M","$","R","M","E","R","B"],"character_chosen":"IRONCLAD","items_purchased":["Rampage","Toolbox","Bronze Scales","PrismaticShard","Membership Card","Lizard Tail"],"campfire_rested":2,"item_purchase_floors":[2,19,19,21,28,28],"current_hp_per_floor":[74,74,48,53,59,65,65,63,63,69,58,58,58,64,64,11,63,53,53,53,53,53,24,24,28,28,7,7,46,35,39,78,0],"gold":87,"neow_bonus":"THREE_ENEMY_KILL","is_prod":false,"is_daily":false,"chose_seed":false,"campfire_upgraded":3,"win_rate":0,"timestamp":1681079163,"path_taken":["M","$","?","?","M","E","R","E","T","M","?","M","R","M","R","BOSS","M","$","?","?","?","E","?","?","T","M","$","R","M","E","R","BOSS"],"build_version":"2022-12-18","purchased_purges":1,"victory":false,"max_hp_per_floor":[75,75,75,80,80,80,80,80,80,80,80,80,80,80,80,80,80,80,80,80,80,80,80,80,80,80,80,80,80,80,80,80,80],"card_choices":[{"not_picked":["Dark Embrace","Heavy Blade"],"picked":"Anger","floor":1},{"not_picked":["Iron Wave","Thunderclap"],"picked":"Cleave","floor":5},{"not_picked":["Exhume","Whirlwind"],"picked":"Bludgeon","floor":6},{"not_picked":["Pummel+1","Havoc","Anger+1"],"picked":"SKIP","floor":8},{"not_picked":["Wild Strike+1","Clothesline+1","Carnage+1"],"picked":"SKIP","floor":10},{"not_picked":["Infernal Blade","Whirlwind+1"],"picked":"Evolve","floor":12},{"not_picked":["Twin Strike+1","Sword Boomerang+1","Cleave+1"],"picked":"SKIP","floor":14},{"not_picked":["Corruption","Impervious"],"picked":"Berserk","floor":16},{"not_picked":["Sword Boomerang+1","Perfected Strike+1"],"picked":"Cleave+1","floor":18},{"not_picked":["BootSequence","Clothesline+1"],"picked":"Conserve Battery","floor":23},{"not_picked":["Body Slam+1","Havoc","Twin Strike+1"],"picked":"SKIP","floor":25},{"not_picked":["Conserve Battery","Flex"],"picked":"Machine Learning","floor":27},{"not_picked":["Headbutt+1","Masterful Stab+1","JustLucky+1"],"picked":"SKIP","floor":30},{"not_picked":["Fasting2","Escape Plan"],"picked":"PiercingWail","floor":31}],"player_experience":2357728,"relics_obtained":[{"floor":6,"key":"Pen Nib"},{"floor":8,"key":"Molten Egg 2"},{"floor":23,"key":"Old Coin"},{"floor":26,"key":"Torii"},{"floor":31,"key":"Nunchaku"}],"event_choices":[{"damage_healed":0,"gold_gain":0,"player_choice":"Take Damage","damage_taken":26,"relics_obtained":["Golden Idol"],"max_hp_gain":0,"max_hp_loss":0,"event_name":"Golden Idol","floor":3,"gold_loss":0},{"damage_healed":0,"gold_gain":0,"player_choice":"Donut","damage_taken":0,"max_hp_gain":5,"max_hp_loss":0,"event_name":"Big Fish","floor":4,"gold_loss":0},{"damage_healed":0,"gold_gain":0,"player_choice":"Success","damage_taken":11,"relics_obtained":["Regal Pillow"],"max_hp_gain":0,"max_hp_loss":0,"event_name":"Scrap Ooze","floor":11,"gold_loss":0},{"damage_healed":0,"gold_gain":250,"player_choice":"Bet on Owner","damage_taken":0,"max_hp_gain":0,"max_hp_loss":0,"event_name":"The Joust","floor":20,"gold_loss":50},{"damage_healed":0,"gold_gain":0,"player_choice":"Paid Fearfully","damage_taken":0,"max_hp_gain":0,"max_hp_loss":0,"event_name":"Masked Bandits","floor":22,"gold_loss":12},{"damage_healed":0,"gold_gain":0,"player_choice":"Ignored","damage_taken":0,"max_hp_gain":0,"max_hp_loss":0,"event_name":"Vampires","floor":24,"gold_loss":0}],"is_beta":false,"boss_relics":[{"not_picked":["Runic Cube","Tiny House"],"picked":"Empty Cage"}],"items_purged_floors":[21],"is_endless":false,"potions_floor_spawned":[1,5,10,12,16,18,25,31],"killed_by":"Automaton","ascension_level":20}