{"gold_per_floor":[113,123,135,147,157,157,185,203,251,278,301,318,11,40,40,114,114,126,140,55,55],"floor_reached":21,"playtime":625,"items_purged":[],"score":406,"play_id":"c10a1772-52a9-4a64-905e-441cc413bf05","local_time":"20230411224431","is_ascension_mode":true,"campfire_choices":[{"data":"Spot Weakness","floor":6,"key":"SMITH"},{"floor":15,"key":"REST"}],"neow_cost":"NONE","seed_source_timestamp":289020089765200,"circlet_count":0,"master_deck":["AscendersBane","Strike_R","Strike_R","Strike_R+1","Strike_R","Strike_R","Defend_R","Defend_R","Defend_R","Defend_R","Bash","Spot Weakness+1","Sword Boomerang","Evolve","Thunderclap+1","Immolate","Sword Boomerang","Flash of Steel","Shrug It Off","Outmaneuver","LessonLearned","Backflip","Deflect+1"],"relics":["Black Blood","Red Skull","Bag of Marbles","Vajra","Pen Nib","Omamori","PrismaticShard","Blood Vial"],"potions_floor_usage":[7,12,14,19],"damage_taken":[{"damage":23,"enemies":"Cultist","floor":1,"turns":5},{"damage":4,"enemies":"Small Slimes","floor":2,"turns":4},{"damage":3,"enemies":"2 Louse","floor":3,"turns":2},{"damage":18,"enemies":"Red Slaver","floor":4,"turns":5},{"damage":15,"enemies":"Gremlin Gang","floor":5,"turns":3},{"damage":29,"enemies":"Lagavulin","floor":7,"turns":5},{"damage":6,"enemies":"Looter","floor":8,"turns":2},{"damage":6,"enemies":"Gremlin Nob","floor":10,"turns":3},{"damage":7,"enemies":"Large Slime","floor":12,"turns":4},{"damage":10,"enemies":"3 Sentries","floor":14,"turns":4},{"damage":33,"enemies":"Slime Boss","floor":16,"turns":4},{"damage":39,"enemies":"3 Byrds","floor":18,"turns":5},{"damage":21,"enemies":"Shell Parasite","floor":19,"turns":2},{"damage":31,"enemies":"Shelled Parasite and Fungi","floor":21,"turns":2}],"seed_played":"455331170956684900","potions_obtained":[{"floor":2,"key":"Regen Potion"},{"floor":4,"key":"FearPotion"},{"floor":7,"key":"HeartOfIron"},{"floor":14,"key":"DuplicationPotion"}],"is_trial":false,"path_per_floor":["M","M","M","M","M","R","E","M","T","E","T","M","$","E","R","B",null,"M","M","?","M"],"character_chosen":"IRONCLAD","items_purchased":["Flash of Steel","Shrug It Off","PrismaticShard"],"campfire_rested":1,"item_purchase_floors":[13,13,13],"current_hp_per_floor":[51,53,56,44,35,35,12,12,12,12,12,11,11,19,41,14,60,33,24,24,0],"gold":55,"neow_bonus":"RANDOM_COMMON_RELIC","is_prod":false,"is_daily":false,"chose_seed":false,"campfire_upgraded":1,"win_rate":0,"timestamp":1681245871,"path_taken":["M","M","M","M","?","R","E","M","T","E","?","M","?","E","R","BOSS","M","M","?","M"],"build_version":"2022-12-18","purchased_purges":0,"victory":false,"max_hp_per_floor":[75,75,75,75,75,75,75,75,75,75,75,75,75,75,75,75,75,75,75,75,75],"card_choices":[{"not_picked":["Wild Strike","Headbutt"],"picked":"Spot Weakness","floor":1},{"not_picked":["Pommel Strike","Armaments"],"picked":"Sword Boomerang","floor":2},{"not_picked":["Rupture","True Grit"],"picked":"Evolve","floor":3},{"not_picked":["Heavy Blade","Havoc"],"picked":"Thunderclap","floor":4},{"not_picked":["Reckless Charge","Heavy Blade","Warcry"],"picked":"SKIP","floor":5},{"not_picked":["Havoc","Sword Boomerang"],"picked":"Immolate","floor":7},{"not_picked":["Armaments","Perfected Strike","True Grit"],"picked":"SKIP","floor":8},{"not_picked":["Sentinel","Iron Wave","Warcry"],"picked":"SKIP","floor":10},{"not_picked":["Second Wind","Perfected Strike"],"picked":"Sword Boomerang","floor":12},{"not_picked":["Sever Soul","Thunderclap"],"picked":"Outmaneuver","floor":14},{"not_picked":["Establishment","Sadistic Nature"],"picked":"LessonLearned","floor":16},{"not_picked":["Jack Of All Trades","Intimidate"],"picked":"Backflip","floor":18},{"not_picked":["Flying Knee","Masterful Stab"],"picked":"Deflect+1","floor":19}],"player_experience":2361239,"relics_obtained":[{"floor":7,"key":"Bag of Marbles"},{"floor":9,"key":"Vajra"},{"floor":10,"key":"Pen Nib"},{"floor":11,"key":"Omamori"}],"event_choices":[{"damage_healed":0,"gold_gain":0,"player_choice":"Obtained Relic","damage_taken":0,"relics_obtained":["Blood Vial"],"max_hp_gain":0,"max_hp_loss":0,"event_name":"Addict","floor":20,"gold_loss":85}],"is_beta":false,"boss_relics":[{"not_picked":["Sozu","Snecko Eye"],"picked":"Black Blood"}],"items_purged_floors":[],"is_endless":false,"potions_floor_spawned":[2,4,7,10,14],"killed_by":"Shelled Parasite and Fungi","ascension_level":20}