{"gold_per_floor":[118,136,147,72,122,122,148,148,148,162,162],"floor_reached":11,"playtime":292,"items_purged":[],"score":146,"play_id":"d8c2c595-3095-4738-8162-a7ae933b2010","local_time":"20230424220351","is_ascension_mode":true,"campfire_choices":[{"data":"Fiend Fire","floor":6,"key":"SMITH"},{"data":"Bash","floor":8,"key":"SMITH"}],"neow_cost":"NONE","seed_source_timestamp":792687749935800,"circlet_count":0,"master_deck":["AscendersBane","Strike_R","Strike_R","Strike_R","Strike_R","Defend_R","Defend_R","Defend_R","Defend_R","Bash+1","Wild Strike","Fiend Fire+1","Pommel Strike","Shrug It Off"],"relics":["Burning Blood","NeowsBlessing","Blue Candle","Torii"],"potions_floor_usage":[7,10,10],"damage_taken":[{"damage":0,"enemies":"Cultist","floor":1,"turns":1},{"damage":0,"enemies":"Jaw Worm","floor":2,"turns":1},{"damage":0,"enemies":"Small Slimes","floor":3,"turns":1},{"damage":36,"enemies":"Lagavulin","floor":7,"turns":6},{"damage":25,"enemies":"Gremlin Gang","floor":10,"turns":5},{"damage":28,"enemies":"3 Sentries","floor":11,"turns":6}],"seed_played":"46795536641857040","potions_obtained":[{"floor":2,"key":"Weak Potion"},{"floor":3,"key":"SpeedPotion"},{"floor":7,"key":"SkillPotion"}],"is_trial":false,"path_per_floor":["M","M","M","?","?","R","E","R","T","M","E"],"character_chosen":"IRONCLAD","items_purchased":[],"campfire_rested":0,"item_purchase_floors":[],"current_hp_per_floor":[74,75,75,75,75,75,45,45,45,26,0],"gold":162,"neow_bonus":"THREE_ENEMY_KILL","is_prod":false,"is_daily":false,"chose_seed":false,"campfire_upgraded":2,"win_rate":0,"timestamp":1682366631,"path_taken":["M","M","?","?","?","R","E","R","T","?","E"],"build_version":"2022-12-18","purchased_purges":0,"victory":false,"max_hp_per_floor":[75,75,75,75,75,75,75,75,75,75,75],"card_choices":[{"not_picked":["Heavy Blade","Clash"],"picked":"Wild Strike","floor":1},{"not_picked":["Shockwave","Headbutt"],"picked":"Fiend Fire","floor":2},{"not_picked":["Perfected Strike","Sword Boomerang"],"picked":"Pommel Strike","floor":3},{"not_picked":["Uppercut","Clothesline"],"picked":"Shrug It Off","floor":7},{"not_picked":["Warcry","Uppercut","Perfected Strike"],"picked":"SKIP","floor":10}],"player_experience":2382534,"relics_obtained":[{"floor":7,"key":"Blue Candle"},{"floor":9,"key":"Torii"}],"event_choices":[{"cards_removed":["Strike_R"],"damage_healed":0,"gold_gain":0,"player_choice":"Card Removal","damage_taken":0,"max_hp_gain":0,"max_hp_loss":0,"event_name":"The Cleric","floor":4,"gold_loss":75},{"damage_healed":0,"gold_gain":50,"player_choice":"Pray","damage_taken":0,"max_hp_gain":0,"max_hp_loss":0,"event_name":"Golden Shrine","floor":5,"gold_loss":0}],"is_beta":false,"boss_relics":[],"items_purged_floors":[],"is_endless":false,"potions_floor_spawned":[2,3,7],"killed_by":"3 Sentries","ascension_level":20}