{"gold_per_floor":[118,118,18,36,50,50,76,76,131,96,116,142,161,161,161,161],"floor_reached":16,"playtime":594,"items_purged":[],"score":220,"play_id":"e602d3d6-2e84-4104-9e0d-b61cdcac16b3","local_time":"20230420212215","is_ascension_mode":true,"campfire_choices":[{"data":"Uppercut","floor":6,"key":"SMITH"},{"data":"Panacea","floor":8,"key":"SMITH"},{"data":"Flame Barrier","floor":15,"key":"SMITH"}],"neow_cost":"NONE","seed_source_timestamp":444283783115000,"circlet_count":0,"master_deck":["AscendersBane","Strike_R","Strike_R","Strike_R","Strike_R","Defend_R+1","Defend_R","Defend_R","Defend_R+1","Bash+1","Flame Barrier+1","Panacea+1","Sword Boomerang","Uppercut+1","Brutality","Thunderclap","Reaper"],"relics":["Burning Blood","NeowsBlessing","Akabeko","Happy Flower","War Paint"],"potions_floor_usage":[7,16],"damage_taken":[{"damage":0,"enemies":"2 Louse","floor":1,"turns":1},{"damage":0,"enemies":"Cultist","floor":4,"turns":1},{"damage":0,"enemies":"Small Slimes","floor":5,"turns":1},{"damage":30,"enemies":"3 Sentries","floor":7,"turns":12},{"damage":1,"enemies":"Blue Slaver","floor":11,"turns":3},{"damage":20,"enemies":"Gremlin Nob","floor":12,"turns":4},{"damage":0,"enemies":"3 Louse","floor":13,"turns":2},{"damage":74,"enemies":"Hexaghost","floor":16,"turns":11}],"seed_played":"6101908193513069494","potions_obtained":[{"floor":1,"key":"Dexterity Potion"},{"floor":5,"key":"SpeedPotion"},{"floor":7,"key":"BlessingOfTheForge"}],"is_trial":false,"path_per_floor":["M","?","$","M","M","R","E","R","T","?","M","E","M","?","R","B"],"character_chosen":"IRONCLAD","items_purchased":["Panacea"],"campfire_rested":0,"item_purchase_floors":[3],"current_hp_per_floor":[74,74,74,75,75,75,51,51,51,69,74,60,66,66,66,0],"gold":161,"neow_bonus":"THREE_ENEMY_KILL","is_prod":false,"is_daily":false,"chose_seed":false,"campfire_upgraded":3,"win_rate":0,"timestamp":1682018535,"path_taken":["M","?","$","?","?","R","E","R","T","?","M","E","M","?","R","BOSS"],"build_version":"2022-12-18","purchased_purges":0,"victory":false,"max_hp_per_floor":[75,75,75,75,75,75,75,75,75,75,75,75,75,75,75,75],"card_choices":[{"not_picked":["Havoc","Clash"],"picked":"Flame Barrier","floor":1},{"not_picked":["Headbutt","Shrug It Off"],"picked":"Sword Boomerang","floor":4},{"not_picked":["Power Through","Wild Strike"],"picked":"Uppercut","floor":5},{"not_picked":["Dropkick","Sentinel"],"picked":"Brutality","floor":7},{"not_picked":["Sword Boomerang","Warcry"],"picked":"Thunderclap","floor":11},{"not_picked":["Twin Strike","Iron Wave","True Grit"],"picked":"SKIP","floor":12},{"not_picked":["Headbutt","Warcry","Infernal Blade"],"picked":"SKIP","floor":13}],"player_experience":2378884,"relics_obtained":[{"floor":7,"key":"Akabeko"},{"floor":9,"key":"Happy Flower"},{"floor":12,"key":"War Paint"}],"event_choices":[{"damage_healed":0,"gold_gain":0,"player_choice":"Upgraded","damage_taken":0,"max_hp_gain":0,"max_hp_loss":0,"event_name":"Upgrade Shrine","floor":2,"gold_loss":0,"cards_upgraded":["Bash"]},{"damage_healed":18,"gold_gain":0,"player_choice":"Healed","damage_taken":0,"max_hp_gain":0,"max_hp_loss":0,"event_name":"The Cleric","floor":10,"gold_loss":35},{"damage_healed":0,"gold_gain":0,"cards_transformed":["Strike_R"],"player_choice":"Change","damage_taken":0,"max_hp_gain":0,"max_hp_loss":0,"event_name":"Living Wall","floor":14,"gold_loss":0,"cards_obtained":["Reaper"]}],"is_beta":false,"boss_relics":[],"items_purged_floors":[],"is_endless":false,"potions_floor_spawned":[1,5,7,13],"killed_by":"Hexaghost","ascension_level":20}