{"gold_per_floor":[118,132,132,132,48,89,89,125,149,174,174,99,99,143,143,241,241,256,256,256,14,14,48,88,88,114,114,135,171,4,4,4,98,98,113,137,470,692,705,734,734,762,762,772,804,804,804,831,831,831,831,831,831,36,69,69],"floor_reached":56,"playtime":2165,"items_purged":["Strike_R"],"score":2151,"play_id":"9ff379d6-bee2-4fa0-a1c5-69e9fabfc475","local_time":"20230427195400","is_ascension_mode":true,"campfire_choices":[{"data":"Apotheosis","floor":11,"key":"SMITH"},{"floor":13,"key":"REST"},{"floor":15,"key":"REST"},{"floor":25,"key":"RECALL"},{"data":"Shockwave","floor":27,"key":"SMITH"},{"data":"Bash","floor":32,"key":"SMITH"},{"data":"Riddle With Holes","floor":47,"key":"SMITH"},{"data":"Bludgeon","floor":49,"key":"SMITH"},{"data":"Fire Breathing","floor":53,"key":"SMITH"}],"neow_cost":"CURSE","seed_source_timestamp":1042223355084000,"circlet_count":0,"master_deck":["AscendersBane","Defend_R","Defend_R","Bash+1","Apotheosis+1","Clothesline","Pommel Strike","Fire Breathing+1","Bludgeon+1","Havoc","Shockwave","Corruption+1","Shockwave+1","Limit Break","Hemokinesis","Shrug It Off+1","Seeing Red+1","Vault+1","True Grit+1","Shockwave+1","Corruption+1","Pray+1","Wallop+1","Inflame+1","Riddle With Holes+1","Master of Strategy+1","Dark Embrace+1","Panache+1"],"relics":["Burning Blood","Juzu Bracelet","PreservedInsect","MealTicket","Akabeko","Snecko Eye","Art of War","Toxic Egg 2","Red Mask","Nunchaku","Centennial Puzzle","PrismaticShard","Astrolabe","Frozen Egg 2","Red Skull","Bronze Scales","Bag of Preparation","Ice Cream","Toy Ornithopter","Orichalcum","Strange Spoon","CaptainsWheel"],"potions_floor_usage":[16,28,56,56],"damage_taken":[{"damage":7,"enemies":"Small Slimes","floor":1,"turns":4},{"damage":5,"enemies":"Jaw Worm","floor":2,"turns":5},{"damage":42,"enemies":"Gremlin Nob","floor":6,"turns":5},{"damage":15,"enemies":"Lagavulin","floor":8,"turns":6},{"damage":9,"enemies":"2 Louse","floor":10,"turns":2},{"damage":15,"enemies":"3 Sentries","floor":14,"turns":4},{"damage":23,"enemies":"The Guardian","floor":16,"turns":8},{"damage":3,"enemies":"3 Byrds","floor":18,"turns":4},{"damage":15,"enemies":"Book of Stabbing","floor":23,"turns":3},{"damage":2,"enemies":"Masked Bandits","floor":24,"turns":3},{"damage":0,"enemies":"Shell Parasite","floor":28,"turns":1},{"damage":7,"enemies":"Slavers","floor":29,"turns":3},{"damage":14,"enemies":"Collector","floor":33,"turns":5},{"damage":2,"enemies":"3 Shapes","floor":35,"turns":3},{"damage":4,"enemies":"Orb Walker","floor":36,"turns":3},{"damage":2,"enemies":"Transient","floor":39,"turns":7},{"damage":5,"enemies":"Reptomancer","floor":40,"turns":4},{"damage":15,"enemies":"Nemesis","floor":42,"turns":4},{"damage":15,"enemies":"4 Shapes","floor":44,"turns":3},{"damage":0,"enemies":"Giant Head","floor":45,"turns":3},{"damage":2,"enemies":"Reptomancer","floor":48,"turns":3},{"damage":5,"enemies":"Awakened One","floor":50,"turns":8},{"damage":14,"enemies":"Donu and Deca","floor":51,"turns":6},{"damage":12,"enemies":"Shield and Spear","floor":55,"turns":4},{"damage":95,"enemies":"The Heart","floor":56,"turns":7}],"seed_played":"2127147710247720952","potions_obtained":[{"floor":14,"key":"LiquidMemories"},{"floor":16,"key":"DistilledChaos"},{"floor":24,"key":"BloodPotion"},{"floor":29,"key":"Strength Potion"}],"is_trial":false,"path_per_floor":["M","M","?","?","$","E","?","E","T","M","R","?","R","E","R","B",null,"M","?","?","$","$","E","?","R","T","R","M","E","$","?","R","B",null,"M","M","?","?","M","E","T","E","T","M","E","?","R","E","R","B","B",null,"R","$","E","B"],"character_chosen":"IRONCLAD","items_purchased":["Fire Breathing","Art of War","PrismaticShard","Toy Ornithopter","Orichalcum","Strange Spoon","Dark Embrace+1","Panache+1"],"campfire_rested":2,"item_purchase_floors":[5,21,30,54,54,54,54,54],"current_hp_per_floor":[67,68,42,67,67,31,31,22,22,19,19,19,41,32,54,37,66,69,69,69,75,75,66,70,70,70,70,75,74,75,75,75,67,73,75,75,75,75,75,75,75,66,66,57,63,63,63,67,67,68,60,71,71,75,69,0],"gold":69,"neow_bonus":"RANDOM_COLORLESS_2","is_prod":false,"is_daily":false,"chose_seed":false,"campfire_upgraded":6,"win_rate":0,"timestamp":1682618040,"path_taken":["M","M","?","?","$","E","?","E","T","M","R","?","R","E","R","BOSS","M","?","?","?","$","E","?","R","T","R","M","E","$","?","R","BOSS","M","M","?","?","M","E","?","E","T","M","E","?","R","E","R","BOSS","BOSS","R","$","E","BOSS"],"build_version":"2022-12-18","purchased_purges":1,"victory":false,"max_hp_per_floor":[75,75,75,75,75,75,75,75,75,75,75,75,75,75,75,75,75,75,75,75,75,75,75,75,75,75,75,75,75,75,75,75,75,75,75,75,75,75,75,75,75,75,75,75,75,75,75,75,75,75,75,75,75,75,75,75],"card_choices":[{"not_picked":["Secret Technique","Sadistic Nature"],"picked":"Apotheosis","floor":0},{"not_picked":["Rupture","Entrench"],"picked":"Clothesline","floor":1},{"not_picked":["Clash","Iron Wave"],"picked":"Pommel Strike","floor":2},{"not_picked":["Iron Wave","Thunderclap"],"picked":"Bludgeon","floor":6},{"not_picked":["Heavy Blade","Iron Wave"],"picked":"Havoc","floor":8},{"not_picked":["Dropkick","Sword Boomerang","Cleave"],"picked":"SKIP","floor":10},{"not_picked":["Corruption","Thunderclap"],"picked":"Shockwave","floor":14},{"not_picked":["Brutality","Impervious"],"picked":"Corruption","floor":16},{"not_picked":["Sword Boomerang","Body Slam"],"picked":"Shockwave","floor":18},{"not_picked":["Flex+1","Searing Blow"],"picked":"Shrug It Off+1","floor":23},{"not_picked":["Clash","Armaments+1"],"picked":"Seeing Red+1","floor":28},{"not_picked":["Power Through+1","Spot Weakness+1","Body Slam"],"picked":"SKIP","floor":29},{"not_picked":["Offering+1","Phantasmal Killer+1"],"picked":"Vault+1","floor":33},{"not_picked":["Conserve Battery+1","All Out Attack","Gash"],"picked":"SKIP","floor":35},{"not_picked":["Slice+1","Acrobatics+1","Iron Wave"],"picked":"SKIP","floor":36},{"not_picked":["Flame Barrier+1","Blind+1"],"picked":"Pray+1","floor":39},{"not_picked":["Blur+1","Seeing Red+1"],"picked":"Wallop+1","floor":40},{"not_picked":["Finesse+1","EmptyFist","Escape Plan+1"],"picked":"SKIP","floor":42},{"not_picked":["Dagger Spray","Beam Cell"],"picked":"Inflame+1","floor":44},{"not_picked":["Poisoned Stab+1","Clothesline"],"picked":"Riddle With Holes","floor":45},{"not_picked":["Blind+1","Thinking Ahead+1"],"picked":"Master of Strategy+1","floor":46},{"not_picked":["Flex+1","Flying Knee","Hemokinesis"],"picked":"SKIP","floor":48},{"not_picked":["Entrench+1","Expertise+1","Glass Knife"],"picked":"SKIP","floor":55}],"player_experience":2383146,"relics_obtained":[{"floor":6,"key":"Juzu Bracelet"},{"floor":8,"key":"PreservedInsect"},{"floor":9,"key":"MealTicket"},{"floor":14,"key":"Akabeko"},{"floor":23,"key":"Toxic Egg 2"},{"floor":24,"key":"Red Mask"},{"floor":26,"key":"Nunchaku"},{"floor":29,"key":"Centennial Puzzle"},{"floor":40,"key":"Frozen Egg 2"},{"floor":42,"key":"Red Skull"},{"floor":43,"key":"Bronze Scales"},{"floor":45,"key":"Bag of Preparation"},{"floor":48,"key":"Ice Cream"},{"floor":55,"key":"CaptainsWheel"}],"event_choices":[{"damage_healed":0,"gold_gain":0,"player_choice":"Take Damage","damage_taken":26,"relics_obtained":["Golden Idol"],"max_hp_gain":0,"max_hp_loss":0,"event_name":"Golden Idol","floor":3,"gold_loss":0},{"damage_healed":25,"gold_gain":0,"player_choice":"Banana","damage_taken":0,"max_hp_gain":0,"max_hp_loss":0,"event_name":"Big Fish","floor":4,"gold_loss":0},{"cards_removed":["Writhe"],"damage_healed":0,"gold_gain":0,"player_choice":"Forget","damage_taken":0,"max_hp_gain":0,"max_hp_loss":0,"event_name":"Living Wall","floor":7,"gold_loss":0},{"cards_removed":["Strike_R"],"damage_healed":0,"gold_gain":0,"player_choice":"Card Removal","damage_taken":0,"max_hp_gain":0,"max_hp_loss":0,"event_name":"The Cleric","floor":12,"gold_loss":75},{"damage_healed":0,"gold_gain":0,"cards_transformed":["Strike_R","Strike_R"],"player_choice":"Became Test Subject","damage_taken":0,"max_hp_gain":0,"max_hp_loss":0,"event_name":"Drug Dealer","floor":19,"gold_loss":0,"cards_obtained":["Limit Break","Hemokinesis"]},{"damage_healed":0,"gold_gain":0,"player_choice":"Ignored","damage_taken":0,"max_hp_gain":0,"max_hp_loss":0,"event_name":"Vampires","floor":20,"gold_loss":0},{"damage_healed":0,"gold_gain":0,"player_choice":"Fought Bandits","damage_taken":0,"max_hp_gain":0,"max_hp_loss":0,"event_name":"Masked Bandits","floor":24,"gold_loss":0},{"damage_healed":0,"gold_gain":0,"player_choice":"Upgraded","damage_taken":0,"max_hp_gain":0,"max_hp_loss":0,"event_name":"Upgrade Shrine","floor":31,"gold_loss":0,"cards_upgraded":["Corruption"]},{"damage_healed":0,"gold_gain":333,"player_choice":"Gave Idol","damage_taken":0,"max_hp_gain":0,"max_hp_loss":0,"event_name":"The Moai Head","floor":37,"relics_lost":["Golden Idol"],"gold_loss":0},{"damage_healed":0,"gold_gain":222,"player_choice":"Wore Mask","damage_taken":0,"max_hp_gain":0,"max_hp_loss":0,"event_name":"Tomb of Lord Red Mask","floor":38,"gold_loss":0},{"damage_healed":0,"gold_gain":0,"player_choice":"Memory 1","damage_taken":0,"max_hp_gain":0,"max_hp_loss":0,"event_name":"SensoryStone","floor":46,"gold_loss":0}],"is_beta":false,"boss_relics":[{"not_picked":["Ectoplasm","Busted Crown"],"picked":"Snecko Eye"},{"not_picked":["Runic Cube","Cursed Key"],"picked":"Astrolabe"}],"items_purged_floors":[21],"is_endless":false,"potions_floor_spawned":[14,16,24,29,33,36,45,48,55],"killed_by":"The Heart","ascension_level":20}