{"gold_per_floor":[119,134,44,44,44,75,75,107,176,176,176,187,212,228,228,299,299,313,332,343,70,87,120,138,138,138,153,153,178,178,212,212,212],"floor_reached":33,"playtime":1198,"items_purged":[],"score":700,"play_id":"8986bcf1-6a28-470e-a9f9-472847f637e8","local_time":"20230422122614","is_ascension_mode":true,"campfire_choices":[{"data":"Fire Breathing","floor":7,"key":"SMITH"},{"floor":10,"key":"REST"},{"data":"Armaments","floor":15,"key":"SMITH"},{"floor":25,"key":"REST"},{"data":"Berserk","floor":28,"key":"SMITH"},{"data":"Feel No Pain","floor":30,"key":"SMITH"},{"floor":32,"key":"REST"}],"neow_cost":"NONE","seed_source_timestamp":584318566043100,"circlet_count":0,"master_deck":["AscendersBane","Strike_R","Strike_R","Strike_R","Strike_R","Defend_R+1","Defend_R+1","Defend_R","Defend_R","Bash","Uppercut","Fire Breathing+1","Immolate","Shockwave","Immolate","Double Tap","Berserk+1","Armaments+1","Feed","Power Through","Havoc+1","Discovery","Offering","Shrug It Off+1","Feel No Pain+1"],"relics":["Burning Blood","NeowsBlessing","Boot","Gambling Chip","Question Card","Lantern","Mark of Pain","ClockworkSouvenir","Ancient Tea Set","Potion Belt","Bag of Marbles","Bronze Scales"],"potions_floor_usage":[14,22,23,29,33],"damage_taken":[{"damage":3,"enemies":"Small Slimes","floor":1,"turns":2},{"damage":0,"enemies":"Jaw Worm","floor":2,"turns":1},{"damage":0,"enemies":"Gremlin Nob","floor":6,"turns":1},{"damage":32,"enemies":"Lagavulin","floor":8,"turns":8},{"damage":0,"enemies":"Cultist","floor":12,"turns":3},{"damage":8,"enemies":"Gremlin Nob","floor":13,"turns":3},{"damage":0,"enemies":"Exordium Wildlife","floor":14,"turns":1},{"damage":15,"enemies":"Slime Boss","floor":16,"turns":7},{"damage":11,"enemies":"Spheric Guardian","floor":18,"turns":3},{"damage":8,"enemies":"2 Thieves","floor":19,"turns":2},{"damage":29,"enemies":"Shelled Parasite and Fungi","floor":20,"turns":5},{"damage":1,"enemies":"Centurion and Healer","floor":22,"turns":4},{"damage":49,"enemies":"Book of Stabbing","floor":23,"turns":5},{"damage":6,"enemies":"Cultist and Chosen","floor":24,"turns":3},{"damage":0,"enemies":"Chosen and Byrds","floor":27,"turns":3},{"damage":10,"enemies":"Slavers","floor":29,"turns":4},{"damage":15,"enemies":"Book of Stabbing","floor":31,"turns":5},{"damage":66,"enemies":"Champ","floor":33,"turns":8}],"seed_played":"-2800333083075039463","potions_obtained":[{"floor":1,"key":"Explosive Potion"},{"floor":6,"key":"Strength Potion"},{"floor":12,"key":"BloodPotion"},{"floor":14,"key":"Energy Potion"},{"floor":22,"key":"Weak Potion"},{"floor":24,"key":"Weak Potion"},{"floor":27,"key":"Swift Potion"},{"floor":29,"key":"FearPotion"}],"is_trial":false,"path_per_floor":["M","M","$","?","?","E","R","E","T","R","?","M","E","M","R","B",null,"M","M","M","$","M","E","M","R","T","M","R","E","R","E","R","B"],"character_chosen":"IRONCLAD","items_purchased":["Immolate","ClockworkSouvenir","Discovery"],"campfire_rested":3,"item_purchase_floors":[3,21,21],"current_hp_per_floor":[71,75,75,75,52,58,58,32,32,54,54,60,58,64,64,55,70,65,63,40,40,63,20,20,43,43,49,49,48,48,39,63,0],"gold":212,"neow_bonus":"THREE_ENEMY_KILL","is_prod":false,"is_daily":false,"chose_seed":false,"campfire_upgraded":4,"win_rate":0,"timestamp":1682159174,"path_taken":["M","M","$","?","?","E","R","E","T","R","?","M","E","M","R","BOSS","M","M","M","$","?","E","M","R","T","M","R","E","R","E","R","BOSS"],"build_version":"2022-12-18","purchased_purges":0,"victory":false,"max_hp_per_floor":[75,75,75,75,75,75,75,75,75,75,75,75,75,75,75,75,75,75,75,75,75,78,78,78,78,78,78,78,81,81,81,81,81],"card_choices":[{"not_picked":["Headbutt","Wild Strike"],"picked":"Uppercut","floor":1},{"not_picked":["Whirlwind","Sword Boomerang"],"picked":"Fire Breathing","floor":2},{"not_picked":["Clothesline","Sentinel"],"picked":"Immolate","floor":6},{"not_picked":["Wild Strike","Headbutt","Rupture"],"picked":"SKIP","floor":8},{"not_picked":["Twin Strike","Flex","Cleave","Dual Wield"],"picked":"SKIP","floor":12},{"not_picked":["Power Through","Disarm","Pummel"],"picked":"Berserk","floor":13},{"not_picked":["Uppercut","Body Slam","Inflame"],"picked":"Armaments","floor":14},{"not_picked":["Fiend Fire","Double Tap","Juggernaut"],"picked":"Feed","floor":16},{"not_picked":["Clash","Disarm","Seeing Red"],"picked":"Power Through","floor":18},{"not_picked":["Perfected Strike","Rampage","Anger+1","Feel No Pain"],"picked":"SKIP","floor":19},{"not_picked":["Heavy Blade+1","Clothesline","Cleave"],"picked":"Havoc+1","floor":20},{"not_picked":["Intimidate","Havoc","Twin Strike"],"picked":"Offering","floor":22},{"not_picked":["Flame Barrier","Flex","Carnage+1","Iron Wave"],"picked":"SKIP","floor":23},{"not_picked":["Clothesline","Rampage","Heavy Blade"],"picked":"Shrug It Off+1","floor":24},{"not_picked":["Anger+1","Bludgeon","Body Slam","Uppercut"],"picked":"SKIP","floor":27},{"not_picked":["Blood for Blood","Thunderclap","Berserk"],"picked":"Feel No Pain","floor":29},{"not_picked":["Cleave","Metallicize","Clash","Armaments"],"picked":"SKIP","floor":31}],"player_experience":2380359,"relics_obtained":[{"floor":6,"key":"Boot"},{"floor":8,"key":"Gambling Chip"},{"floor":9,"key":"Question Card"},{"floor":13,"key":"Lantern"},{"floor":23,"key":"Ancient Tea Set"},{"floor":26,"key":"Potion Belt"},{"floor":29,"key":"Bag of Marbles"},{"floor":31,"key":"Bronze Scales"}],"event_choices":[{"damage_healed":0,"gold_gain":0,"cards_transformed":["Strike_R"],"player_choice":"Change","damage_taken":0,"max_hp_gain":0,"max_hp_loss":0,"event_name":"Living Wall","floor":4,"gold_loss":0,"cards_obtained":["Shockwave"]},{"damage_healed":0,"gold_gain":0,"player_choice":"Entered Light","damage_taken":23,"max_hp_gain":0,"max_hp_loss":0,"event_name":"Shining Light","floor":5,"gold_loss":0,"cards_upgraded":["Defend_R","Defend_R"]},{"damage_healed":0,"gold_gain":0,"player_choice":"1 cards matched","damage_taken":0,"max_hp_gain":0,"max_hp_loss":0,"event_name":"Match and Keep!","floor":11,"gold_loss":0,"cards_obtained":["Double Tap"]}],"is_beta":false,"boss_relics":[{"not_picked":["Ectoplasm","Velvet Choker"],"picked":"Mark of Pain"}],"items_purged_floors":[],"is_endless":false,"potions_floor_spawned":[1,6,12,14,22,24,27,29],"killed_by":"Champ","ascension_level":20}