{"gold_per_floor":[109,6,156,156,1,1,36,36,36,36,62,137,163,0,0,0],"floor_reached":16,"playtime":320,"items_purged":["Strike_R","Doubt"],"score":324,"play_id":"702c169c-2a66-404b-b351-bdf20b3cef94","local_time":"20230427191739","is_ascension_mode":true,"campfire_choices":[{"data":"Bash","floor":6,"key":"SMITH"},{"data":"Twin Strike","floor":8,"key":"SMITH"},{"data":"Thunderclap","floor":10,"key":"SMITH"},{"data":"Armaments","floor":15,"key":"SMITH"}],"neow_cost":"NONE","seed_source_timestamp":1041888968107000,"circlet_count":0,"master_deck":["AscendersBane","Strike_R","Strike_R","Strike_R","Strike_R","Defend_R","Defend_R+1","Defend_R","Defend_R","Bash+1","Flex+1","Thunderclap+1","Twin Strike+1","Seeing Red","Shrug It Off","Cleave","Brutality","Whirlwind","Juggernaut","Armaments+1","Flame Barrier"],"relics":["Burning Blood","NeowsBlessing","Nunchaku","Darkstone Periapt","Ginger","War Paint","Orrery"],"potions_floor_usage":[16],"damage_taken":[{"damage":0,"enemies":"2 Louse","floor":1,"turns":1},{"damage":0,"enemies":"Lagavulin","floor":7,"turns":1},{"damage":0,"enemies":"Gremlin Nob","floor":11,"turns":1},{"damage":30,"enemies":"Lagavulin","floor":13,"turns":4},{"damage":72,"enemies":"Hexaghost","floor":16,"turns":12}],"seed_played":"8717134549778436241","potions_obtained":[{"floor":11,"key":"FairyPotion"},{"floor":13,"key":"DuplicationPotion"}],"is_trial":false,"path_per_floor":["M","$","?","?","$","R","E","R","T","R","E","?","E","$","R","B"],"character_chosen":"IRONCLAD","items_purchased":["Thunderclap","Twin Strike","Orrery"],"campfire_rested":0,"item_purchase_floors":[2,5,14],"current_hp_per_floor":[74,74,74,79,79,79,80,80,80,80,80,69,45,45,45,0],"gold":0,"neow_bonus":"THREE_ENEMY_KILL","is_prod":false,"is_daily":false,"chose_seed":false,"campfire_upgraded":4,"win_rate":0,"timestamp":1682615859,"path_taken":["M","$","?","?","?","R","E","R","T","R","E","?","E","$","R","BOSS"],"build_version":"2022-12-18","purchased_purges":2,"victory":false,"max_hp_per_floor":[75,75,75,80,80,80,80,80,80,80,80,80,80,80,80,80],"card_choices":[{"not_picked":["Warcry","Iron Wave"],"picked":"Flex","floor":1},{"not_picked":["True Grit","Havoc"],"picked":"Seeing Red","floor":7},{"not_picked":["Bloodletting","Clash"],"picked":"Shrug It Off","floor":11},{"not_picked":["Wild Strike","Havoc"],"picked":"Cleave","floor":13},{"not_picked":["Wild Strike","Shrug It Off"],"picked":"Brutality","floor":14},{"not_picked":["Clash","Havoc"],"picked":"Whirlwind","floor":14},{"not_picked":["Perfected Strike","Body Slam"],"picked":"Juggernaut","floor":14},{"not_picked":["Havoc","True Grit"],"picked":"Armaments","floor":14},{"not_picked":["Dual Wield","Heavy Blade"],"picked":"Flame Barrier","floor":14}],"player_experience":2382826,"relics_obtained":[{"floor":7,"key":"Nunchaku"},{"floor":9,"key":"Darkstone Periapt"},{"floor":11,"key":"Ginger"},{"floor":13,"key":"War Paint"}],"event_choices":[{"damage_healed":0,"gold_gain":150,"player_choice":"AGREE","damage_taken":0,"max_hp_gain":0,"max_hp_loss":0,"event_name":"Liars Game","floor":3,"gold_loss":0,"cards_obtained":["Doubt"]},{"damage_healed":0,"gold_gain":0,"player_choice":"Donut","damage_taken":0,"max_hp_gain":5,"max_hp_loss":0,"event_name":"Big Fish","floor":4,"gold_loss":0},{"damage_healed":0,"gold_gain":75,"player_choice":"Gather Gold","damage_taken":11,"max_hp_gain":0,"max_hp_loss":0,"event_name":"World of Goop","floor":12,"gold_loss":0}],"is_beta":false,"boss_relics":[],"items_purged_floors":[2,5],"is_endless":false,"potions_floor_spawned":[11,13],"killed_by":"Hexaghost","ascension_level":20}