{"gold_per_floor":[12,12,12,12,25,52,52,52,77,95,95,108,108,137,137,216,216,235,285,285,297,309,309],"floor_reached":23,"playtime":810,"items_purged":[],"score":398,"play_id":"b6eb060b-3e3c-4d65-a776-7af67c130a85","local_time":"20230422235816","is_ascension_mode":true,"campfire_choices":[{"data":"Feed","floor":7,"key":"SMITH"},{"data":"Mayhem","floor":11,"key":"SMITH"},{"data":"Bludgeon","floor":13,"key":"SMITH"},{"data":"Bash","floor":15,"key":"SMITH"}],"neow_cost":"NO_GOLD","seed_source_timestamp":626232637433300,"circlet_count":0,"master_deck":["AscendersBane","Strike_R","Strike_R","Strike_R","Strike_R+1","Defend_R","Defend_R","Defend_R","Defend_R+1","Bash+1","Mayhem+1","Clothesline","Burning Pact","Feed+1","Pommel Strike","Bludgeon+1","Anger","Berserk","Decay","Second Wind"],"relics":["Burning Blood","Lantern","Smiling Mask","Dream Catcher","Nunchaku","Mark of Pain"],"potions_floor_usage":[16,16,23],"damage_taken":[{"damage":7,"enemies":"Jaw Worm","floor":1,"turns":3},{"damage":0,"enemies":"Cultist","floor":5,"turns":4},{"damage":30,"enemies":"Lagavulin","floor":6,"turns":8},{"damage":4,"enemies":"Small Slimes","floor":10,"turns":3},{"damage":12,"enemies":"Exordium Wildlife","floor":12,"turns":3},{"damage":8,"enemies":"Gremlin Nob","floor":14,"turns":3},{"damage":18,"enemies":"Hexaghost","floor":16,"turns":8},{"damage":56,"enemies":"3 Byrds","floor":18,"turns":7},{"damage":0,"enemies":"Chosen","floor":21,"turns":2},{"damage":23,"enemies":"Snecko","floor":22,"turns":4},{"damage":20,"enemies":"Slavers","floor":23,"turns":1}],"seed_played":"-4152350575275039797","potions_obtained":[{"floor":6,"key":"Dexterity Potion"},{"floor":12,"key":"Regen Potion"},{"floor":21,"key":"Energy Potion"}],"is_trial":false,"path_per_floor":["M","$","?","?","M","E","R","T","T","M","R","M","R","E","R","B",null,"M","?","?","M","M","E"],"character_chosen":"IRONCLAD","items_purchased":[],"campfire_rested":0,"item_purchase_floors":[],"current_hp_per_floor":[67,67,67,44,50,29,29,29,29,35,35,29,29,31,31,34,73,27,27,27,33,16,0],"gold":309,"neow_bonus":"RANDOM_COLORLESS_2","is_prod":false,"is_daily":false,"chose_seed":false,"campfire_upgraded":4,"win_rate":0,"timestamp":1682200696,"path_taken":["M","$","?","?","M","E","R","?","T","?","R","M","R","E","R","BOSS","M","?","?","M","M","E"],"build_version":"2022-12-18","purchased_purges":0,"victory":false,"max_hp_per_floor":[75,75,75,75,75,78,78,78,78,82,82,82,82,86,86,86,86,90,90,90,90,90,90],"card_choices":[{"not_picked":["Thinking Ahead","Metamorphosis"],"picked":"Mayhem","floor":0},{"not_picked":["Twin Strike","Shrug It Off"],"picked":"Clothesline","floor":1},{"not_picked":["Perfected Strike","Seeing Red"],"picked":"Feed","floor":5},{"not_picked":["Dark Embrace","True Grit"],"picked":"Pommel Strike","floor":6},{"not_picked":["Clash","Twin Strike","Flex"],"picked":"SKIP","floor":10},{"not_picked":["Dropkick","Flex"],"picked":"Bludgeon","floor":12},{"not_picked":["Burning Pact","Pommel Strike"],"picked":"Anger","floor":14},{"not_picked":["Offering","Corruption"],"picked":"Berserk","floor":16},{"not_picked":["Body Slam","Twin Strike","Warcry"],"picked":"SKIP","floor":18},{"not_picked":["Battle Trance","Flex"],"picked":"Second Wind","floor":21},{"not_picked":["Cleave","Hemokinesis","Clash"],"picked":"SKIP","floor":22}],"player_experience":2381557,"relics_obtained":[{"floor":6,"key":"Lantern"},{"floor":8,"key":"Smiling Mask"},{"floor":9,"key":"Dream Catcher"},{"floor":14,"key":"Nunchaku"}],"event_choices":[{"damage_healed":0,"gold_gain":0,"cards_transformed":["Strike_R"],"player_choice":"Change","damage_taken":0,"max_hp_gain":0,"max_hp_loss":0,"event_name":"Living Wall","floor":3,"gold_loss":0,"cards_obtained":["Burning Pact"]},{"damage_healed":0,"gold_gain":0,"player_choice":"Entered Light","damage_taken":23,"max_hp_gain":0,"max_hp_loss":0,"event_name":"Shining Light","floor":4,"gold_loss":0,"cards_upgraded":["Strike_R","Defend_R"]},{"damage_healed":0,"gold_gain":50,"player_choice":"Stole From Cult","damage_taken":0,"max_hp_gain":0,"max_hp_loss":0,"event_name":"Nest","floor":19,"gold_loss":0},{"damage_healed":0,"gold_gain":0,"player_choice":"Smashed Altar","damage_taken":0,"max_hp_gain":0,"max_hp_loss":0,"event_name":"Forgotten Altar","floor":20,"gold_loss":0,"cards_obtained":["Decay"]}],"is_beta":false,"boss_relics":[{"not_picked":["Ectoplasm","Fusion Hammer"],"picked":"Mark of Pain"}],"items_purged_floors":[],"is_endless":false,"potions_floor_spawned":[6,12,14,21],"killed_by":"Slavers","ascension_level":20}