{"gold_per_floor":[118,118,128,128,141,167,167,178,202,244,256,20,20,20,20,98,98,114,31,42,42,42,42,67,81,131,156,27,27,61,77,77,77],"floor_reached":33,"playtime":1059,"items_purged":[],"score":622,"play_id":"32379470-85f0-453e-afde-95823b2bfb37","local_time":"20230505215529","is_ascension_mode":true,"campfire_choices":[{"data":"Shockwave","floor":7,"key":"SMITH"},{"data":"Bludgeon","floor":11,"key":"SMITH"},{"data":"Bash","floor":13,"key":"SMITH"},{"floor":15,"key":"REST"},{"data":"Juggernaut","floor":23,"key":"SMITH"},{"data":"Entrench","floor":32,"key":"SMITH"}],"neow_cost":"CURSE","seed_source_timestamp":0,"circlet_count":0,"master_deck":["AscendersBane","Defend_R","Defend_R+1","Defend_R","Bash+1","Sword Boomerang+1","Flame Barrier","Shockwave+1","Pommel Strike","Metallicize","Bludgeon+1","Juggernaut+1","Juggernaut+1","Battle Trance+1","Combust+1","True Grit","Body Slam+1","Whirlwind","Entrench+1","Seeing Red+1","Bandage Up","Power Through"],"special_seed":0,"relics":["Burning Blood","Mango","Art of War","MawBank","MealTicket","Membership Card","Bag of Preparation","Astrolabe","Anchor","Ancient Tea Set","Paper Frog","Bag of Marbles","Oddly Smooth Stone","Bronze Scales","White Beast Statue","Centennial Puzzle"],"potions_floor_usage":[6,10,27,33,33],"damage_taken":[{"damage":10,"enemies":"2 Louse","floor":1,"turns":4},{"damage":1,"enemies":"Cultist","floor":3,"turns":3},{"damage":4,"enemies":"Small Slimes","floor":5,"turns":3},{"damage":50,"enemies":"3 Sentries","floor":6,"turns":13},{"damage":7,"enemies":"Blue Slaver","floor":8,"turns":4},{"damage":9,"enemies":"Lagavulin","floor":10,"turns":7},{"damage":25,"enemies":"Slime Boss","floor":16,"turns":7},{"damage":11,"enemies":"Spheric Guardian","floor":18,"turns":3},{"damage":0,"enemies":"3 Byrds","floor":20,"turns":3},{"damage":42,"enemies":"Gremlin Leader","floor":24,"turns":5},{"damage":11,"enemies":"Cultist and Chosen","floor":25,"turns":5},{"damage":1,"enemies":"Book of Stabbing","floor":27,"turns":4},{"damage":21,"enemies":"Slavers","floor":30,"turns":5},{"damage":5,"enemies":"Snake Plant","floor":31,"turns":3},{"damage":84,"enemies":"Automaton","floor":33,"turns":8}],"seed_played":"-1817638853211632438","potions_obtained":[{"floor":1,"key":"ElixirPotion"},{"floor":5,"key":"Energy Potion"},{"floor":8,"key":"ColorlessPotion"},{"floor":16,"key":"Regen Potion"},{"floor":24,"key":"SkillPotion"},{"floor":30,"key":"ColorlessPotion"}],"is_trial":false,"path_per_floor":["M","?","M","?","M","E","R","M","T","E","R","$","R","?","R","B",null,"M","$","M","?","?","R","E","M","T","E","$","T","E","M","R","B"],"character_chosen":"IRONCLAD","items_purchased":["Membership Card","Bag of Preparation","Anchor","Bronze Scales","Bandage Up"],"campfire_rested":1,"item_purchase_floors":[12,12,19,28,28],"current_hp_per_floor":[78,78,83,76,78,34,34,33,33,30,30,45,45,18,44,25,73,68,83,89,89,89,89,53,48,48,53,68,68,57,62,62,0],"gold":77,"neow_bonus":"ONE_RARE_RELIC","is_prod":false,"is_daily":false,"chose_seed":false,"campfire_upgraded":5,"win_rate":0,"timestamp":1683316529,"path_taken":["M","?","?","?","M","E","R","M","T","E","R","$","R","?","R","BOSS","M","$","M","?","?","R","E","?","T","E","?","?","E","M","R","BOSS"],"build_version":"2022-12-18","purchased_purges":0,"victory":false,"max_hp_per_floor":[89,89,89,89,89,89,89,89,89,89,89,89,89,89,89,89,89,89,89,89,89,89,89,89,89,89,89,89,89,89,89,89,89],"card_choices":[{"not_picked":["Perfected Strike","Burning Pact"],"picked":"Sword Boomerang","floor":1},{"not_picked":["Warcry","Sentinel"],"picked":"Flame Barrier","floor":3},{"not_picked":["Anger","Battle Trance"],"picked":"Shockwave","floor":5},{"not_picked":["Headbutt","True Grit"],"picked":"Pommel Strike","floor":6},{"not_picked":["Burning Pact","Clash"],"picked":"Metallicize","floor":8},{"not_picked":["Wild Strike","Rupture"],"picked":"Bludgeon","floor":10},{"not_picked":["Brutality","Demon Form"],"picked":"Juggernaut","floor":16},{"not_picked":["Clothesline","Reckless Charge"],"picked":"True Grit","floor":18},{"not_picked":["Clash","Flex"],"picked":"Body Slam+1","floor":20},{"not_picked":["Dropkick","Anger"],"picked":"Seeing Red+1","floor":24},{"not_picked":["Battle Trance","Anger","Evolve"],"picked":"SKIP","floor":25},{"not_picked":["Pommel Strike","Clash","Exhume"],"picked":"SKIP","floor":27},{"not_picked":["Twin Strike","Searing Blow","Heavy Blade"],"picked":"SKIP","floor":30},{"not_picked":["Pommel Strike","Headbutt"],"picked":"Power Through","floor":31}],"player_experience":2391790,"relics_obtained":[{"floor":6,"key":"Art of War"},{"floor":9,"key":"MawBank"},{"floor":10,"key":"MealTicket"},{"floor":24,"key":"Paper Frog"},{"floor":26,"key":"Bag of Marbles"},{"floor":27,"key":"Oddly Smooth Stone"},{"floor":29,"key":"White Beast Statue"},{"floor":30,"key":"Centennial Puzzle"}],"event_choices":[{"cards_removed":["Decay"],"damage_healed":0,"gold_gain":0,"player_choice":"Purged","damage_taken":0,"max_hp_gain":0,"max_hp_loss":0,"event_name":"Purifier","floor":2,"gold_loss":0},{"cards_removed":["Defend_R"],"damage_healed":0,"gold_gain":0,"player_choice":"Card Removal","damage_taken":7,"max_hp_gain":0,"max_hp_loss":0,"event_name":"Golden Wing","floor":4,"gold_loss":0},{"damage_healed":0,"gold_gain":0,"player_choice":"Entered Light","damage_taken":27,"max_hp_gain":0,"max_hp_loss":0,"event_name":"Shining Light","floor":14,"gold_loss":0,"cards_upgraded":["Defend_R","Sword Boomerang"]},{"damage_healed":0,"gold_gain":0,"cards_transformed":["Strike_R","Strike_R"],"player_choice":"Became Test Subject","damage_taken":0,"max_hp_gain":0,"max_hp_loss":0,"event_name":"Drug Dealer","floor":21,"gold_loss":0,"cards_obtained":["Whirlwind","Entrench"]},{"damage_healed":0,"gold_gain":0,"player_choice":"Gave Potion","damage_taken":0,"relics_obtained":["Ancient Tea Set"],"max_hp_gain":0,"max_hp_loss":0,"event_name":"WeMeetAgain","floor":22,"gold_loss":0}],"is_beta":false,"boss_relics":[{"not_picked":["Cursed Key","Fusion Hammer"],"picked":"Astrolabe"}],"items_purged_floors":[],"is_endless":false,"potions_floor_spawned":[1,5,8,16,24,30,31],"killed_by":"Automaton","ascension_level":20}