{"gold_per_floor":[20,20,33,33,33,33,62,62,62,77,112,129,129,156,156,230,230,248,248,298,310,200,200],"floor_reached":23,"playtime":702,"items_purged":[],"score":439,"play_id":"a3f3143e-1661-45d9-968d-f7d0b5c71fb8","local_time":"20230520154504","is_ascension_mode":true,"campfire_choices":[{"data":"Bash","floor":6,"key":"SMITH"},{"data":"Spot Weakness","floor":8,"key":"SMITH"},{"floor":15,"key":"REST"}],"neow_cost":"NO_GOLD","seed_source_timestamp":500933866856300,"circlet_count":0,"master_deck":["AscendersBane","Strike_R","Strike_R","Defend_R+1","Defend_R","Defend_R","Bash+1","Shrug It Off","Reckless Charge","Clothesline","Spot Weakness+1","Dark Embrace","Flame Barrier","Feel No Pain","Demon Form","Intimidate","Heavy Blade"],"relics":["Burning Blood","Art of War","Strawberry","Red Skull","Snecko Eye","Nilry\u0027s Codex"],"potions_floor_usage":[11,14,16,23],"damage_taken":[{"damage":7,"enemies":"2 Louse","floor":1,"turns":4},{"damage":7,"enemies":"Cultist","floor":3,"turns":4},{"damage":34,"enemies":"Lagavulin","floor":7,"turns":7},{"damage":4,"enemies":"Small Slimes","floor":10,"turns":3},{"damage":30,"enemies":"Gremlin Nob","floor":11,"turns":4},{"damage":10,"enemies":"Red Slaver","floor":12,"turns":4},{"damage":4,"enemies":"Lagavulin","floor":14,"turns":8},{"damage":45,"enemies":"The Guardian","floor":16,"turns":12},{"damage":4,"enemies":"Chosen","floor":18,"turns":6},{"damage":4,"enemies":"3 Byrds","floor":21,"turns":5},{"damage":64,"enemies":"Gremlin Leader","floor":23,"turns":5}],"seed_played":"-1693865591579046282","potions_obtained":[{"floor":10,"key":"Strength Potion"},{"floor":12,"key":"PowerPotion"},{"floor":14,"key":"Dexterity Potion"},{"floor":16,"key":"Strength Potion"},{"floor":18,"key":"Block Potion"}],"is_trial":false,"path_per_floor":["M","?","M","?","?","R","E","R","T","M","E","M","?","E","R","B",null,"M","?","?","M","?","E"],"character_chosen":"IRONCLAD","items_purchased":[],"campfire_rested":1,"item_purchase_floors":[],"current_hp_per_floor":[81,81,80,80,73,73,45,45,45,47,30,26,26,28,56,17,76,78,57,57,59,59,0],"gold":200,"neow_bonus":"TWENTY_PERCENT_HP_BONUS","is_prod":false,"is_daily":false,"chose_seed":false,"campfire_upgraded":2,"win_rate":0,"timestamp":1684590304,"path_taken":["M","?","M","?","?","R","E","R","T","M","E","M","?","E","R","BOSS","M","?","?","M","?","E"],"build_version":"2022-12-18","purchased_purges":0,"victory":false,"max_hp_per_floor":[89,89,89,89,89,89,89,89,89,89,96,96,96,96,96,96,96,96,96,96,96,96,96],"card_choices":[{"not_picked":["Headbutt","Twin Strike"],"picked":"Shrug It Off","floor":1},{"not_picked":["True Grit","Sentinel"],"picked":"Clothesline","floor":3},{"not_picked":["Twin Strike","Corruption"],"picked":"Spot Weakness","floor":7},{"not_picked":["Searing Blow","Havoc"],"picked":"Dark Embrace","floor":10},{"not_picked":["Combust","Anger"],"picked":"Flame Barrier","floor":11},{"not_picked":["Clothesline","Sword Boomerang"],"picked":"Feel No Pain","floor":12},{"not_picked":["Combust","Hemokinesis","Clash"],"picked":"SKIP","floor":14},{"not_picked":["Impervious","Bludgeon"],"picked":"Demon Form","floor":16},{"not_picked":["Hemokinesis","Pommel Strike"],"picked":"Intimidate","floor":18},{"not_picked":["Armaments","Shrug It Off"],"picked":"Heavy Blade","floor":21}],"player_experience":2392849,"relics_obtained":[{"floor":7,"key":"Art of War"},{"floor":11,"key":"Strawberry"},{"floor":14,"key":"Red Skull"},{"floor":19,"key":"Nilry\u0027s Codex"}],"event_choices":[{"damage_healed":0,"gold_gain":0,"cards_transformed":["Defend_R"],"player_choice":"Change","damage_taken":0,"max_hp_gain":0,"max_hp_loss":0,"event_name":"Living Wall","floor":2,"gold_loss":0,"cards_obtained":["Reckless Charge"]},{"damage_healed":0,"gold_gain":0,"player_choice":"Ignored","damage_taken":0,"max_hp_gain":0,"max_hp_loss":0,"event_name":"Liars Game","floor":4,"gold_loss":0},{"cards_removed":["Strike_R"],"damage_healed":0,"gold_gain":0,"player_choice":"Card Removal","damage_taken":7,"max_hp_gain":0,"max_hp_loss":0,"event_name":"Golden Wing","floor":5,"gold_loss":0},{"cards_removed":["Strike_R"],"damage_healed":0,"gold_gain":0,"player_choice":"Purged","damage_taken":0,"max_hp_gain":0,"max_hp_loss":0,"event_name":"Purifier","floor":13,"gold_loss":0},{"damage_healed":0,"gold_gain":0,"player_choice":"Obtained Book","damage_taken":21,"max_hp_gain":0,"max_hp_loss":0,"event_name":"Cursed Tome","floor":19,"gold_loss":0},{"damage_healed":0,"gold_gain":50,"player_choice":"Stole From Cult","damage_taken":0,"max_hp_gain":0,"max_hp_loss":0,"event_name":"Nest","floor":20,"gold_loss":0},{"cards_removed":["Strike_R"],"damage_healed":0,"gold_gain":0,"player_choice":"Upgrade and Remove","damage_taken":0,"max_hp_gain":0,"max_hp_loss":0,"event_name":"Designer","floor":22,"gold_loss":110,"cards_upgraded":["Defend_R"]}],"is_beta":false,"boss_relics":[{"not_picked":["Astrolabe","SacredBark"],"picked":"Snecko Eye"}],"items_purged_floors":[],"is_endless":false,"potions_floor_spawned":[10,12,14,16,18],"killed_by":"Gremlin Leader","ascension_level":20}