{"gold_per_floor":[110,124,139,139,214,214,248,260,260,260,260],"floor_reached":11,"playtime":216,"items_purged":[],"score":146,"play_id":"d01308fe-faad-478d-b732-1f5bb7fea41a","local_time":"20230607215149","is_ascension_mode":true,"campfire_choices":[{"data":"Shockwave","floor":6,"key":"SMITH"}],"neow_cost":"NONE","seed_source_timestamp":1311925292794700,"circlet_count":0,"master_deck":["AscendersBane","Strike_R","Strike_R","Strike_R","Strike_R","Strike_R","Defend_R","Defend_R","Defend_R","Defend_R","Bash","Shockwave+1","Thunderclap","Dropkick","Regret","Reaper","Flame Barrier+1"],"relics":["Burning Blood","NeowsBlessing","Toxic Egg 2","Bag of Marbles","HornCleat"],"potions_floor_usage":[11,11],"damage_taken":[{"damage":0,"enemies":"Cultist","floor":1,"turns":1},{"damage":0,"enemies":"Jaw Worm","floor":2,"turns":1},{"damage":0,"enemies":"Small Slimes","floor":3,"turns":2},{"damage":61,"enemies":"3 Sentries","floor":7,"turns":11},{"damage":8,"enemies":"Looter","floor":8,"turns":4},{"damage":21,"enemies":"Gremlin Nob","floor":11,"turns":3}],"seed_played":"-4561844389849027560","potions_obtained":[{"floor":1,"key":"Regen Potion"},{"floor":7,"key":"GamblersBrew"}],"is_trial":false,"path_per_floor":["M","M","M","?","?","R","E","M","T","?","E"],"character_chosen":"IRONCLAD","items_purchased":[],"campfire_rested":0,"item_purchase_floors":[],"current_hp_per_floor":[74,75,75,75,64,64,9,7,7,7,0],"gold":260,"neow_bonus":"THREE_ENEMY_KILL","is_prod":false,"is_daily":false,"chose_seed":false,"campfire_upgraded":1,"win_rate":0,"timestamp":1686167509,"path_taken":["M","?","M","?","?","R","E","M","T","?","E"],"build_version":"2022-12-18","purchased_purges":0,"victory":false,"max_hp_per_floor":[75,75,75,75,75,75,75,75,75,75,75],"card_choices":[{"not_picked":["Dual Wield","Dark Embrace"],"picked":"Shockwave","floor":1},{"not_picked":["True Grit","Headbutt"],"picked":"Thunderclap","floor":2},{"not_picked":["Seeing Red","Clothesline"],"picked":"Dropkick","floor":3},{"not_picked":["Carnage","Inflame"],"picked":"Reaper","floor":7},{"not_picked":["Whirlwind","Pummel"],"picked":"Flame Barrier+1","floor":8}],"player_experience":2395712,"relics_obtained":[{"floor":7,"key":"Bag of Marbles"},{"floor":9,"key":"HornCleat"}],"event_choices":[{"damage_healed":0,"gold_gain":0,"player_choice":"Box","damage_taken":0,"relics_obtained":["Toxic Egg 2"],"max_hp_gain":0,"max_hp_loss":0,"event_name":"Big Fish","floor":4,"gold_loss":0,"cards_obtained":["Regret"]},{"damage_healed":0,"gold_gain":75,"player_choice":"Gather Gold","damage_taken":11,"max_hp_gain":0,"max_hp_loss":0,"event_name":"World of Goop","floor":5,"gold_loss":0},{"damage_healed":0,"gold_gain":0,"player_choice":"Ignored","damage_taken":0,"max_hp_gain":0,"max_hp_loss":0,"event_name":"Liars Game","floor":10,"gold_loss":0}],"is_beta":false,"boss_relics":[],"items_purged_floors":[],"is_endless":false,"potions_floor_spawned":[1,7],"killed_by":"Gremlin Nob","ascension_level":20}