{"gold_per_floor":[110,32,49,49,62,90,102,131,131,156,176,204,204,219,219,291,341,352,366,366,366,366,400,400,426,426,439,466,466,508,528,528,528],"floor_reached":33,"playtime":1339,"items_purged":[],"score":710,"play_id":"7949f04f-54c6-40fc-bf33-88eeb8d98d4f","local_time":"20230607221421","is_ascension_mode":true,"campfire_choices":[{"data":"Double Tap","floor":13,"key":"SMITH"},{"data":"Bash","floor":15,"key":"SMITH"},{"data":"Demon Form","floor":24,"key":"SMITH"},{"data":"Limit Break","floor":29,"key":"SMITH"},{"data":"Shockwave","floor":32,"key":"SMITH"}],"neow_cost":"NONE","seed_source_timestamp":1312152874875100,"circlet_count":0,"master_deck":["AscendersBane","Strike_R+1","Strike_R+1","Strike_R+1","Strike_R+1","Defend_R+1","Defend_R+1","Defend_R+1","Defend_R+1","Bash+1","Battle Trance","Immolate","Shockwave+1","Flex","Double Tap+1","Pummel+1","Ghostly Armor","Shrug It Off","Demon Form+1","Feel No Pain","Warcry+1","J.A.X.","Limit Break+1","Rage+1","Feel No Pain","Body Slam+1"],"relics":["Burning Blood","NeowsBlessing","Mercury Hourglass","Question Card","Meat on the Bone","Eternal Feather","Self Forming Clay","Tiny House","Smiling Mask","Red Skull","CeramicFish","Molten Egg 2"],"potions_floor_usage":[8,11,12,16,16,18,27,28,28,33,33,33,33],"damage_taken":[{"damage":0,"enemies":"Cultist","floor":1,"turns":1},{"damage":0,"enemies":"Jaw Worm","floor":3,"turns":1},{"damage":0,"enemies":"2 Louse","floor":5,"turns":1},{"damage":15,"enemies":"3 Sentries","floor":6,"turns":4},{"damage":9,"enemies":"Exordium Thugs","floor":7,"turns":3},{"damage":20,"enemies":"Gremlin Nob","floor":8,"turns":4},{"damage":15,"enemies":"3 Sentries","floor":10,"turns":3},{"damage":7,"enemies":"Lots of Slimes","floor":11,"turns":2},{"damage":39,"enemies":"Gremlin Nob","floor":12,"turns":4},{"damage":0,"enemies":"Blue Slaver","floor":14,"turns":4},{"damage":34,"enemies":"Hexaghost","floor":16,"turns":7},{"damage":19,"enemies":"Spheric Guardian","floor":18,"turns":6},{"damage":0,"enemies":"3 Byrds","floor":19,"turns":3},{"damage":34,"enemies":"Slavers","floor":23,"turns":5},{"damage":9,"enemies":"Gremlin Leader","floor":25,"turns":6},{"damage":9,"enemies":"3 Cultists","floor":27,"turns":4},{"damage":34,"enemies":"Book of Stabbing","floor":28,"turns":4},{"damage":43,"enemies":"Gremlin Leader","floor":30,"turns":7},{"damage":18,"enemies":"Snake Plant","floor":31,"turns":4},{"damage":60,"enemies":"Automaton","floor":33,"turns":8}],"seed_played":"5230849196619748960","potions_obtained":[{"floor":7,"key":"Block Potion"},{"floor":10,"key":"Swift Potion"},{"floor":11,"key":"Regen Potion"},{"floor":12,"key":"DistilledChaos"},{"floor":14,"key":"BlessingOfTheForge"},{"floor":16,"key":"Swift Potion"},{"floor":17,"key":"BloodPotion"},{"floor":19,"key":"LiquidBronze"},{"floor":27,"key":"SteroidPotion"},{"floor":28,"key":"FearPotion"},{"floor":30,"key":"Weak Potion"},{"floor":31,"key":"EntropicBrew"}],"is_trial":false,"path_per_floor":["M","$","M","?","M","E","M","E","T","E","M","E","R","M","R","B",null,"M","M","?","?","?","E","R","E","T","M","E","R","E","M","R","B"],"character_chosen":"IRONCLAD","items_purchased":["Immolate"],"campfire_rested":0,"item_purchase_floors":[2],"current_hp_per_floor":[74,74,75,75,75,66,63,49,49,52,51,42,51,57,66,50,74,61,67,67,67,67,51,63,60,60,73,57,69,44,44,59,0],"gold":528,"neow_bonus":"THREE_ENEMY_KILL","is_prod":false,"is_daily":false,"chose_seed":false,"campfire_upgraded":5,"win_rate":0,"timestamp":1686168861,"path_taken":["M","$","?","?","M","E","?","E","T","E","M","E","R","M","R","BOSS","M","M","?","?","?","E","R","E","T","M","E","R","E","M","R","BOSS"],"build_version":"2022-12-18","purchased_purges":0,"victory":false,"max_hp_per_floor":[75,75,75,75,75,75,75,75,75,75,75,75,75,75,75,75,80,80,80,80,80,80,80,80,80,80,80,80,80,80,80,80,80],"card_choices":[{"not_picked":["Heavy Blade","Body Slam"],"picked":"Battle Trance","floor":1},{"not_picked":["Perfected Strike","Whirlwind"],"picked":"Shockwave","floor":3},{"not_picked":["Clash","Whirlwind"],"picked":"Flex","floor":5},{"not_picked":["Spot Weakness","Headbutt"],"picked":"Double Tap","floor":6},{"not_picked":["Heavy Blade","Anger","Headbutt"],"picked":"SKIP","floor":7},{"not_picked":["Heavy Blade","Body Slam"],"picked":"Pummel","floor":8},{"not_picked":["Bloodletting","Warcry","Anger","Rampage"],"picked":"SKIP","floor":10},{"not_picked":["Blood for Blood","Clothesline","Spot Weakness"],"picked":"Ghostly Armor","floor":11},{"not_picked":["Searing Blow","Blood for Blood","Clothesline"],"picked":"Shrug It Off","floor":12},{"not_picked":["Wild Strike","Fire Breathing","Infernal Blade","Combust"],"picked":"SKIP","floor":14},{"not_picked":["Bludgeon","Offering","Berserk"],"picked":"Demon Form","floor":16},{"not_picked":["Armaments","Bloodletting","Evolve"],"picked":"Feel No Pain","floor":17},{"not_picked":["Thunderclap","Twin Strike","Shrug It Off"],"picked":"Warcry+1","floor":18},{"not_picked":["Headbutt","Combust","Twin Strike","Body Slam"],"picked":"SKIP","floor":19},{"not_picked":["Reckless Charge","Carnage","Flex","Shockwave+1"],"picked":"SKIP","floor":23},{"not_picked":["Pummel","Hemokinesis","Thunderclap"],"picked":"Limit Break","floor":25},{"not_picked":["Intimidate","Combust","Perfected Strike"],"picked":"Rage+1","floor":27},{"not_picked":["Anger","Whirlwind","Havoc","Wild Strike"],"picked":"SKIP","floor":28},{"not_picked":["Clash+1","Rampage+1","Combust"],"picked":"Feel No Pain","floor":30},{"not_picked":["Havoc","Evolve","Hemokinesis+1"],"picked":"Body Slam+1","floor":31}],"player_experience":2395928,"relics_obtained":[{"floor":6,"key":"Mercury Hourglass"},{"floor":8,"key":"Question Card"},{"floor":9,"key":"Meat on the Bone"},{"floor":10,"key":"Eternal Feather"},{"floor":12,"key":"Self Forming Clay"},{"floor":23,"key":"Smiling Mask"},{"floor":25,"key":"Red Skull"},{"floor":28,"key":"CeramicFish"},{"floor":30,"key":"Molten Egg 2"}],"event_choices":[{"cards_removed":["Strike_R"],"damage_healed":0,"gold_gain":0,"player_choice":"Purged","damage_taken":0,"max_hp_gain":0,"max_hp_loss":0,"event_name":"Purifier","floor":4,"gold_loss":0},{"damage_healed":0,"gold_gain":0,"player_choice":"Simplicity","damage_taken":0,"max_hp_gain":0,"max_hp_loss":0,"event_name":"Back to Basics","floor":20,"gold_loss":0,"cards_upgraded":["Strike_R","Strike_R","Strike_R","Strike_R","Defend_R","Defend_R","Defend_R","Defend_R"]},{"damage_healed":0,"gold_gain":0,"player_choice":"Obtain J.A.X.","damage_taken":0,"max_hp_gain":0,"max_hp_loss":0,"event_name":"Drug Dealer","floor":21,"gold_loss":0,"cards_obtained":["J.A.X."]},{"damage_healed":0,"gold_gain":0,"player_choice":"Ignored","damage_taken":0,"max_hp_gain":0,"max_hp_loss":0,"event_name":"Beggar","floor":22,"gold_loss":0}],"is_beta":false,"boss_relics":[{"not_picked":["Fusion Hammer","Ectoplasm"],"picked":"Tiny House"}],"items_purged_floors":[],"is_endless":false,"potions_floor_spawned":[7,10,11,12,14,16,19,27,28,30,31],"killed_by":"Automaton","ascension_level":20}