{"gold_per_floor":[15,26,26,176,21,21,42,83,108,152,166,166,166,192,192,192],"floor_reached":16,"playtime":415,"items_purged":["Doubt"],"score":266,"play_id":"541ad77c-a993-477f-b476-ed8cd687f740","local_time":"20230613215840","is_ascension_mode":true,"campfire_choices":[{"data":"Bludgeon","floor":6.0,"key":"SMITH"},{"data":"Feed","floor":13,"key":"SMITH"},{"data":"Spot Weakness","floor":15,"key":"SMITH"}],"neow_cost":"NO_GOLD","seed_source_timestamp":1830501928141000,"circlet_count":0,"master_deck":["AscendersBane","Strike_R","Strike_R","Strike_R","Strike_R","Strike_R","Defend_R","Defend_R","Defend_R","Defend_R","Bash","Bludgeon+1","Second Wind","Flex","Shockwave","Feed+1","Spot Weakness+1"],"special_seed":0,"relics":["Burning Blood","Golden Idol","Pen Nib","Happy Flower","Magic Flower","Odd Mushroom"],"potions_floor_usage":[8,14],"damage_taken":[{"damage":6.0,"enemies":"Small Slimes","floor":1.0,"turns":2.0},{"damage":7.0,"enemies":"Jaw Worm","floor":2.0,"turns":2.0},{"damage":0.0,"enemies":"2 Louse","floor":7.0,"turns":3.0},{"damage":30,"enemies":"3 Sentries","floor":8,"turns":9},{"damage":20,"enemies":"Lagavulin","floor":10,"turns":6},{"damage":17,"enemies":"Blue Slaver","floor":11,"turns":5},{"damage":14,"enemies":"The Mushroom Lair","floor":14,"turns":4},{"damage":39,"enemies":"Hexaghost","floor":16,"turns":7}],"seed_played":"-3733963633951896036","potions_obtained":[{"floor":2.0,"key":"AttackPotion"},{"floor":11,"key":"SteroidPotion"}],"is_trial":false,"path_per_floor":["M","M","?","?","$","R","M","E","T","E","M","?","R","?","R","B"],"character_chosen":"IRONCLAD","items_purchased":["Shockwave"],"campfire_rested":0,"item_purchase_floors":[5],"current_hp_per_floor":[68,67,67,67,67,67,73,49,49,35,32,32,32,33,33,0],"gold":192,"neow_bonus":"THREE_RARE_CARDS","is_prod":false,"is_daily":false,"chose_seed":false,"campfire_upgraded":3,"win_rate":0,"timestamp":1686686320,"path_taken":["M","M","?","?","?","R","M","E","T","E","M","?","R","?","R","BOSS"],"build_version":"2022-12-18","purchased_purges":1,"victory":false,"max_hp_per_floor":[75,75,75,75,75,75,75,75,75,75,78,78,78,82,82,82],"card_choices":[{"not_picked":["Exhume","Berserk"],"picked":"Bludgeon","floor":0.0},{"not_picked":["Twin Strike","Entrench"],"picked":"Second Wind","floor":1.0},{"not_picked":["Sever Soul","Clash"],"picked":"Flex","floor":2.0},{"not_picked":["Heavy Blade","Headbutt","Clash"],"picked":"SKIP","floor":7.0},{"not_picked":["Battle Trance","Sentinel"],"picked":"Feed","floor":8},{"not_picked":["Sword Boomerang","Rampage","Body Slam"],"picked":"SKIP","floor":10},{"not_picked":["Cleave","Flex","Pummel"],"picked":"SKIP","floor":11},{"not_picked":["Pummel","Thunderclap"],"picked":"Spot Weakness","floor":14}],"player_experience":2398764,"relics_obtained":[{"floor":8,"key":"Pen Nib"},{"floor":9,"key":"Happy Flower"},{"floor":10,"key":"Magic Flower"},{"floor":14,"key":"Odd Mushroom"}],"event_choices":[{"damage_healed":0.0,"max_hp_gain":0.0,"max_hp_loss":0.0,"gold_gain":0.0,"event_name":"Golden Idol","player_choice":"Take Wound","floor":3.0,"gold_loss":0.0,"damage_taken":0.0,"relics_obtained":["Golden Idol"],"cards_obtained":["Injury"]},{"damage_healed":0.0,"max_hp_gain":0.0,"max_hp_loss":0.0,"gold_gain":150.0,"event_name":"Liars Game","player_choice":"AGREE","floor":4.0,"gold_loss":0.0,"damage_taken":0.0,"cards_obtained":["Doubt"]},{"cards_removed":["Injury"],"damage_healed":0,"gold_gain":0,"player_choice":"Forget","damage_taken":0,"max_hp_gain":0,"max_hp_loss":0,"event_name":"Living Wall","floor":12,"gold_loss":0},{"damage_healed":0,"gold_gain":0,"player_choice":"Fought Mushrooms","damage_taken":0,"max_hp_gain":0,"max_hp_loss":0,"event_name":"Mushrooms","floor":14,"gold_loss":0}],"is_beta":false,"boss_relics":[],"items_purged_floors":[5],"is_endless":false,"potions_floor_spawned":[2,11],"killed_by":"Hexaghost","ascension_level":20}