{"gold_per_floor":[109,109,124,124,124,156,156,184,184,209,224,235,255,405,405,405],"floor_reached":16,"playtime":517,"items_purged":[],"score":240,"play_id":"180c3d78-ac80-43a6-9a4e-fe09cce9919a","local_time":"20230612192549","is_ascension_mode":true,"campfire_choices":[{"data":"Bash","floor":7,"key":"SMITH"},{"data":"Fire Breathing","floor":15,"key":"SMITH"}],"neow_cost":"TEN_PERCENT_HP_LOSS","seed_source_timestamp":1734874320945900,"circlet_count":0,"master_deck":["AscendersBane","Strike_R","Strike_R","Strike_R","Strike_R","Strike_R","Defend_R","Defend_R+1","Defend_R+1","Bash+1","Iron Wave","Shrug It Off","Wild Strike","Fire Breathing+1","Body Slam","Inflame","Reckless Charge","Battle Trance","Doubt"],"relics":["Burning Blood","Mango","Question Card","Anchor","Darkstone Periapt","Tiny Chest"],"potions_floor_usage":[6,12,16,16],"damage_taken":[{"damage":9,"enemies":"Small Slimes","floor":1,"turns":4},{"damage":2,"enemies":"Jaw Worm","floor":3,"turns":5},{"damage":27,"enemies":"Gremlin Nob","floor":6,"turns":4},{"damage":50,"enemies":"Lagavulin","floor":8,"turns":8},{"damage":15,"enemies":"3 Sentries","floor":10,"turns":5},{"damage":0,"enemies":"Cultist","floor":11,"turns":3},{"damage":0,"enemies":"2 Fungi Beasts","floor":12,"turns":4},{"damage":6,"enemies":"Exordium Wildlife","floor":13,"turns":4},{"damage":31,"enemies":"Hexaghost","floor":16,"turns":7}],"seed_played":"-7775335852177896562","potions_obtained":[{"floor":1,"key":"PowerPotion"},{"floor":8,"key":"Dexterity Potion"},{"floor":10,"key":"SkillPotion"},{"floor":12,"key":"ElixirPotion"}],"is_trial":false,"path_per_floor":["M","?","M","?","?","E","R","E","T","E","M","M","M","?","R","B"],"character_chosen":"IRONCLAD","items_purchased":[],"campfire_rested":0,"item_purchase_floors":[],"current_hp_per_floor":[79,54,58,82,82,61,61,17,17,8,14,20,20,26,26,0],"gold":405,"neow_bonus":"ONE_RARE_RELIC","is_prod":false,"is_daily":false,"chose_seed":false,"campfire_upgraded":2,"win_rate":0,"timestamp":1686590749,"path_taken":["M","?","M","?","?","E","R","E","T","E","?","M","M","?","R","BOSS"],"build_version":"2022-12-18","purchased_purges":0,"victory":false,"max_hp_per_floor":[82,82,82,82,82,82,82,82,82,82,82,82,82,88,88,88],"card_choices":[{"not_picked":["Sever Soul","Perfected Strike"],"picked":"Iron Wave","floor":1},{"not_picked":["Clash","Second Wind"],"picked":"Shrug It Off","floor":3},{"not_picked":["Headbutt","Anger"],"picked":"Wild Strike","floor":6},{"not_picked":["Combust","Body Slam","Heavy Blade"],"picked":"Fire Breathing","floor":8},{"not_picked":["Offering","Shockwave","Searing Blow"],"picked":"Body Slam","floor":10},{"not_picked":["Armaments","Warcry","Dropkick"],"picked":"Inflame","floor":11},{"not_picked":["Warcry","Iron Wave","Body Slam"],"picked":"Reckless Charge","floor":12},{"not_picked":["Warcry","Sword Boomerang","Anger"],"picked":"Battle Trance","floor":13}],"player_experience":2398247,"relics_obtained":[{"floor":6,"key":"Question Card"},{"floor":8,"key":"Anchor"},{"floor":9,"key":"Darkstone Periapt"},{"floor":10,"key":"Tiny Chest"}],"event_choices":[{"damage_healed":0,"gold_gain":0,"player_choice":"Entered Light","damage_taken":25,"max_hp_gain":0,"max_hp_loss":0,"event_name":"Shining Light","floor":2,"gold_loss":0,"cards_upgraded":["Defend_R","Defend_R"]},{"damage_healed":27,"gold_gain":0,"player_choice":"Banana","damage_taken":0,"max_hp_gain":0,"max_hp_loss":0,"event_name":"Big Fish","floor":4,"gold_loss":0},{"cards_removed":["Defend_R"],"damage_healed":0,"gold_gain":0,"player_choice":"Offered Basic","damage_taken":0,"max_hp_gain":0,"max_hp_loss":0,"event_name":"Bonfire Elementals","floor":5,"gold_loss":0},{"damage_healed":0,"gold_gain":150,"player_choice":"AGREE","damage_taken":0,"max_hp_gain":0,"max_hp_loss":0,"event_name":"Liars Game","floor":14,"gold_loss":0,"cards_obtained":["Doubt"]}],"is_beta":false,"boss_relics":[],"items_purged_floors":[],"is_endless":false,"potions_floor_spawned":[1,8,10,11,12],"killed_by":"Hexaghost","ascension_level":20}