{"gold_per_floor":[117,117,46,66,83,109,109,109,136,21,52,67,83,122,122,221,221,240,240,240,240,261,261,285,323,323,323,341,374,7,32,32,32],"floor_reached":33,"playtime":1036,"items_purged":["Injury"],"score":610,"play_id":"454d70b3-981e-4904-b6e8-60cd6d90a864","local_time":"20230722151303","is_ascension_mode":true,"campfire_choices":[{"data":"Inflame","floor":8,"key":"SMITH"},{"floor":15,"key":"REST"},{"floor":23,"key":"REST"},{"floor":27,"key":"REST"},{"floor":32,"key":"REST"}],"neow_cost":"NONE","seed_source_timestamp":104015586303900,"circlet_count":0,"master_deck":["AscendersBane","Strike_R","Strike_R","Strike_R","Strike_R","Strike_R","Defend_R","Defend_R","Defend_R","Defend_R","Bash","Hemokinesis","Pommel Strike","Feel No Pain","Inflame+1","Rupture","True Grit","Rupture","Immolate","Fiend Fire","Flame Barrier+1","Evolve","Disarm","Feed","True Grit+1","Feel No Pain"],"relics":["Burning Blood","NeowsBlessing","Happy Flower","Mummified Hand","Gremlin Horn","Golden Idol","Strawberry","Mercury Hourglass","Turnip","Mark of Pain","Enchiridion","Letter Opener","Art of War","Ornamental Fan","Toxic Egg 2","Bird Faced Urn"],"potions_floor_usage":[6,12,16,18,33,33],"damage_taken":[{"damage":0,"enemies":"2 Louse","floor":1,"turns":1},{"damage":0,"enemies":"Jaw Worm","floor":4,"turns":1},{"damage":0,"enemies":"Cultist","floor":5,"turns":1},{"damage":32,"enemies":"Lagavulin","floor":6,"turns":6},{"damage":13,"enemies":"3 Sentries","floor":11,"turns":8},{"damage":25,"enemies":"Large Slime","floor":12,"turns":4},{"damage":1,"enemies":"Exordium Wildlife","floor":13,"turns":2},{"damage":34,"enemies":"Gremlin Nob","floor":14,"turns":4},{"damage":30,"enemies":"Hexaghost","floor":16,"turns":9},{"damage":2,"enemies":"2 Thieves","floor":18,"turns":1},{"damage":4,"enemies":"Chosen","floor":22,"turns":4},{"damage":16,"enemies":"Centurion and Healer","floor":24,"turns":4},{"damage":36,"enemies":"Gremlin Leader","floor":25,"turns":7},{"damage":17,"enemies":"Snecko","floor":28,"turns":4},{"damage":34,"enemies":"Slavers","floor":29,"turns":3},{"damage":21,"enemies":"Snake Plant","floor":31,"turns":5},{"damage":59,"enemies":"Collector","floor":33,"turns":8}],"seed_played":"-8271318492626482243","potions_obtained":[{"floor":1,"key":"Fire Potion"},{"floor":5,"key":"FearPotion"},{"floor":14,"key":"EssenceOfSteel"},{"floor":16,"key":"SkillPotion"},{"floor":18,"key":"Strength Potion"},{"floor":22,"key":"BlessingOfTheForge"}],"is_trial":false,"path_per_floor":["M","?","?","M","M","E","?","R","T","$","E","M","M","E","R","B",null,"M","?","?","T","M","R","M","E","T","R","M","E","$","M","R","B"],"character_chosen":"IRONCLAD","items_purchased":["Rupture","Bird Faced Urn","True Grit+1"],"campfire_rested":4,"item_purchase_floors":[10,30,30],"current_hp_per_floor":[74,69,69,75,75,49,49,49,56,56,49,30,35,7,31,7,63,67,67,46,46,48,72,62,32,32,56,45,20,20,15,40,0],"gold":32,"neow_bonus":"THREE_ENEMY_KILL","is_prod":false,"is_daily":false,"chose_seed":false,"campfire_upgraded":1,"win_rate":0,"timestamp":1690031583,"path_taken":["M","?","?","M","?","E","?","R","T","?","E","M","?","E","R","BOSS","M","?","?","?","?","R","M","E","T","R","M","E","$","?","R","BOSS"],"build_version":"2022-12-18","purchased_purges":1,"victory":false,"max_hp_per_floor":[75,75,75,75,75,75,75,75,82,82,82,82,82,82,82,82,82,82,82,82,82,82,82,82,82,82,82,82,85,85,85,85,85],"card_choices":[{"not_picked":["Pummel","Evolve"],"picked":"Hemokinesis","floor":1},{"not_picked":["Sword Boomerang","True Grit"],"picked":"Pommel Strike","floor":4},{"not_picked":["Iron Wave","Flame Barrier"],"picked":"Feel No Pain","floor":5},{"not_picked":["Carnage","Uppercut"],"picked":"Inflame","floor":6},{"not_picked":["Perfected Strike","Entrench","Cleave"],"picked":"SKIP","floor":11},{"not_picked":["Spot Weakness","Wild Strike"],"picked":"True Grit","floor":12},{"not_picked":["Reckless Charge","Clash"],"picked":"Rupture","floor":13},{"not_picked":["Offering","Warcry"],"picked":"Immolate","floor":14},{"not_picked":["Bludgeon","Immolate"],"picked":"Fiend Fire","floor":16},{"not_picked":["Uppercut","Hemokinesis"],"picked":"Flame Barrier+1","floor":18},{"not_picked":["Clash","Heavy Blade"],"picked":"Evolve","floor":22},{"not_picked":["Entrench","Twin Strike"],"picked":"Disarm","floor":24},{"not_picked":["Cleave","Thunderclap"],"picked":"Feed","floor":25},{"not_picked":["Pommel Strike","Iron Wave","Warcry"],"picked":"SKIP","floor":28},{"not_picked":["Warcry+1","Flex+1","Metallicize"],"picked":"SKIP","floor":29},{"not_picked":["Headbutt+1","Perfected Strike"],"picked":"Feel No Pain","floor":31}],"player_experience":2401720,"relics_obtained":[{"floor":6,"key":"Gremlin Horn"},{"floor":9,"key":"Strawberry"},{"floor":11,"key":"Mercury Hourglass"},{"floor":14,"key":"Turnip"},{"floor":20,"key":"Enchiridion"},{"floor":21,"key":"Letter Opener"},{"floor":25,"key":"Art of War"},{"floor":26,"key":"Ornamental Fan"},{"floor":29,"key":"Toxic Egg 2"}],"event_choices":[{"damage_healed":0,"gold_gain":0,"player_choice":"Success","damage_taken":5,"relics_obtained":["Happy Flower"],"max_hp_gain":0,"max_hp_loss":0,"event_name":"Scrap Ooze","floor":2,"gold_loss":0},{"damage_healed":0,"gold_gain":0,"player_choice":"Paid Gold","damage_taken":0,"relics_obtained":["Mummified Hand"],"max_hp_gain":0,"max_hp_loss":0,"event_name":"WeMeetAgain","floor":3,"gold_loss":71},{"damage_healed":0,"gold_gain":0,"player_choice":"Take Wound","damage_taken":0,"relics_obtained":["Golden Idol"],"max_hp_gain":0,"max_hp_loss":0,"event_name":"Golden Idol","floor":7,"gold_loss":0,"cards_obtained":["Injury"]},{"damage_healed":0,"gold_gain":0,"player_choice":"Ignored","damage_taken":0,"max_hp_gain":0,"max_hp_loss":0,"event_name":"Vampires","floor":19,"gold_loss":0},{"damage_healed":0,"gold_gain":0,"player_choice":"Obtained Book","damage_taken":21,"max_hp_gain":0,"max_hp_loss":0,"event_name":"Cursed Tome","floor":20,"gold_loss":0}],"is_beta":false,"boss_relics":[{"not_picked":["Tiny House","Astrolabe"],"picked":"Mark of Pain"}],"items_purged_floors":[10],"is_endless":false,"potions_floor_spawned":[1,5,14,16,18,22],"killed_by":"Collector","ascension_level":20}