{"gold_per_floor":[114,129,129,141,157,185,185,200,223,251,401,401,307,103,103,103],"floor_reached":16,"playtime":367,"items_purged":["Regret"],"score":220,"play_id":"9f774591-dd0c-4ee7-b7ea-6d03d1b12b3d","local_time":"20230723235321","is_ascension_mode":true,"campfire_choices":[{"floor":7,"key":"REST"},{"floor":15,"key":"REST"}],"neow_cost":"NONE","seed_source_timestamp":222306145904500,"circlet_count":0,"master_deck":["AscendersBane","Strike_R","Strike_R","Strike_R","Strike_R","Strike_R","Defend_R","Defend_R","Defend_R","Defend_R","Bash","Shockwave","Carnage","Feel No Pain","Armaments","Disarm","Immolate","Doubt"],"relics":["Burning Blood","NeowsBlessing","HornCleat","PreservedInsect","Vajra","Bronze Scales","CeramicFish","Membership Card"],"potions_floor_usage":[5,6,16],"damage_taken":[{"damage":0,"enemies":"Cultist","floor":1,"turns":1},{"damage":0,"enemies":"2 Louse","floor":2,"turns":1},{"damage":0,"enemies":"Jaw Worm","floor":4,"turns":1},{"damage":35,"enemies":"Large Slime","floor":5,"turns":7},{"damage":39,"enemies":"Lagavulin","floor":6,"turns":8},{"damage":0,"enemies":"2 Fungi Beasts","floor":8,"turns":4},{"damage":18,"enemies":"3 Sentries","floor":10,"turns":8},{"damage":57,"enemies":"Slime Boss","floor":16,"turns":6}],"seed_played":"-1397950629799047","potions_obtained":[{"floor":1,"key":"Explosive Potion"},{"floor":5,"key":"Block Potion"},{"floor":8,"key":"Swift Potion"}],"is_trial":false,"path_per_floor":["M","M","?","M","M","E","R","M","T","E","?","?","?","$","R","B"],"character_chosen":"IRONCLAD","items_purchased":["Membership Card"],"campfire_rested":2,"item_purchase_floors":[14],"current_hp_per_floor":[74,75,75,75,46,13,35,41,41,29,29,29,29,29,51,0],"gold":103,"neow_bonus":"THREE_ENEMY_KILL","is_prod":false,"is_daily":false,"chose_seed":false,"campfire_upgraded":0,"win_rate":0,"timestamp":1690149201,"path_taken":["M","?","?","M","M","E","R","M","T","E","?","?","?","$","R","BOSS"],"build_version":"2022-12-18","purchased_purges":1,"victory":false,"max_hp_per_floor":[75,75,75,75,75,75,75,75,75,75,75,75,75,75,75,75],"card_choices":[{"not_picked":["Iron Wave","Clothesline"],"picked":"Shockwave","floor":1},{"not_picked":["Clash","Evolve"],"picked":"Carnage","floor":2},{"not_picked":["Battle Trance","Pommel Strike"],"picked":"Feel No Pain","floor":4},{"not_picked":["Intimidate","Warcry"],"picked":"Armaments","floor":5},{"not_picked":["Flex","Rupture"],"picked":"Disarm","floor":6},{"not_picked":["Shockwave","Ghostly Armor","Iron Wave"],"picked":"SKIP","floor":8},{"not_picked":["Reckless Charge","Sword Boomerang"],"picked":"Immolate","floor":10}],"player_experience":2404551,"relics_obtained":[{"floor":6,"key":"PreservedInsect"},{"floor":9,"key":"Vajra"},{"floor":10,"key":"Bronze Scales"}],"event_choices":[{"damage_healed":0,"gold_gain":0,"player_choice":"Box","damage_taken":0,"relics_obtained":["HornCleat"],"max_hp_gain":0,"max_hp_loss":0,"event_name":"Big Fish","floor":3,"gold_loss":0,"cards_obtained":["Regret"]},{"damage_healed":0,"gold_gain":150,"player_choice":"AGREE","damage_taken":0,"max_hp_gain":0,"max_hp_loss":0,"event_name":"Liars Game","floor":11,"gold_loss":0,"cards_obtained":["Doubt"]},{"damage_healed":0,"gold_gain":0,"player_choice":"Searched \u00270\u0027 times","damage_taken":0,"max_hp_gain":0,"max_hp_loss":0,"event_name":"Dead Adventurer","floor":12,"gold_loss":0},{"damage_healed":0,"gold_gain":0,"player_choice":"Paid Gold","damage_taken":0,"relics_obtained":["CeramicFish"],"max_hp_gain":0,"max_hp_loss":0,"event_name":"WeMeetAgain","floor":13,"gold_loss":94}],"is_beta":false,"boss_relics":[],"items_purged_floors":[14],"is_endless":false,"potions_floor_spawned":[1,5,8],"killed_by":"Slime Boss","ascension_level":20}