{"gold_per_floor":[119,131,131,141,155,189,189,220,245,245,245],"floor_reached":11,"playtime":348,"items_purged":[],"score":166,"play_id":"3e7a8c02-d4a7-4202-8f77-18253752f99c","local_time":"20230722145437","is_ascension_mode":true,"campfire_choices":[{"floor":7,"key":"REST"}],"neow_cost":"NONE","seed_source_timestamp":103597250837200,"circlet_count":0,"master_deck":["AscendersBane","Strike_R","Strike_R","Strike_R","Strike_R","Defend_R","Defend_R","Defend_R","Defend_R","Bash","Cleave","Demon Form","Havoc","Wild Strike","Intimidate","Fire Breathing"],"relics":["Mark of Pain","Gremlin Horn","Vajra","Orichalcum"],"potions_floor_usage":[6],"damage_taken":[{"damage":4,"enemies":"Small Slimes","floor":1,"turns":4},{"damage":6,"enemies":"Cultist","floor":2,"turns":3},{"damage":3,"enemies":"2 Louse","floor":4,"turns":3},{"damage":7,"enemies":"2 Fungi Beasts","floor":5,"turns":4},{"damage":35,"enemies":"3 Sentries","floor":6,"turns":6},{"damage":20,"enemies":"Lagavulin","floor":8,"turns":7},{"damage":16,"enemies":"Exordium Wildlife","floor":11,"turns":3}],"seed_played":"9074641982287002090","potions_obtained":[{"floor":5,"key":"GamblersBrew"}],"is_trial":false,"path_per_floor":["M","M","?","M","M","E","R","E","T","?","M"],"character_chosen":"IRONCLAD","items_purchased":[],"campfire_rested":1,"item_purchase_floors":[],"current_hp_per_floor":[64,58,58,55,48,13,35,15,15,15,0],"gold":245,"neow_bonus":"BOSS_RELIC","is_prod":false,"is_daily":false,"chose_seed":false,"campfire_upgraded":0,"win_rate":0,"timestamp":1690030477,"path_taken":["M","M","?","?","M","E","R","E","T","?","M"],"build_version":"2022-12-18","purchased_purges":0,"victory":false,"max_hp_per_floor":[75,75,75,75,75,75,75,75,75,75,75],"card_choices":[{"not_picked":["Iron Wave","True Grit"],"picked":"Cleave","floor":1},{"not_picked":["Wild Strike","Whirlwind"],"picked":"Demon Form","floor":2},{"not_picked":["Iron Wave","Wild Strike"],"picked":"Havoc","floor":4},{"not_picked":["Flex","Rampage"],"picked":"Wild Strike","floor":5},{"not_picked":["Sever Soul","Seeing Red"],"picked":"Intimidate","floor":6},{"not_picked":["Wild Strike","Flex"],"picked":"Fire Breathing","floor":8}],"player_experience":2401353,"relics_obtained":[{"floor":6,"key":"Gremlin Horn"},{"floor":8,"key":"Vajra"},{"floor":9,"key":"Orichalcum"}],"event_choices":[{"cards_removed":["Strike_R"],"damage_healed":0,"gold_gain":0,"player_choice":"Offered Basic","damage_taken":0,"max_hp_gain":0,"max_hp_loss":0,"event_name":"Bonfire Elementals","floor":3,"gold_loss":0},{"damage_healed":0,"gold_gain":0,"player_choice":"Fled","damage_taken":0,"max_hp_gain":0,"max_hp_loss":0,"event_name":"Scrap Ooze","floor":10,"gold_loss":0}],"is_beta":false,"boss_relics":[],"items_purged_floors":[],"is_endless":false,"potions_floor_spawned":[5],"killed_by":"Exordium Wildlife","ascension_level":20}