{"gold_per_floor":[12,25,25,45,6,39,63,99,99,133,133,133],"floor_reached":12,"playtime":452,"items_purged":[],"score":192,"play_id":"ce269da1-195d-4c05-9d7f-320856f8aea4","local_time":"20230723234704","is_ascension_mode":true,"campfire_choices":[],"neow_cost":"NO_GOLD","seed_source_timestamp":221844090913900,"circlet_count":0,"master_deck":["AscendersBane","Strike_R","Strike_R","Strike_R","Strike_R","Strike_R","Defend_R","Defend_R","Defend_R","Defend_R","Bash","Impervious","Feel No Pain","Rampage","Injury","Flame Barrier","Berserk","Disarm"],"relics":["Burning Blood","Golden Idol","Smiling Mask","Nunchaku","Prayer Wheel","Juzu Bracelet","StrikeDummy"],"potions_floor_usage":[6,8,10,12],"damage_taken":[{"damage":1,"enemies":"Cultist","floor":1,"turns":4},{"damage":9,"enemies":"Jaw Worm","floor":2,"turns":6},{"damage":3,"enemies":"2 Louse","floor":4,"turns":3},{"damage":28,"enemies":"Lagavulin","floor":6,"turns":7},{"damage":40,"enemies":"Gremlin Nob","floor":8,"turns":5},{"damage":25,"enemies":"3 Sentries","floor":10,"turns":14},{"damage":18,"enemies":"Blue Slaver","floor":12,"turns":2}],"seed_played":"-1857085545301740715","potions_obtained":[{"floor":1,"key":"Explosive Potion"},{"floor":2,"key":"BlessingOfTheForge"},{"floor":8,"key":"Regen Potion"},{"floor":10,"key":"SneckoOil"}],"is_trial":false,"path_per_floor":["M","M","?","M","$","E","T","E","T","E","?","M"],"character_chosen":"IRONCLAD","items_purchased":["Flame Barrier"],"campfire_rested":0,"item_purchase_floors":[5],"current_hp_per_floor":[73,70,70,73,73,51,51,17,17,13,13,0],"gold":133,"neow_bonus":"THREE_RARE_CARDS","is_prod":false,"is_daily":false,"chose_seed":false,"campfire_upgraded":0,"win_rate":0,"timestamp":1690148824,"path_taken":["M","M","?","M","?","E","?","E","T","E","?","M"],"build_version":"2022-12-18","purchased_purges":0,"victory":false,"max_hp_per_floor":[75,75,75,75,75,75,75,75,75,75,75,75],"card_choices":[{"not_picked":["Brutality","Limit Break"],"picked":"Impervious","floor":0},{"not_picked":["Dual Wield","Flame Barrier"],"picked":"Feel No Pain","floor":1},{"not_picked":["Warcry","Second Wind"],"picked":"Rampage","floor":2},{"not_picked":["Flame Barrier","Armaments","Headbutt"],"picked":"SKIP","floor":4},{"not_picked":["Thunderclap","Ghostly Armor"],"picked":"Berserk","floor":6},{"not_picked":["Iron Wave","Impervious"],"picked":"Disarm","floor":8},{"not_picked":["Combust","Anger","True Grit"],"picked":"SKIP","floor":10},{"not_picked":["Combust","Anger","True Grit"],"picked":"SKIP","floor":10}],"player_experience":2404099,"relics_obtained":[{"floor":6,"key":"Smiling Mask"},{"floor":7,"key":"Nunchaku"},{"floor":8,"key":"Prayer Wheel"},{"floor":9,"key":"Juzu Bracelet"},{"floor":10,"key":"StrikeDummy"}],"event_choices":[{"damage_healed":0,"gold_gain":0,"player_choice":"Take Wound","damage_taken":0,"relics_obtained":["Golden Idol"],"max_hp_gain":0,"max_hp_loss":0,"event_name":"Golden Idol","floor":3,"gold_loss":0,"cards_obtained":["Injury"]},{"damage_healed":0,"gold_gain":0,"player_choice":"Ignored","damage_taken":0,"max_hp_gain":0,"max_hp_loss":0,"event_name":"Golden Wing","floor":11,"gold_loss":0}],"is_beta":false,"boss_relics":[],"items_purged_floors":[],"is_endless":false,"potions_floor_spawned":[1,2,8,10],"killed_by":"Blue Slaver","ascension_level":20}