{"gold_per_floor":[14,27,27,27,46,46,82,82,82,120,136,136],"floor_reached":12,"playtime":301,"items_purged":[],"score":176,"play_id":"8a4bc9ef-a77a-4ccc-8996-59a9e928c97d","local_time":"20230809123737","is_ascension_mode":true,"campfire_choices":[{"data":"Bash","floor":6,"key":"SMITH"},{"floor":8,"key":"REST"}],"neow_cost":"NO_GOLD","seed_source_timestamp":1394001981530700,"circlet_count":0,"master_deck":["AscendersBane","Strike_R","Strike_R","Strike_R","Strike_R","Strike_R","Defend_R","Defend_R","Defend_R","Defend_R","Bash+1","Transmutation+1","Iron Wave","Infernal Blade","Berserk"],"relics":["Burning Blood","Golden Idol","Lantern","The Courier","Charon\u0027s Ashes"],"potions_floor_usage":[7,12],"damage_taken":[{"damage":5,"enemies":"Small Slimes","floor":1,"turns":3},{"damage":9,"enemies":"2 Louse","floor":2,"turns":3},{"damage":0,"enemies":"Cultist","floor":5,"turns":3},{"damage":27,"enemies":"Gremlin Nob","floor":7,"turns":4},{"damage":31,"enemies":"Lagavulin","floor":10,"turns":6},{"damage":1,"enemies":"2 Fungi Beasts","floor":11,"turns":3},{"damage":32,"enemies":"Gremlin Nob","floor":12,"turns":3}],"seed_played":"-1221142830633224283","potions_obtained":[{"floor":5,"key":"Strength Potion"},{"floor":10,"key":"Fruit Juice"}],"is_trial":false,"path_per_floor":["M","M","?","?","M","R","E","R","T","E","M","E"],"character_chosen":"IRONCLAD","items_purchased":[],"campfire_rested":1,"item_purchase_floors":[],"current_hp_per_floor":[69,66,66,40,46,46,25,47,47,22,27,0],"gold":136,"neow_bonus":"RANDOM_COLORLESS_2","is_prod":false,"is_daily":false,"chose_seed":false,"campfire_upgraded":1,"win_rate":0,"timestamp":1691577457,"path_taken":["M","M","?","?","M","R","E","R","T","E","M","E"],"build_version":"2022-12-18","purchased_purges":0,"victory":false,"max_hp_per_floor":[75,75,75,75,75,75,75,75,75,75,75,80],"card_choices":[{"not_picked":["Magnetism","Secret Technique"],"picked":"Transmutation","floor":0},{"not_picked":["Wild Strike","Clash"],"picked":"Iron Wave","floor":1},{"not_picked":["Sword Boomerang","Clothesline"],"picked":"Infernal Blade","floor":2},{"not_picked":["Clash","Pommel Strike","Sword Boomerang"],"picked":"SKIP","floor":5},{"not_picked":["Perfected Strike","Thunderclap"],"picked":"Berserk","floor":7},{"not_picked":["Sword Boomerang","Rupture","Havoc"],"picked":"SKIP","floor":10},{"not_picked":["Perfected Strike","Hemokinesis","Anger"],"picked":"SKIP","floor":11}],"player_experience":2410350,"relics_obtained":[{"floor":7,"key":"Lantern"},{"floor":9,"key":"The Courier"},{"floor":10,"key":"Charon\u0027s Ashes"}],"event_choices":[{"damage_healed":0,"gold_gain":0,"player_choice":"Grow","damage_taken":0,"max_hp_gain":0,"max_hp_loss":0,"event_name":"Living Wall","floor":3,"gold_loss":0,"cards_upgraded":["Transmutation"]},{"damage_healed":0,"gold_gain":0,"player_choice":"Take Damage","damage_taken":26,"relics_obtained":["Golden Idol"],"max_hp_gain":0,"max_hp_loss":0,"event_name":"Golden Idol","floor":4,"gold_loss":0}],"is_beta":false,"boss_relics":[],"items_purged_floors":[],"is_endless":false,"potions_floor_spawned":[5,10],"killed_by":"Gremlin Nob","ascension_level":20}