{"gold_per_floor":[110,7,7,157,82,82,100,100,100,113,113,125,33,48,48,126,126,143,162,162,175,175],"floor_reached":22,"playtime":667,"items_purged":["Strike_R"],"score":352,"play_id":"3ddbfddd-6952-46a3-8810-c5862bd16c29","local_time":"20230810204547","is_ascension_mode":true,"campfire_choices":[{"data":"Searing Blow","floor":6,"key":"SMITH"},{"data":"Searing Blow+1","floor":8,"key":"SMITH"},{"data":"Searing Blow+2","floor":11,"key":"SMITH"},{"data":"Searing Blow+3","floor":15,"key":"SMITH"}],"neow_cost":"NONE","seed_source_timestamp":1509331975271600,"circlet_count":0,"master_deck":["AscendersBane","Strike_R","Strike_R","Strike_R","Defend_R","Defend_R","Defend_R","Defend_R","Bash","Berserk","Searing Blow+4","Cleave","Double Tap","Thunderclap","Enlightenment","Intimidate","Reaper","True Grit"],"relics":["Burning Blood","Gambling Chip","Darkstone Periapt","Runic Cube"],"potions_floor_usage":[14,16,16],"damage_taken":[{"damage":6,"enemies":"2 Louse","floor":1,"turns":4},{"damage":4,"enemies":"Jaw Worm","floor":7,"turns":3},{"damage":9,"enemies":"Cultist","floor":10,"turns":3},{"damage":21,"enemies":"Large Slime","floor":12,"turns":3},{"damage":3,"enemies":"Blue Slaver","floor":14,"turns":3},{"damage":12,"enemies":"The Guardian","floor":16,"turns":9},{"damage":26,"enemies":"Chosen","floor":18,"turns":5},{"damage":36,"enemies":"Spheric Guardian","floor":19,"turns":5},{"damage":12,"enemies":"Centurion and Healer","floor":21,"turns":5},{"damage":18,"enemies":"Shelled Parasite and Fungi","floor":22,"turns":2}],"seed_played":"3994326450525661113","potions_obtained":[{"floor":1,"key":"SpeedPotion"},{"floor":12,"key":"DuplicationPotion"},{"floor":14,"key":"ColorlessPotion"}],"is_trial":false,"path_per_floor":["M","$","?","?","?","R","M","R","T","M","R","M","$","M","R","B",null,"M","M","?","M","M"],"character_chosen":"IRONCLAD","items_purchased":["Cleave","Enlightenment"],"campfire_rested":0,"item_purchase_floors":[2,13],"current_hp_per_floor":[68,68,33,33,33,33,35,35,35,32,32,17,17,20,20,14,60,40,14,14,14,0],"gold":175,"neow_bonus":"ONE_RANDOM_RARE_CARD","is_prod":false,"is_daily":false,"chose_seed":false,"campfire_upgraded":4,"win_rate":0,"timestamp":1691693147,"path_taken":["M","$","?","?","?","R","M","R","T","M","R","M","$","M","R","BOSS","M","M","?","?","M"],"build_version":"2022-12-18","purchased_purges":1,"victory":false,"max_hp_per_floor":[75,75,75,75,75,75,75,75,75,75,75,75,75,75,75,75,75,75,75,75,75,75],"card_choices":[{"not_picked":["Thunderclap","Sword Boomerang"],"picked":"Searing Blow","floor":1},{"not_picked":["Headbutt","Rampage"],"picked":"Double Tap","floor":7},{"not_picked":["Second Wind","Searing Blow"],"picked":"Thunderclap","floor":10},{"not_picked":["Iron Wave","Hemokinesis","Perfected Strike"],"picked":"SKIP","floor":12},{"not_picked":["Pommel Strike","Fire Breathing"],"picked":"Intimidate","floor":14},{"not_picked":["Brutality","Demon Form"],"picked":"Reaper","floor":16},{"not_picked":["Sword Boomerang","Thunderclap","Rampage"],"picked":"SKIP","floor":18},{"not_picked":["Cleave","Body Slam","Thunderclap"],"picked":"SKIP","floor":19},{"not_picked":["Warcry","Seeing Red"],"picked":"True Grit","floor":21}],"player_experience":2428245,"relics_obtained":[{"floor":9,"key":"Darkstone Periapt"}],"event_choices":[{"damage_healed":0,"gold_gain":0,"player_choice":"Success","damage_taken":35,"relics_obtained":["Gambling Chip"],"max_hp_gain":0,"max_hp_loss":0,"event_name":"Scrap Ooze","floor":3,"gold_loss":0},{"damage_healed":0,"gold_gain":150,"player_choice":"AGREE","damage_taken":0,"max_hp_gain":0,"max_hp_loss":0,"event_name":"Liars Game","floor":4,"gold_loss":0,"cards_obtained":["Doubt"]},{"cards_removed":["Doubt"],"damage_healed":0,"gold_gain":0,"player_choice":"Card Removal","damage_taken":0,"max_hp_gain":0,"max_hp_loss":0,"event_name":"The Cleric","floor":5,"gold_loss":75},{"cards_removed":["Strike_R"],"damage_healed":0,"gold_gain":0,"player_choice":"Purged","damage_taken":0,"max_hp_gain":0,"max_hp_loss":0,"event_name":"Purifier","floor":20,"gold_loss":0}],"is_beta":false,"boss_relics":[{"not_picked":["Ectoplasm","Busted Crown"],"picked":"Runic Cube"}],"items_purged_floors":[2],"is_endless":false,"potions_floor_spawned":[1,12,14],"killed_by":"Shelled Parasite and Fungi","ascension_level":20}