{"gold_per_floor":[113,133,146,158,175,175,193,193,193,255,267,293,49,62,62,62],"floor_reached":16,"playtime":594,"items_purged":[],"score":212,"play_id":"f7bcc8e0-849d-4eab-abab-afd6904155ed","local_time":"20231103230458","is_ascension_mode":true,"campfire_choices":[{"data":"Bash","floor":6,"key":"SMITH"},{"data":"Armaments","floor":8,"key":"SMITH"},{"floor":15,"key":"REST"}],"neow_cost":"NONE","seed_source_timestamp":518017488879900,"circlet_count":0,"master_deck":["AscendersBane","Strike_R","Strike_R","Strike_R","Strike_R","Strike_R","Defend_R","Defend_R","Defend_R","Defend_R","Bash+1","Dropkick","Pommel Strike","Flame Barrier","Burning Pact","Dual Wield","Armaments+1","Shrug It Off","Thunderclap","Shockwave","Shrug It Off"],"relics":["Burning Blood","NeowsBlessing","Turnip","Anchor","Juzu Bracelet"],"potions_floor_usage":[7,10,11,16,16],"damage_taken":[{"damage":0,"enemies":"Cultist","floor":1,"turns":1},{"damage":0,"enemies":"Small Slimes","floor":2,"turns":1},{"damage":0,"enemies":"Jaw Worm","floor":3,"turns":1},{"damage":19,"enemies":"Large Slime","floor":4,"turns":6},{"damage":7,"enemies":"2 Fungi Beasts","floor":5,"turns":4},{"damage":12,"enemies":"Exordium Thugs","floor":7,"turns":3},{"damage":28,"enemies":"Gremlin Nob","floor":10,"turns":4},{"damage":0,"enemies":"Exordium Wildlife","floor":11,"turns":3},{"damage":29,"enemies":"Lagavulin","floor":12,"turns":8},{"damage":4,"enemies":"Looter","floor":14,"turns":3},{"damage":43,"enemies":"The Guardian","floor":16,"turns":17}],"seed_played":"1906002486671971938","potions_obtained":[{"floor":1,"key":"SneckoOil"},{"floor":3,"key":"AttackPotion"},{"floor":7,"key":"Explosive Potion"},{"floor":11,"key":"SkillPotion"},{"floor":14,"key":"GamblersBrew"}],"is_trial":false,"path_per_floor":["M","M","M","M","M","R","M","R","T","?","M","E","$","M","R","B"],"character_chosen":"IRONCLAD","items_purchased":["Shockwave","Juzu Bracelet"],"campfire_rested":1,"item_purchase_floors":[13,13],"current_hp_per_floor":[74,75,75,62,61,61,55,55,55,33,39,16,16,18,40,0],"gold":62,"neow_bonus":"THREE_ENEMY_KILL","is_prod":false,"is_daily":false,"chose_seed":false,"campfire_upgraded":2,"win_rate":0,"timestamp":1699049098,"path_taken":["M","M","M","M","?","R","M","R","T","?","M","E","?","M","R","BOSS"],"build_version":"2022-12-18","purchased_purges":0,"victory":false,"max_hp_per_floor":[75,75,75,75,75,75,75,75,75,75,75,75,75,75,75,75],"card_choices":[{"not_picked":["Flex","Infernal Blade"],"picked":"Dropkick","floor":1},{"not_picked":["Carnage","Body Slam"],"picked":"Pommel Strike","floor":2},{"not_picked":["True Grit","Burning Pact"],"picked":"Flame Barrier","floor":3},{"not_picked":["Iron Wave","Anger"],"picked":"Burning Pact","floor":4},{"not_picked":["Sever Soul","Heavy Blade"],"picked":"Dual Wield","floor":5},{"not_picked":["Anger","Blood for Blood"],"picked":"Armaments","floor":7},{"not_picked":["Pommel Strike","Intimidate"],"picked":"Shrug It Off","floor":10},{"not_picked":["Cleave","Corruption"],"picked":"Thunderclap","floor":11},{"not_picked":["Pommel Strike","Warcry","Twin Strike"],"picked":"SKIP","floor":12},{"not_picked":["Headbutt","Clash"],"picked":"Shrug It Off","floor":14}],"player_experience":2433373,"relics_obtained":[{"floor":10,"key":"Turnip"},{"floor":12,"key":"Anchor"}],"event_choices":[{"damage_healed":0,"gold_gain":30,"player_choice":"Searched \u00273\u0027 times","damage_taken":0,"max_hp_gain":0,"max_hp_loss":0,"event_name":"Dead Adventurer","floor":10,"gold_loss":0}],"is_beta":false,"boss_relics":[],"items_purged_floors":[],"is_endless":false,"potions_floor_spawned":[1,3,7,11,14],"killed_by":"The Guardian","ascension_level":20}