{"gold_per_floor":[11,26,26,26,26,26,62,85,112,112,133,133,133],"floor_reached":13,"playtime":579,"items_purged":[],"score":166,"play_id":"1f340673-1dc3-4818-b95d-f0ba7e164b1c","local_time":"20231103231508","is_ascension_mode":true,"campfire_choices":[{"data":"Searing Blow","floor":6,"key":"SMITH"},{"data":"Searing Blow+1","floor":10,"key":"SMITH"},{"data":"Searing Blow+2","floor":12,"key":"SMITH"}],"neow_cost":"NO_GOLD","seed_source_timestamp":518643133773700,"circlet_count":0,"master_deck":["AscendersBane","Strike_R","Strike_R","Strike_R","Strike_R+1","Defend_R","Defend_R","Defend_R","Defend_R+1","Bash","Pommel Strike+1","Flame Barrier+1","Injury","Searing Blow+3","Seeing Red","Fire Breathing","Reckless Charge"],"relics":["Burning Blood","Mango","Golden Idol","War Paint","Whetstone"],"potions_floor_usage":[7,13],"damage_taken":[{"damage":11,"enemies":"2 Louse","floor":1,"turns":3},{"damage":24,"enemies":"Jaw Worm","floor":2,"turns":4},{"damage":45,"enemies":"3 Sentries","floor":7,"turns":9},{"damage":4,"enemies":"Cultist","floor":8,"turns":4},{"damage":11,"enemies":"Lots of Slimes","floor":11,"turns":3},{"damage":20,"enemies":"Lagavulin","floor":13,"turns":5}],"seed_played":"-7826121903057933854","potions_obtained":[{"floor":1,"key":"Strength Potion"},{"floor":2,"key":"BlessingOfTheForge"}],"is_trial":false,"path_per_floor":["M","M","?","?","$","R","E","M","T","R","M","R","E"],"character_chosen":"IRONCLAD","items_purchased":[],"campfire_rested":0,"item_purchase_floors":[],"current_hp_per_floor":[77,59,59,59,59,59,20,22,22,22,17,17,0],"gold":133,"neow_bonus":"ONE_RARE_RELIC","is_prod":false,"is_daily":false,"chose_seed":false,"campfire_upgraded":3,"win_rate":0,"timestamp":1699049708,"path_taken":["M","M","?","?","$","R","E","?","T","R","M","R","E"],"build_version":"2022-12-18","purchased_purges":0,"victory":false,"max_hp_per_floor":[89,89,89,89,89,89,89,89,89,89,89,89,89],"card_choices":[{"not_picked":["Bloodletting","Ghostly Armor"],"picked":"Pommel Strike","floor":1},{"not_picked":["True Grit","Pommel Strike"],"picked":"Flame Barrier","floor":2},{"not_picked":["Flex","Heavy Blade"],"picked":"Seeing Red","floor":7},{"not_picked":["Flex","Brutality"],"picked":"Fire Breathing","floor":8},{"not_picked":["Blood for Blood","Body Slam"],"picked":"Reckless Charge","floor":11}],"player_experience":2433967,"relics_obtained":[{"floor":7,"key":"War Paint"},{"floor":9,"key":"Whetstone"}],"event_choices":[{"damage_healed":0,"gold_gain":0,"player_choice":"Take Wound","damage_taken":0,"relics_obtained":["Golden Idol"],"max_hp_gain":0,"max_hp_loss":0,"event_name":"Golden Idol","floor":3,"gold_loss":0,"cards_obtained":["Injury"]},{"damage_healed":0,"gold_gain":0,"cards_transformed":["Strike_R"],"player_choice":"Transformed","damage_taken":0,"max_hp_gain":0,"max_hp_loss":0,"event_name":"Transmorgrifier","floor":4,"gold_loss":0,"cards_obtained":["Searing Blow"]}],"is_beta":false,"boss_relics":[],"items_purged_floors":[],"is_endless":false,"potions_floor_spawned":[1,2],"killed_by":"Lagavulin","ascension_level":20}