{"gold_per_floor":[119,119,119,269,282,309,309,45,72,72,72,116,131,174,174,174],"floor_reached":16,"playtime":447,"items_purged":["Doubt"],"score":282,"play_id":"1e5125e5-4748-47fe-a882-65afa45a0722","local_time":"20231203152730","is_ascension_mode":true,"campfire_choices":[{"data":"Combust","floor":7,"key":"SMITH"},{"data":"Bash","floor":10,"key":"SMITH"},{"data":"Dark Embrace","floor":15,"key":"SMITH"}],"neow_cost":"NONE","seed_source_timestamp":8297407404300,"circlet_count":0,"master_deck":["AscendersBane","Strike_R","Strike_R","Strike_R","Defend_R","Defend_R","Defend_R","Defend_R","Bash+1","Combust+1","Impervious","Reckless Charge","Dark Embrace+1","Pommel Strike","Warcry","Warcry"],"relics":["Burning Blood","NeowsBlessing","Sundial","Strange Spoon","CeramicFish","Mummified Hand","Meat on the Bone","Bag of Marbles"],"potions_floor_usage":[12,16],"damage_taken":[{"damage":0,"enemies":"Jaw Worm","floor":1,"turns":1},{"damage":0,"enemies":"2 Louse","floor":5,"turns":1},{"damage":0,"enemies":"Gremlin Nob","floor":6,"turns":1},{"damage":30,"enemies":"Lagavulin","floor":12,"turns":5},{"damage":1,"enemies":"Small Slimes","floor":13,"turns":3},{"damage":16,"enemies":"Gremlin Nob","floor":14,"turns":4},{"damage":46,"enemies":"The Guardian","floor":16,"turns":10}],"seed_played":"-4185617792791135996","potions_obtained":[{"floor":6,"key":"BlessingOfTheForge"},{"floor":12,"key":"Swift Potion"}],"is_trial":false,"path_per_floor":["M","?","?","?","M","E","R","$","T","R","T","E","M","E","R","B"],"character_chosen":"IRONCLAD","items_purchased":["Strange Spoon","Pommel Strike"],"campfire_rested":0,"item_purchase_floors":[8,8],"current_hp_per_floor":[74,67,67,67,73,75,75,75,75,75,75,51,56,46,46,0],"gold":174,"neow_bonus":"THREE_ENEMY_KILL","is_prod":false,"is_daily":false,"chose_seed":false,"campfire_upgraded":3,"win_rate":0,"timestamp":1701613650,"path_taken":["M","?","?","?","M","E","R","$","T","R","?","E","M","E","R","BOSS"],"build_version":"2022-12-18","purchased_purges":1,"victory":false,"max_hp_per_floor":[75,75,75,75,75,75,75,75,75,75,75,75,75,75,75,75],"card_choices":[{"not_picked":["Iron Wave","Entrench"],"picked":"Combust","floor":1},{"not_picked":["Flex","Cleave"],"picked":"Reckless Charge","floor":5},{"not_picked":["Heavy Blade","Reckless Charge"],"picked":"Dark Embrace","floor":6},{"not_picked":["Flex","Cleave"],"picked":"Warcry","floor":12},{"not_picked":["Body Slam","Armaments","Whirlwind"],"picked":"SKIP","floor":13},{"not_picked":["Clothesline","Searing Blow"],"picked":"Warcry","floor":14}],"player_experience":2434546,"relics_obtained":[{"floor":6,"key":"Sundial"},{"floor":9,"key":"CeramicFish"},{"floor":11,"key":"Mummified Hand"},{"floor":12,"key":"Meat on the Bone"},{"floor":14,"key":"Bag of Marbles"}],"event_choices":[{"cards_removed":["Strike_R"],"damage_healed":0,"gold_gain":0,"player_choice":"Card Removal","damage_taken":7,"max_hp_gain":0,"max_hp_loss":0,"event_name":"Golden Wing","floor":2,"gold_loss":0},{"damage_healed":0,"gold_gain":0,"cards_transformed":["Strike_R"],"player_choice":"Change","damage_taken":0,"max_hp_gain":0,"max_hp_loss":0,"event_name":"Living Wall","floor":3,"gold_loss":0,"cards_obtained":["Impervious"]},{"damage_healed":0,"gold_gain":150,"player_choice":"AGREE","damage_taken":0,"max_hp_gain":0,"max_hp_loss":0,"event_name":"Liars Game","floor":4,"gold_loss":0,"cards_obtained":["Doubt"]}],"is_beta":false,"boss_relics":[],"items_purged_floors":[8],"is_endless":false,"potions_floor_spawned":[6,12],"killed_by":"The Guardian","ascension_level":20}