{"gold_per_floor":[19,19,19,19,35,70,81,100,153,180,203,203,236,252,252,328,328,341,341,266,266,282,282,282],"floor_reached":24,"playtime":1205,"items_purged":[],"score":453,"play_id":"78ab3e5e-1c12-41bf-a864-33ee246a964b","local_time":"20231206221911","is_ascension_mode":true,"campfire_choices":[{"data":"Body Slam","floor":12,"key":"SMITH"},{"floor":15,"key":"REST"},{"data":"Berserk","floor":23,"key":"SMITH"}],"neow_cost":"NO_GOLD","seed_source_timestamp":291449131706000,"circlet_count":0,"master_deck":["AscendersBane","Strike_R","Defend_R","Defend_R","Defend_R","Bash","Thunderclap","Power Through","Rampage","Berserk+1","Shrug It Off","Body Slam+1","Whirlwind","Immolate","Impervious","Spot Weakness+1"],"relics":["Burning Blood","Shuriken","Strawberry","Vajra","Art of War","Happy Flower","Empty Cage","Nilry\u0027s Codex"],"potions_floor_usage":[6,8,10,18,24],"damage_taken":[{"damage":13,"enemies":"Cultist","floor":1,"turns":5},{"damage":10,"enemies":"Small Slimes","floor":5,"turns":5},{"damage":15,"enemies":"Lagavulin","floor":6,"turns":6},{"damage":0,"enemies":"2 Louse","floor":7,"turns":3},{"damage":5,"enemies":"Gremlin Gang","floor":8,"turns":4},{"damage":24,"enemies":"Gremlin Nob","floor":10,"turns":4},{"damage":5,"enemies":"3 Sentries","floor":13,"turns":6},{"damage":19,"enemies":"Exordium Thugs","floor":14,"turns":5},{"damage":35,"enemies":"The Guardian","floor":16,"turns":9},{"damage":12,"enemies":"2 Thieves","floor":18,"turns":3},{"damage":0,"enemies":"Chosen","floor":22,"turns":4},{"damage":92,"enemies":"Slavers","floor":24,"turns":4}],"seed_played":"4495297455204983872","potions_obtained":[{"floor":4,"key":"Explosive Potion"},{"floor":4,"key":"Weak Potion"},{"floor":7,"key":"BloodPotion"},{"floor":8,"key":"Block Potion"},{"floor":10,"key":"Energy Potion"}],"is_trial":false,"path_per_floor":["M","?","?","?","M","E","M","M","T","E","T","R","E","M","R","B",null,"M","?","?","?","M","R","E"],"character_chosen":"IRONCLAD","items_purchased":[],"campfire_rested":1,"item_purchase_floors":[],"current_hp_per_floor":[75,75,68,68,64,55,61,62,69,51,51,51,52,39,67,38,82,76,55,55,55,61,61,0],"gold":282,"neow_bonus":"TWENTY_PERCENT_HP_BONUS","is_prod":false,"is_daily":false,"chose_seed":false,"campfire_upgraded":2,"win_rate":0,"timestamp":1701897551,"path_taken":["M","?","?","?","M","E","M","?","T","E","?","R","E","M","R","BOSS","M","?","?","?","?","R","E"],"build_version":"2022-12-18","purchased_purges":0,"victory":false,"max_hp_per_floor":[89,89,89,89,89,89,89,89,96,96,96,96,96,96,96,96,96,96,96,96,96,96,96,96],"card_choices":[{"not_picked":["Headbutt","Perfected Strike"],"picked":"Thunderclap","floor":1},{"not_picked":["Metallicize","Flex"],"picked":"Rampage","floor":5},{"not_picked":["Blood for Blood","Evolve"],"picked":"Berserk","floor":6},{"not_picked":["Perfected Strike","Heavy Blade"],"picked":"Shrug It Off","floor":7},{"not_picked":["Clothesline","Iron Wave","Clash"],"picked":"SKIP","floor":8},{"not_picked":["Havoc","Immolate"],"picked":"Body Slam","floor":10},{"not_picked":["Feel No Pain","Havoc"],"picked":"Whirlwind","floor":13},{"not_picked":["Carnage","Heavy Blade"],"picked":"Immolate","floor":14},{"not_picked":["Berserk","Immolate"],"picked":"Impervious","floor":16},{"not_picked":["Pommel Strike+1","Warcry"],"picked":"Spot Weakness+1","floor":18},{"not_picked":["Anger+1","Metallicize","Warcry"],"picked":"SKIP","floor":22}],"player_experience":2441660,"relics_obtained":[{"floor":6,"key":"Shuriken"},{"floor":9,"key":"Strawberry"},{"floor":10,"key":"Vajra"},{"floor":11,"key":"Art of War"},{"floor":13,"key":"Happy Flower"},{"floor":19,"key":"Nilry\u0027s Codex"}],"event_choices":[{"damage_healed":0,"gold_gain":0,"cards_transformed":["Strike_R"],"player_choice":"Change","damage_taken":0,"max_hp_gain":0,"max_hp_loss":0,"event_name":"Living Wall","floor":2,"gold_loss":0,"cards_obtained":["Power Through"]},{"cards_removed":["Defend_R"],"damage_healed":0,"gold_gain":0,"player_choice":"Card Removal","damage_taken":7,"max_hp_gain":0,"max_hp_loss":0,"event_name":"Golden Wing","floor":3,"gold_loss":0},{"damage_healed":0,"gold_gain":0,"player_choice":"Got Potions","damage_taken":0,"max_hp_gain":0,"max_hp_loss":0,"event_name":"Lab","floor":4,"gold_loss":0},{"damage_healed":0,"gold_gain":0,"player_choice":"Obtained Book","damage_taken":21,"max_hp_gain":0,"max_hp_loss":0,"event_name":"Cursed Tome","floor":19,"gold_loss":0},{"cards_removed":["Strike_R"],"damage_healed":0,"gold_gain":0,"player_choice":"Gave Gold","damage_taken":0,"max_hp_gain":0,"max_hp_loss":0,"event_name":"Beggar","floor":20,"gold_loss":75},{"damage_healed":0,"gold_gain":0,"player_choice":"0 cards matched","damage_taken":0,"max_hp_gain":0,"max_hp_loss":0,"event_name":"Match and Keep!","floor":21,"gold_loss":0,"cards_obtained":[]}],"is_beta":false,"boss_relics":[{"not_picked":["Runic Pyramid","Ectoplasm"],"picked":"Empty Cage"}],"items_purged_floors":[],"is_endless":false,"potions_floor_spawned":[7,8,10,13],"killed_by":"Slavers","ascension_level":20}