{"gold_per_floor":[110,121,121,121,46,46,46,75,100,133,33,33,64,64,64,64],"floor_reached":16,"playtime":407,"items_purged":[],"score":278,"play_id":"8eb70047-34c6-41fb-950e-82cbc61564ee","local_time":"20231207202715","is_ascension_mode":true,"campfire_choices":[{"data":"Bash","floor":6,"key":"SMITH"},{"data":"Sword Boomerang","floor":12,"key":"SMITH"},{"data":"Pommel Strike","floor":15,"key":"SMITH"}],"neow_cost":"NONE","seed_source_timestamp":371934098270100,"circlet_count":0,"master_deck":["AscendersBane","Strike_R","Strike_R","Strike_R","Strike_R+1","Defend_R","Defend_R","Defend_R","Defend_R","Bash+1","Shockwave+1","Sword Boomerang+1","Feel No Pain","Spot Weakness","Discovery","Pommel Strike+1"],"relics":["Burning Blood","NeowsBlessing","Toy Ornithopter","Lantern","MealTicket","Oddly Smooth Stone","Dream Catcher","Pantograph"],"potions_floor_usage":[10,10],"damage_taken":[{"damage":0,"enemies":"2 Louse","floor":1,"turns":1},{"damage":0,"enemies":"Small Slimes","floor":2,"turns":1},{"damage":0,"enemies":"Lagavulin","floor":8,"turns":1},{"damage":14,"enemies":"3 Sentries","floor":10,"turns":4},{"damage":32,"enemies":"Gremlin Nob","floor":13,"turns":4},{"damage":82,"enemies":"Slime Boss","floor":16,"turns":9}],"seed_played":"3006023388146798819","potions_obtained":[{"floor":1,"key":"ColorlessPotion"},{"floor":8,"key":"Strength Potion"}],"is_trial":false,"path_per_floor":["M","M","?","?","?","R","T","E","T","E","$","R","E","$","R","B"],"character_chosen":"IRONCLAD","items_purchased":["Discovery"],"campfire_rested":0,"item_purchase_floors":[11],"current_hp_per_floor":[74,75,64,41,41,41,41,47,47,49,64,64,38,53,53,0],"gold":64,"neow_bonus":"THREE_ENEMY_KILL","is_prod":false,"is_daily":false,"chose_seed":false,"campfire_upgraded":3,"win_rate":0,"timestamp":1701977235,"path_taken":["M","M","?","?","?","R","?","E","T","E","$","R","E","?","R","BOSS"],"build_version":"2022-12-18","purchased_purges":0,"victory":false,"max_hp_per_floor":[75,75,75,75,75,75,75,75,75,75,75,75,75,75,75,75],"card_choices":[{"not_picked":["Second Wind","Warcry"],"picked":"Shockwave","floor":1},{"not_picked":["Heavy Blade","Havoc"],"picked":"Sword Boomerang","floor":2},{"not_picked":["Cleave","Wild Strike"],"picked":"Feel No Pain","floor":8},{"not_picked":["Dual Wield","Pommel Strike"],"picked":"Spot Weakness","floor":10},{"not_picked":["Body Slam","Rage"],"picked":"Pommel Strike","floor":13}],"player_experience":2443962,"relics_obtained":[{"floor":7,"key":"Lantern"},{"floor":8,"key":"MealTicket"},{"floor":9,"key":"Oddly Smooth Stone"},{"floor":10,"key":"Dream Catcher"},{"floor":13,"key":"Pantograph"}],"event_choices":[{"damage_healed":0,"gold_gain":0,"player_choice":"Success","damage_taken":11,"relics_obtained":["Toy Ornithopter"],"max_hp_gain":0,"max_hp_loss":0,"event_name":"Scrap Ooze","floor":3,"gold_loss":0},{"damage_healed":0,"gold_gain":0,"player_choice":"Entered Light","damage_taken":23,"max_hp_gain":0,"max_hp_loss":0,"event_name":"Shining Light","floor":4,"gold_loss":0,"cards_upgraded":["Shockwave","Strike_R"]},{"cards_removed":["Strike_R"],"damage_healed":0,"gold_gain":0,"player_choice":"Card Removal","damage_taken":0,"max_hp_gain":0,"max_hp_loss":0,"event_name":"The Cleric","floor":5,"gold_loss":75}],"is_beta":false,"boss_relics":[],"items_purged_floors":[],"is_endless":false,"potions_floor_spawned":[1,8],"killed_by":"Slime Boss","ascension_level":20}