{"gold_per_floor":[114,39,39,52,52,52,79,108,108,133,148,159,56,67,67,141,141,119,34,34,34,52,52,52],"floor_reached":24,"playtime":865,"items_purged":["Regret"],"score":408,"play_id":"66730a0c-e818-4953-bc6a-2a1981d32ee4","local_time":"20231207204157","is_ascension_mode":true,"campfire_choices":[{"data":"Bash","floor":6,"key":"SMITH"},{"floor":15,"key":"REST"},{"data":"Body Slam","floor":23,"key":"SMITH"}],"neow_cost":"NONE","seed_source_timestamp":372358039734500,"circlet_count":0,"master_deck":["AscendersBane","Strike_R","Strike_R","Strike_R","Strike_R","Defend_R","Defend_R","Defend_R","Bash+1","Power Through","Disarm","Body Slam+1","Ghostly Armor","Uppercut","Shrug It Off","Berserk","Barricade","CurseOfTheBell","Writhe"],"relics":["Runic Dome","Lizard Tail","Nunchaku","Lantern","Bottled Lightning","Singing Bowl","Calling Bell","Centennial Puzzle","Shuriken","Pocketwatch","Ice Cream","Bag of Preparation"],"potions_floor_usage":[8,16,22,22,24],"damage_taken":[{"damage":3,"enemies":"Small Slimes","floor":1,"turns":3},{"damage":6,"enemies":"2 Louse","floor":4,"turns":3},{"damage":30,"enemies":"3 Sentries","floor":8,"turns":10},{"damage":12,"enemies":"Lagavulin","floor":10,"turns":6},{"damage":2,"enemies":"Cultist","floor":11,"turns":4},{"damage":4,"enemies":"Blue Slaver","floor":12,"turns":4},{"damage":0,"enemies":"3 Louse","floor":14,"turns":3},{"damage":40,"enemies":"Slime Boss","floor":16,"turns":13},{"damage":17,"enemies":"2 Thieves","floor":18,"turns":4},{"damage":8,"enemies":"3 Byrds","floor":22,"turns":9},{"damage":80,"enemies":"Slavers","floor":24,"turns":5}],"seed_played":"4893470284485157891","potions_obtained":[{"floor":1,"key":"Explosive Potion"},{"floor":10,"key":"EssenceOfSteel"},{"floor":12,"key":"PowerPotion"},{"floor":18,"key":"GamblersBrew"},{"floor":22,"key":"LiquidMemories"}],"is_trial":false,"path_per_floor":["M","?","?","M","?","R","T","E","T","E","M","M","$","M","R","B",null,"M","?","?","?","M","R","E"],"character_chosen":"IRONCLAD","items_purchased":["Shrug It Off"],"campfire_rested":1,"item_purchase_floors":[13],"current_hp_per_floor":[65,65,58,52,52,52,52,22,22,12,10,6,6,6,29,38,67,52,52,52,79,73,73,0],"gold":52,"neow_bonus":"BOSS_RELIC","is_prod":false,"is_daily":false,"chose_seed":false,"campfire_upgraded":2,"win_rate":0,"timestamp":1701978117,"path_taken":["M","?","?","M","?","R","?","E","T","E","M","M","$","M","R","BOSS","M","?","?","?","?","R","E"],"build_version":"2022-12-18","purchased_purges":1,"victory":false,"max_hp_per_floor":[75,75,75,75,75,75,75,75,75,77,77,77,77,77,77,77,77,79,79,79,79,81,81,81],"card_choices":[{"not_picked":["Perfected Strike","Clash"],"picked":"Power Through","floor":1},{"not_picked":["Twin Strike","Clash"],"picked":"Disarm","floor":4},{"not_picked":["Blood for Blood","Warcry"],"picked":"Body Slam","floor":8},{"not_picked":["Pummel","Perfected Strike","Dropkick"],"picked":"Singing Bowl","floor":10},{"not_picked":["Rupture","Shockwave"],"picked":"Ghostly Armor","floor":11},{"not_picked":["Clash","Pommel Strike"],"picked":"Uppercut","floor":12},{"not_picked":["Clash","Iron Wave"],"picked":"Berserk","floor":14},{"not_picked":["Reaper","Brutality"],"picked":"Barricade","floor":16},{"not_picked":["Power Through","Heavy Blade","Dark Embrace"],"picked":"Singing Bowl","floor":18},{"not_picked":["Bloodletting","Pommel Strike","Cleave"],"picked":"Singing Bowl","floor":22}],"player_experience":2444369,"relics_obtained":[{"floor":7,"key":"Nunchaku"},{"floor":8,"key":"Lantern"},{"floor":9,"key":"Bottled Lightning"},{"floor":10,"key":"Singing Bowl"},{"floor":17,"key":"Centennial Puzzle"},{"floor":17,"key":"Shuriken"},{"floor":17,"key":"Pocketwatch"}],"event_choices":[{"cards_removed":["Strike_R"],"damage_healed":0,"gold_gain":0,"player_choice":"Card Removal","damage_taken":0,"max_hp_gain":0,"max_hp_loss":0,"event_name":"The Cleric","floor":2,"gold_loss":75},{"cards_removed":["Defend_R"],"damage_healed":0,"gold_gain":0,"player_choice":"Card Removal","damage_taken":7,"max_hp_gain":0,"max_hp_loss":0,"event_name":"Golden Wing","floor":3,"gold_loss":0},{"damage_healed":0,"gold_gain":0,"player_choice":"Box","damage_taken":0,"relics_obtained":["Lizard Tail"],"max_hp_gain":0,"max_hp_loss":0,"event_name":"Big Fish","floor":5,"gold_loss":0,"cards_obtained":["Regret"]},{"damage_healed":0,"gold_gain":0,"player_choice":"Obtained Relic","damage_taken":0,"relics_obtained":["Ice Cream"],"max_hp_gain":0,"max_hp_loss":0,"event_name":"Addict","floor":19,"gold_loss":85},{"damage_healed":0,"gold_gain":0,"player_choice":"Opened","damage_taken":0,"relics_obtained":["Bag of Preparation"],"max_hp_gain":0,"max_hp_loss":0,"event_name":"The Mausoleum","floor":20,"gold_loss":0,"cards_obtained":["Writhe"]},{"damage_healed":27,"gold_gain":0,"player_choice":"Full Heal","damage_taken":0,"max_hp_gain":0,"max_hp_loss":0,"event_name":"Wheel of Change","floor":21,"gold_loss":0}],"is_beta":false,"boss_relics":[{"not_picked":["Ectoplasm","Coffee Dripper"],"picked":"Calling Bell"}],"items_purged_floors":[13],"is_endless":false,"potions_floor_spawned":[1,10,12,14,18,22],"killed_by":"Slavers","ascension_level":20}