{"gold_per_floor":[119,44,44,70,82,126,153,165,200,212,184,196,208,240,252,338,350,382,394],"floor_reached":19,"playtime":571,"items_purged":[],"score":330,"play_id":"8a31937a-d638-48ee-a1ec-67d4b45cb83e","local_time":"20231204235010","is_ascension_mode":true,"campfire_choices":[{"data":"Juggernaut","floor":10,"key":"SMITH"},{"data":"Body Slam","floor":12,"key":"SMITH"},{"floor":15,"key":"REST"}],"neow_cost":"NONE","seed_source_timestamp":124740854199200,"circlet_count":0,"master_deck":["AscendersBane","Bash","Barricade","Body Slam+1","True Grit","Combust","Metallicize","Juggernaut+1","Iron Wave","Flame Barrier","Exhume","Rupture","Clash","Clash","Bloodletting","Uppercut","Havoc","Body Slam","Second Wind"],"relics":["Burning Blood","MawBank","Self Forming Clay","MealTicket","Pandora\u0027s Box"],"potions_floor_usage":[6,6],"damage_taken":[{"damage":5,"enemies":"2 Louse","floor":1,"turns":4},{"damage":13,"enemies":"Small Slimes","floor":4,"turns":3},{"damage":40,"enemies":"Lagavulin","floor":6,"turns":8},{"damage":8,"enemies":"Cultist","floor":7,"turns":5},{"damage":0,"enemies":"Looter","floor":11,"turns":4},{"damage":18,"enemies":"Exordium Thugs","floor":14,"turns":4},{"damage":28,"enemies":"Slime Boss","floor":16,"turns":7},{"damage":27,"enemies":"Spheric Guardian","floor":18,"turns":6},{"damage":3,"enemies":"Chosen","floor":19,"turns":3}],"seed_played":"3961473304613691563","potions_obtained":[{"floor":1,"key":"LiquidMemories"},{"floor":4,"key":"Energy Potion"},{"floor":14,"key":"Energy Potion"},{"floor":18,"key":"FearPotion"}],"is_trial":false,"path_per_floor":["M","?","?","M","?","E","M","?","T","R","M","R","$","M","R","B",null,"M","M"],"character_chosen":"IRONCLAD","items_purchased":[],"campfire_rested":1,"item_purchase_floors":[],"current_hp_per_floor":[69,69,69,62,62,28,26,19,19,19,25,25,40,28,50,28,63,42,39],"gold":394,"neow_bonus":"ONE_RANDOM_RARE_CARD","is_prod":false,"is_daily":false,"chose_seed":false,"campfire_upgraded":2,"win_rate":0,"timestamp":1701730210,"path_taken":["M","?","?","M","?","E","?","?","T","R","M","R","?","M","R","BOSS","M","M"],"build_version":"2022-12-18","purchased_purges":0,"victory":false,"max_hp_per_floor":[75,75,75,75,75,75,75,75,75,75,75,75,75,75,75,75,75,75,75],"card_choices":[{"not_picked":["Shrug It Off","Clothesline"],"picked":"Body Slam","floor":1},{"not_picked":["Hemokinesis","Sword Boomerang"],"picked":"True Grit","floor":4},{"not_picked":["Cleave","Armaments"],"picked":"Metallicize","floor":6},{"not_picked":["Dropkick","Body Slam"],"picked":"Juggernaut","floor":7},{"not_picked":["Headbutt","Perfected Strike"],"picked":"Iron Wave","floor":11},{"not_picked":["Metallicize","Thunderclap"],"picked":"Flame Barrier","floor":14},{"not_picked":["Fiend Fire","Immolate"],"picked":"Exhume","floor":16},{"not_picked":["Pummel","Body Slam"],"picked":"Second Wind","floor":18}],"player_experience":2438654,"relics_obtained":[{"floor":6,"key":"Self Forming Clay"},{"floor":9,"key":"MealTicket"}],"event_choices":[{"cards_removed":["Strike_R"],"damage_healed":0,"gold_gain":0,"player_choice":"Card Removal","damage_taken":0,"max_hp_gain":0,"max_hp_loss":0,"event_name":"The Cleric","floor":2,"gold_loss":75},{"damage_healed":0,"gold_gain":0,"player_choice":"Box","damage_taken":0,"relics_obtained":["MawBank"],"max_hp_gain":0,"max_hp_loss":0,"event_name":"Big Fish","floor":3,"gold_loss":0,"cards_obtained":["Regret"]},{"damage_healed":0,"gold_gain":0,"cards_transformed":["Strike_R"],"player_choice":"Transformed","damage_taken":0,"max_hp_gain":0,"max_hp_loss":0,"event_name":"Transmorgrifier","floor":5,"gold_loss":0,"cards_obtained":["Combust"]},{"cards_removed":["Regret"],"damage_healed":0,"gold_gain":0,"player_choice":"Card Removal","damage_taken":7,"max_hp_gain":0,"max_hp_loss":0,"event_name":"Golden Wing","floor":8,"gold_loss":0}],"is_beta":false,"boss_relics":[{"not_picked":["Tiny House","Cursed Key"],"picked":"Pandora\u0027s Box"}],"items_purged_floors":[],"is_endless":false,"potions_floor_spawned":[1,4,14,18],"killed_by":"Chosen","ascension_level":20}