{"gold_per_floor":[364,12,29,46,46,77,33,33],"floor_reached":8,"playtime":367,"items_purged":["Doubt"],"score":116,"play_id":"ef74698c-0031-45ef-9db0-4460c104468b","local_time":"20231216002325","is_ascension_mode":true,"campfire_choices":[],"neow_cost":"CURSE","seed_source_timestamp":34120532147799,"circlet_count":0,"master_deck":["AscendersBane","Strike_R","Strike_R","Strike_R","Strike_R","Strike_R","Defend_R","Defend_R","Defend_R","Defend_R","Bash","Shrug It Off","Berserk","Demon Form","Dual Wield"],"relics":["Burning Blood","Letter Opener","Calipers"],"potions_floor_usage":[6,8],"damage_taken":[{"damage":3,"enemies":"2 Louse","floor":1,"turns":5},{"damage":4,"enemies":"Cultist","floor":3,"turns":4},{"damage":19,"enemies":"Small Slimes","floor":4,"turns":6},{"damage":43,"enemies":"3 Sentries","floor":6,"turns":13},{"damage":19,"enemies":"Exordium Thugs","floor":7,"turns":5},{"damage":34,"enemies":"The Mushroom Lair","floor":8,"turns":3}],"seed_played":"-2170627597320239152","potions_obtained":[{"floor":1,"key":"BlessingOfTheForge"},{"floor":7,"key":"GamblersBrew"}],"is_trial":false,"path_per_floor":["M","$","M","M","?","E","M","?"],"character_chosen":"IRONCLAD","items_purchased":["Letter Opener"],"campfire_rested":0,"item_purchase_floors":[2],"current_hp_per_floor":[71,71,73,60,75,38,25,0],"gold":33,"neow_bonus":"TWO_FIFTY_GOLD","is_prod":false,"is_daily":false,"chose_seed":false,"campfire_upgraded":0,"win_rate":0,"timestamp":1702682605,"path_taken":["M","$","M","M","?","E","?","?"],"build_version":"2022-12-18","purchased_purges":1,"victory":false,"max_hp_per_floor":[75,75,75,75,75,75,75,75],"card_choices":[{"not_picked":["Hemokinesis","Flex"],"picked":"Shrug It Off","floor":1},{"not_picked":["Clash","Cleave"],"picked":"Berserk","floor":3},{"not_picked":["Anger","Pummel"],"picked":"Fire Breathing","floor":4},{"not_picked":["Metallicize","Fire Breathing"],"picked":"Demon Form","floor":6},{"not_picked":["Flex","Perfected Strike"],"picked":"Dual Wield","floor":7}],"player_experience":2450432,"relics_obtained":[{"floor":6,"key":"Calipers"}],"event_choices":[{"cards_removed":["Fire Breathing"],"damage_healed":15,"gold_gain":0,"player_choice":"Offered Uncommon","damage_taken":0,"max_hp_gain":0,"max_hp_loss":0,"event_name":"Bonfire Elementals","floor":5,"gold_loss":0},{"damage_healed":0,"gold_gain":0,"player_choice":"Fought Mushrooms","damage_taken":0,"max_hp_gain":0,"max_hp_loss":0,"event_name":"Mushrooms","floor":8,"gold_loss":0}],"is_beta":false,"boss_relics":[],"items_purged_floors":[2],"is_endless":false,"potions_floor_spawned":[1,7],"killed_by":"The Mushroom Lair","ascension_level":20}