{"gold_per_floor":[113,113,188,34,58,58,89,103,128,141,141,182,19,19,19,113,113,113,113,132,51,101,101],"floor_reached":23,"playtime":636,"items_purged":["Injury"],"score":444,"play_id":"5b8e989f-95af-4962-b839-4a85466b1f5c","local_time":"20231216003618","is_ascension_mode":true,"campfire_choices":[{"data":"Whirlwind","floor":6,"key":"SMITH"},{"floor":15,"key":"REST"}],"neow_cost":"NONE","seed_source_timestamp":34624842583700,"circlet_count":0,"master_deck":["AscendersBane","Strike_R","Strike_R","Strike_R","Strike_R","Strike_R","Defend_R","Defend_R+1","Defend_R+1","Bash","Ghostly Armor","Whirlwind+1","Dark Embrace","Feel No Pain","Ghostly Armor","Corruption","Dual Wield","Carnage"],"relics":["Black Blood","NeowsBlessing","Bloody Idol","War Paint","Lantern","Lizard Tail","Pen Nib","SsserpentHead"],"potions_floor_usage":[12,16,18,23],"damage_taken":[{"damage":0,"enemies":"Jaw Worm","floor":1,"turns":1},{"damage":0,"enemies":"2 Louse","floor":5,"turns":1},{"damage":0,"enemies":"Gremlin Nob","floor":7,"turns":1},{"damage":1,"enemies":"Cultist","floor":8,"turns":4},{"damage":6,"enemies":"Large Slime","floor":10,"turns":8},{"damage":42,"enemies":"Lagavulin","floor":12,"turns":7},{"damage":99,"enemies":"The Guardian","floor":16,"turns":19},{"damage":0,"enemies":"Shell Parasite","floor":18,"turns":1},{"damage":26,"enemies":"Chosen","floor":20,"turns":8},{"damage":69,"enemies":"Book of Stabbing","floor":23,"turns":5}],"seed_played":"-3074870394922284242","potions_obtained":[{"floor":1,"key":"SmokeBomb"},{"floor":7,"key":"Ancient Potion"},{"floor":12,"key":"SpeedPotion"},{"floor":20,"key":"AttackPotion"}],"is_trial":false,"path_per_floor":["M","?","?","$","M","R","E","M","T","M","?","E","$","T","R","B",null,"M","?","M","$","?","E"],"character_chosen":"IRONCLAD","items_purchased":["Whirlwind","Pen Nib","Carnage"],"campfire_rested":1,"item_purchase_floors":[4,13,21],"current_hp_per_floor":[74,74,63,63,69,69,75,75,75,75,75,39,39,39,61,23,62,74,74,60,60,60,0],"gold":101,"neow_bonus":"THREE_ENEMY_KILL","is_prod":false,"is_daily":false,"chose_seed":false,"campfire_upgraded":1,"win_rate":0,"timestamp":1702683378,"path_taken":["M","?","?","?","?","R","E","M","T","M","?","E","$","?","R","BOSS","M","?","M","$","?","E"],"build_version":"2022-12-18","purchased_purges":1,"victory":false,"max_hp_per_floor":[75,75,75,75,75,75,75,75,75,75,75,75,75,75,75,75,75,75,75,75,75,75,75],"card_choices":[{"not_picked":["Carnage","Intimidate"],"picked":"Ghostly Armor","floor":1},{"not_picked":["Uppercut","Warcry"],"picked":"Dark Embrace","floor":5},{"not_picked":["Cleave","Warcry"],"picked":"Feel No Pain","floor":7},{"not_picked":["Wild Strike","Flex"],"picked":"Ghostly Armor","floor":8},{"not_picked":["Iron Wave","Twin Strike","Cleave"],"picked":"SKIP","floor":10},{"not_picked":["Brutality","Anger","Wild Strike"],"picked":"SKIP","floor":12},{"not_picked":["Limit Break","Impervious"],"picked":"Corruption","floor":16},{"not_picked":["Carnage","Clash"],"picked":"Dual Wield","floor":20}],"player_experience":2450919,"relics_obtained":[{"floor":7,"key":"War Paint"},{"floor":9,"key":"Lantern"},{"floor":12,"key":"Lizard Tail"}],"event_choices":[{"damage_healed":0,"gold_gain":0,"player_choice":"Take Wound","damage_taken":0,"relics_obtained":["Golden Idol"],"max_hp_gain":0,"max_hp_loss":0,"event_name":"Golden Idol","floor":2,"gold_loss":0,"cards_obtained":["Injury"]},{"damage_healed":0,"gold_gain":75,"player_choice":"Gather Gold","damage_taken":11,"max_hp_gain":0,"max_hp_loss":0,"event_name":"World of Goop","floor":3,"gold_loss":0},{"cards_removed":["Defend_R"],"damage_healed":0,"gold_gain":0,"player_choice":"Offered Basic","damage_taken":0,"max_hp_gain":0,"max_hp_loss":0,"event_name":"Bonfire Elementals","floor":11,"gold_loss":0},{"damage_healed":0,"gold_gain":0,"player_choice":"Trade","damage_taken":0,"relics_obtained":["SsserpentHead"],"max_hp_gain":0,"max_hp_loss":0,"event_name":"FaceTrader","floor":19,"gold_loss":0},{"damage_healed":0,"gold_gain":0,"player_choice":"Gave Idol","damage_taken":0,"relics_obtained":["Bloody Idol"],"max_hp_gain":0,"max_hp_loss":0,"event_name":"Forgotten Altar","floor":22,"relics_lost":["Golden Idol"],"gold_loss":0}],"is_beta":false,"boss_relics":[{"not_picked":["SlaversCollar","Velvet Choker"],"picked":"Black Blood"}],"items_purged_floors":[4],"is_endless":false,"potions_floor_spawned":[1,7,12,20],"killed_by":"Book of Stabbing","ascension_level":20}