{"gold_per_floor":[119,130,130,130,149,193,193,235,235,235],"floor_reached":10,"playtime":330,"items_purged":[],"score":202,"play_id":"c12ce083-9730-4c35-a25c-ca1d00237f87","local_time":"20231222020615","is_ascension_mode":true,"campfire_choices":[{"data":"Armaments","floor":7,"key":"SMITH"}],"neow_cost":"PERCENT_DAMAGE","seed_source_timestamp":558737783129300,"circlet_count":0,"master_deck":["AscendersBane","Strike_R","Strike_R","Strike_R","Strike_R","Defend_R","Defend_R","Defend_R","Defend_R","Bash","Hemokinesis","Armaments+1","Injury","Spot Weakness","Heavy Blade","Double Tap"],"relics":["Burning Blood","Golden Idol","CeramicFish","CaptainsWheel","Toxic Egg 2"],"potions_floor_usage":[6,6,10],"damage_taken":[{"damage":7,"enemies":"Small Slimes","floor":1,"turns":4},{"damage":10,"enemies":"2 Louse","floor":2,"turns":3},{"damage":7,"enemies":"Cultist","floor":5,"turns":4},{"damage":6,"enemies":"Lagavulin","floor":6,"turns":4},{"damage":52,"enemies":"3 Sentries","floor":8,"turns":9},{"damage":52,"enemies":"Gremlin Nob","floor":10,"turns":4}],"seed_played":"5736465002702383685","potions_obtained":[{"floor":2,"key":"AttackPotion"},{"floor":5,"key":"LiquidMemories"},{"floor":8,"key":"GamblersBrew"}],"is_trial":false,"path_per_floor":["M","M","?","?","M","E","R","E","T","E"],"character_chosen":"IRONCLAD","items_purchased":[],"campfire_rested":0,"item_purchase_floors":[],"current_hp_per_floor":[63,59,59,59,58,58,58,12,12,0],"gold":235,"neow_bonus":"TWENTY_PERCENT_HP_BONUS","is_prod":false,"is_daily":false,"chose_seed":false,"campfire_upgraded":1,"win_rate":0,"timestamp":1703207175,"path_taken":["M","M","?","?","?","E","R","E","T","E"],"build_version":"2022-12-18","purchased_purges":0,"victory":false,"max_hp_per_floor":[89,89,89,89,89,89,89,89,89,89],"card_choices":[{"not_picked":["Heavy Blade","Twin Strike"],"picked":"Hemokinesis","floor":1},{"not_picked":["Flex","Clothesline"],"picked":"Armaments","floor":2},{"not_picked":["Havoc","Spot Weakness"],"picked":"Heavy Blade","floor":5},{"not_picked":["Uppercut","Wild Strike","Carnage"],"picked":"SKIP","floor":6},{"not_picked":["Wild Strike","Armaments"],"picked":"Double Tap","floor":8}],"player_experience":2455972,"relics_obtained":[{"floor":6,"key":"CeramicFish"},{"floor":8,"key":"CaptainsWheel"},{"floor":9,"key":"Toxic Egg 2"}],"event_choices":[{"damage_healed":0,"gold_gain":0,"player_choice":"Take Wound","damage_taken":0,"relics_obtained":["Golden Idol"],"max_hp_gain":0,"max_hp_loss":0,"event_name":"Golden Idol","floor":3,"gold_loss":0,"cards_obtained":["Injury"]},{"damage_healed":0,"gold_gain":0,"cards_transformed":["Strike_R"],"player_choice":"Transformed","damage_taken":0,"max_hp_gain":0,"max_hp_loss":0,"event_name":"Transmorgrifier","floor":4,"gold_loss":0,"cards_obtained":["Spot Weakness"]}],"is_beta":false,"boss_relics":[],"items_purged_floors":[],"is_endless":false,"potions_floor_spawned":[2,5,8],"killed_by":"Gremlin Nob","ascension_level":20}