{"gold_per_floor":[112,34,184,198,198,198,232,232,259,288,288,307,30,40,40,114,114,131,131,131,145,70,70,98,98,98,116,128,128,143,173,173,173],"floor_reached":33,"playtime":1056,"items_purged":["Strike_R"],"score":636,"play_id":"cc9310e5-886a-4d36-a6e9-0c0e57f35baa","local_time":"20231222015927","is_ascension_mode":true,"campfire_choices":[{"data":"Rupture","floor":6,"key":"SMITH"},{"data":"Combust","floor":8,"key":"SMITH"},{"data":"Disarm","floor":15,"key":"SMITH"},{"data":"Juggernaut","floor":23,"key":"SMITH"},{"floor":25,"key":"REST"},{"floor":29,"key":"REST"},{"floor":32,"key":"REST"}],"neow_cost":"NONE","seed_source_timestamp":557603808044299,"circlet_count":0,"master_deck":["AscendersBane","Strike_R","Strike_R","Strike_R","Strike_R","Defend_R","Defend_R","Defend_R","Defend_R","Bash","Rupture+1","Shockwave","Combust+1","Regret","Shrug It Off","Clothesline","Disarm+1","Juggernaut+1","Flame Barrier","Combust","Decay","Body Slam","Metallicize+1","Evolve"],"relics":["Burning Blood","NeowsBlessing","Juzu Bracelet","Self Forming Clay","Bag of Marbles","Mummified Hand","Kunai","Runic Cube","Boot","Vajra","Tiny Chest"],"potions_floor_usage":[10,14,18,24,28,30,31],"damage_taken":[{"damage":0,"enemies":"Cultist","floor":1,"turns":1},{"damage":0,"enemies":"Small Slimes","floor":4,"turns":1},{"damage":0,"enemies":"Lagavulin","floor":7,"turns":1},{"damage":24,"enemies":"3 Sentries","floor":10,"turns":6},{"damage":10,"enemies":"Jaw Worm","floor":12,"turns":2},{"damage":3,"enemies":"Exordium Thugs","floor":14,"turns":3},{"damage":40,"enemies":"The Guardian","floor":16,"turns":10},{"damage":22,"enemies":"Shell Parasite","floor":18,"turns":7},{"damage":15,"enemies":"2 Thieves","floor":21,"turns":4},{"damage":38,"enemies":"Slavers","floor":24,"turns":6},{"damage":21,"enemies":"Snake Plant","floor":27,"turns":3},{"damage":24,"enemies":"3 Cultists","floor":28,"turns":5},{"damage":2,"enemies":"Snecko","floor":30,"turns":3},{"damage":23,"enemies":"Gremlin Leader","floor":31,"turns":4},{"damage":72,"enemies":"Automaton","floor":33,"turns":6}],"seed_played":"5963290004092876566","potions_obtained":[{"floor":1,"key":"ColorlessPotion"},{"floor":7,"key":"SteroidPotion"},{"floor":12,"key":"AttackPotion"},{"floor":14,"key":"Regen Potion"},{"floor":16,"key":"LiquidMemories"},{"floor":24,"key":"BlessingOfTheForge"},{"floor":28,"key":"GamblersBrew"},{"floor":30,"key":"ColorlessPotion"}],"is_trial":false,"path_per_floor":["M","$","?","M","?","R","E","R","T","E","?","M","$","M","R","B",null,"M","?","?","M","$","R","E","R","T","M","M","R","M","E","R","B"],"character_chosen":"IRONCLAD","items_purchased":["Shockwave","Kunai"],"campfire_rested":3,"item_purchase_floors":[2,13],"current_hp_per_floor":[74,74,74,75,75,75,75,75,75,57,57,53,53,56,56,22,62,61,61,61,52,52,52,20,42,42,27,9,31,35,18,40,0],"gold":173,"neow_bonus":"THREE_ENEMY_KILL","is_prod":false,"is_daily":false,"chose_seed":false,"campfire_upgraded":4,"win_rate":0,"timestamp":1703206767,"path_taken":["M","$","?","M","?","R","E","R","T","E","?","M","$","M","R","BOSS","M","?","?","M","$","R","E","R","T","M","M","R","M","E","R","BOSS"],"build_version":"2022-12-18","purchased_purges":1,"victory":false,"max_hp_per_floor":[75,75,75,75,75,75,75,75,75,75,75,75,75,75,75,75,75,75,75,75,75,75,75,75,75,75,75,75,75,75,75,75,75],"card_choices":[{"not_picked":["Clothesline","Spot Weakness"],"picked":"Rupture","floor":1},{"not_picked":["Bloodletting","Clash"],"picked":"Combust","floor":4},{"not_picked":["Heavy Blade","Clothesline"],"picked":"Shrug It Off","floor":7},{"not_picked":["Sentinel","Intimidate"],"picked":"Clothesline","floor":10},{"not_picked":["Burning Pact","Armaments","Intimidate"],"picked":"SKIP","floor":12},{"not_picked":["Anger","Clash"],"picked":"Disarm","floor":14},{"not_picked":["Immolate","Barricade"],"picked":"Juggernaut","floor":16},{"not_picked":["Warcry","Twin Strike+1"],"picked":"Flame Barrier","floor":18},{"not_picked":["Clash","Shrug It Off+1"],"picked":"Body Slam","floor":21},{"not_picked":["Juggernaut","True Grit"],"picked":"Metallicize+1","floor":24},{"not_picked":["Wild Strike","Flame Barrier"],"picked":"Evolve","floor":27},{"not_picked":["Armaments","Hemokinesis","Iron Wave"],"picked":"SKIP","floor":28},{"not_picked":["Clothesline","Perfected Strike","Thunderclap"],"picked":"SKIP","floor":30},{"not_picked":["Double Tap","Metallicize","Heavy Blade"],"picked":"SKIP","floor":31}],"player_experience":2454916,"relics_obtained":[{"floor":7,"key":"Self Forming Clay"},{"floor":9,"key":"Bag of Marbles"},{"floor":10,"key":"Mummified Hand"},{"floor":24,"key":"Boot"},{"floor":26,"key":"Vajra"},{"floor":31,"key":"Tiny Chest"}],"event_choices":[{"damage_healed":0,"gold_gain":150,"player_choice":"AGREE","damage_taken":0,"max_hp_gain":0,"max_hp_loss":0,"event_name":"Liars Game","floor":3,"gold_loss":0,"cards_obtained":["Doubt"]},{"damage_healed":0,"gold_gain":0,"player_choice":"Box","damage_taken":0,"relics_obtained":["Juzu Bracelet"],"max_hp_gain":0,"max_hp_loss":0,"event_name":"Big Fish","floor":5,"gold_loss":0,"cards_obtained":["Regret"]},{"cards_removed":["Doubt"],"damage_healed":0,"gold_gain":0,"player_choice":"Forget","damage_taken":0,"max_hp_gain":0,"max_hp_loss":0,"event_name":"Living Wall","floor":11,"gold_loss":0},{"damage_healed":0,"gold_gain":0,"player_choice":"1 cards matched","damage_taken":0,"max_hp_gain":0,"max_hp_loss":0,"event_name":"Match and Keep!","floor":19,"gold_loss":0,"cards_obtained":["Combust"]},{"damage_healed":0,"gold_gain":0,"player_choice":"Smashed Altar","damage_taken":0,"max_hp_gain":0,"max_hp_loss":0,"event_name":"Forgotten Altar","floor":20,"gold_loss":0,"cards_obtained":["Decay"]}],"is_beta":false,"boss_relics":[{"not_picked":["Calling Bell","Runic Pyramid"],"picked":"Runic Cube"}],"items_purged_floors":[22],"is_endless":false,"potions_floor_spawned":[1,7,12,14,16,24,28,30],"killed_by":"Automaton","ascension_level":20}