{"gold_per_floor":[113,78,78,93,109,109,141,141,141,416,442,459,459],"floor_reached":13,"playtime":547,"items_purged":[],"score":186,"play_id":"59548a17-9ff5-40dd-ae82-e276f74da9e7","local_time":"20240101224847","is_ascension_mode":true,"campfire_choices":[{"data":"Bash","floor":6,"key":"SMITH"},{"data":"Havoc","floor":8,"key":"SMITH"}],"neow_cost":"PERCENT_DAMAGE","seed_source_timestamp":119680466400100,"circlet_count":0,"master_deck":["AscendersBane","Strike_R","Strike_R","Strike_R","Strike_R","Strike_R","Defend_R","Defend_R","Defend_R","Defend_R","Bash+1","Havoc+1","Pain","Dropkick","Sword Boomerang","Regret","Berserk"],"relics":["Burning Blood","StoneCalendar","WarpedTongs","Eternal Feather","Anchor","Happy Flower"],"potions_floor_usage":[7,11,13],"damage_taken":[{"damage":7,"enemies":"Small Slimes","floor":1,"turns":3},{"damage":10,"enemies":"Jaw Worm","floor":4,"turns":3},{"damage":3,"enemies":"Cultist","floor":5,"turns":3},{"damage":42,"enemies":"3 Sentries","floor":7,"turns":7},{"damage":53,"enemies":"Lagavulin","floor":11,"turns":7},{"damage":2,"enemies":"2 Fungi Beasts","floor":12,"turns":2},{"damage":17,"enemies":"Gremlin Gang","floor":13,"turns":2}],"seed_played":"-5911963895790231440","potions_obtained":[{"floor":4,"key":"EssenceOfSteel"},{"floor":7,"key":"Regen Potion"},{"floor":11,"key":"SkillPotion"}],"is_trial":false,"path_per_floor":["M","?","?","M","M","R","E","R","T","?","E","M","M"],"character_chosen":"IRONCLAD","items_purchased":[],"campfire_rested":0,"item_purchase_floors":[],"current_hp_per_floor":[49,67,67,63,66,66,30,39,39,39,7,11,0],"gold":459,"neow_bonus":"ONE_RARE_RELIC","is_prod":false,"is_daily":false,"chose_seed":false,"campfire_upgraded":2,"win_rate":0,"timestamp":1704145727,"path_taken":["M","?","?","?","M","R","E","R","T","?","E","?","M"],"build_version":"2022-12-18","purchased_purges":0,"victory":false,"max_hp_per_floor":[75,75,75,75,75,75,75,75,75,75,75,75,75],"card_choices":[{"not_picked":["Warcry","Battle Trance"],"picked":"Havoc","floor":1},{"not_picked":["Armaments","Perfected Strike"],"picked":"Dropkick","floor":4},{"not_picked":["Clash","Seeing Red"],"picked":"Sword Boomerang","floor":5},{"not_picked":["Thunderclap","Cleave","Perfected Strike"],"picked":"SKIP","floor":7},{"not_picked":["Combust","Hemokinesis"],"picked":"Berserk","floor":11},{"not_picked":["Thunderclap","Anger","Wild Strike"],"picked":"SKIP","floor":12}],"player_experience":2459443,"relics_obtained":[{"floor":7,"key":"Eternal Feather"},{"floor":9,"key":"Anchor"},{"floor":11,"key":"Happy Flower"}],"event_choices":[{"damage_healed":18,"gold_gain":0,"player_choice":"Healed","damage_taken":0,"max_hp_gain":0,"max_hp_loss":0,"event_name":"The Cleric","floor":2,"gold_loss":35},{"damage_healed":0,"gold_gain":0,"player_choice":"Rummage","damage_taken":0,"relics_obtained":["WarpedTongs"],"max_hp_gain":0,"max_hp_loss":0,"event_name":"Accursed Blacksmith","floor":3,"gold_loss":0,"cards_obtained":["Pain"]},{"damage_healed":0,"gold_gain":275,"player_choice":"Desecrate","damage_taken":0,"max_hp_gain":0,"max_hp_loss":0,"event_name":"Golden Shrine","floor":10,"gold_loss":0,"cards_obtained":["Regret"]}],"is_beta":false,"boss_relics":[],"items_purged_floors":[],"is_endless":false,"potions_floor_spawned":[4,7,11],"killed_by":"Gremlin Gang","ascension_level":20}