{"gold_per_floor":[119,119,134,59,75,105,105,135,135,135,149,164,164,164],"floor_reached":14,"playtime":290,"items_purged":[],"score":200,"play_id":"fc4a9b8b-ed1b-47da-9115-949e140e719d","local_time":"20240102180958","is_ascension_mode":true,"campfire_choices":[{"floor":7,"key":"REST"},{"floor":10,"key":"REST"}],"neow_cost":"NONE","seed_source_timestamp":189610799760900,"circlet_count":0,"master_deck":["AscendersBane","Strike_R","Strike_R","Strike_R","Strike_R","Defend_R","Defend_R","Defend_R","Defend_R","Bash","Combust","Shrug It Off","Fire Breathing","Rupture","Pommel Strike","Cleave","Dropkick","Demon Form"],"relics":["Burning Blood","NeowsBlessing","Blue Candle","Pantograph","Singing Bowl","GremlinMask"],"potions_floor_usage":[8,12,14],"damage_taken":[{"damage":0,"enemies":"Jaw Worm","floor":1,"turns":1},{"damage":0,"enemies":"Cultist","floor":3,"turns":1},{"damage":0,"enemies":"Small Slimes","floor":5,"turns":1},{"damage":58,"enemies":"Lagavulin","floor":6,"turns":9},{"damage":59,"enemies":"Gremlin Nob","floor":8,"turns":5},{"damage":11,"enemies":"Looter","floor":11,"turns":4},{"damage":10,"enemies":"2 Fungi Beasts","floor":12,"turns":4},{"damage":22,"enemies":"Lagavulin","floor":14,"turns":5}],"seed_played":"2210228070507189978","potions_obtained":[{"floor":5,"key":"BloodPotion"},{"floor":11,"key":"BlessingOfTheForge"},{"floor":12,"key":"FearPotion"}],"is_trial":false,"path_per_floor":["M","?","M","$","M","E","R","E","T","R","M","M","?","E"],"character_chosen":"IRONCLAD","items_purchased":["Fire Breathing"],"campfire_rested":2,"item_purchase_floors":[4],"current_hp_per_floor":[74,74,75,75,75,23,45,7,7,29,24,20,20,0],"gold":164,"neow_bonus":"THREE_ENEMY_KILL","is_prod":false,"is_daily":false,"chose_seed":false,"campfire_upgraded":0,"win_rate":0,"timestamp":1704215398,"path_taken":["M","?","M","?","?","E","R","E","T","R","M","M","?","E"],"build_version":"2022-12-18","purchased_purges":0,"victory":false,"max_hp_per_floor":[75,75,75,75,75,75,75,75,75,75,75,75,75,75],"card_choices":[{"not_picked":["Armaments","Havoc"],"picked":"Combust","floor":1},{"not_picked":["Warcry","Anger"],"picked":"Shrug It Off","floor":3},{"not_picked":["Warcry","Exhume"],"picked":"Rupture","floor":5},{"not_picked":["Corruption","Twin Strike"],"picked":"Pommel Strike","floor":6},{"not_picked":["Clash","Thunderclap"],"picked":"Cleave","floor":8},{"not_picked":["Sword Boomerang","Twin Strike"],"picked":"Dropkick","floor":11},{"not_picked":["Seeing Red","Anger"],"picked":"Demon Form","floor":12}],"player_experience":2460783,"relics_obtained":[{"floor":6,"key":"Blue Candle"},{"floor":8,"key":"Pantograph"},{"floor":9,"key":"Singing Bowl"}],"event_choices":[{"cards_removed":["Strike_R"],"damage_healed":0,"gold_gain":0,"player_choice":"Purged","damage_taken":0,"max_hp_gain":0,"max_hp_loss":0,"event_name":"Purifier","floor":2,"gold_loss":0},{"damage_healed":0,"gold_gain":0,"player_choice":"Trade","damage_taken":0,"relics_obtained":["GremlinMask"],"max_hp_gain":0,"max_hp_loss":0,"event_name":"FaceTrader","floor":13,"gold_loss":0}],"is_beta":false,"boss_relics":[],"items_purged_floors":[],"is_endless":false,"potions_floor_spawned":[5,11,12],"killed_by":"Lagavulin","ascension_level":20}