{"gold_per_floor":[117,42,52,52,12,12,24,55,82,111,23,52,65,90,90,164,164,177,189,189,189,189,189],"floor_reached":23,"playtime":719,"items_purged":[],"score":434,"play_id":"f851c848-02ed-4727-88e0-13f5d8869460","local_time":"20240101222435","is_ascension_mode":true,"campfire_choices":[{"data":"Combust","floor":6.0,"key":"SMITH"},{"floor":15.0,"key":"REST"}],"neow_cost":"NONE","seed_source_timestamp":0,"circlet_count":0,"master_deck":["AscendersBane","Strike_R","Strike_R","Defend_R","Defend_R","Defend_R","Bash","Combust+1","Shrug It Off","Evolve","Dual Wield","Blood for Blood","Fire Breathing","Shrug It Off","Blood for Blood","Reaper","Shockwave","CurseOfTheBell","Havoc+1","Rupture+1","Decay"],"special_seed":0,"relics":["Burning Blood","NeowsBlessing","Orichalcum","Bag of Marbles","Dream Catcher","Juzu Bracelet","Blue Candle","Calling Bell","Centennial Puzzle","Toxic Egg 2","Shovel"],"potions_floor_usage":[23],"damage_taken":[{"damage":0.0,"enemies":"Jaw Worm","floor":1.0,"turns":1.0},{"damage":0.0,"enemies":"Cultist","floor":3.0,"turns":1.0},{"damage":0.0,"enemies":"Small Slimes","floor":7.0,"turns":1.0},{"damage":19.0,"enemies":"3 Sentries","floor":8.0,"turns":3.0},{"damage":8.0,"enemies":"Gremlin Nob","floor":10.0,"turns":3.0},{"damage":22.0,"enemies":"3 Sentries","floor":12.0,"turns":4.0},{"damage":9.0,"enemies":"Looter","floor":13.0,"turns":3.0},{"damage":23.0,"enemies":"Lagavulin","floor":14.0,"turns":5.0},{"damage":49.0,"enemies":"The Guardian","floor":16.0,"turns":8.0},{"damage":21.0,"enemies":"Shell Parasite","floor":18.0,"turns":4.0},{"damage":24.0,"enemies":"Chosen","floor":19.0,"turns":4.0},{"damage":38,"enemies":"Book of Stabbing","floor":23,"turns":4}],"seed_played":"5834749590370777232","potions_obtained":[{"floor":1.0,"key":"SkillPotion"},{"floor":3.0,"key":"Strength Potion"},{"floor":13.0,"key":"AttackPotion"},{"floor":14.0,"key":"EssenceOfSteel"},{"floor":16.0,"key":"LiquidBronze"}],"is_trial":false,"path_per_floor":["M","?","M","?","$","R","M","E","T","E","$","E","M","E","R","B",null,"M","M","?","?","?","E"],"character_chosen":"IRONCLAD","items_purchased":["Evolve","Shrug It Off","Blood for Blood"],"campfire_rested":1,"item_purchase_floors":[5,11,11],"current_hp_per_floor":[74,74,75,68,68,68,74,61,61,59,59,43,40,23,45,8,58,43,25,25,25,25,0],"gold":189,"neow_bonus":"THREE_ENEMY_KILL","is_prod":false,"is_daily":false,"chose_seed":false,"campfire_upgraded":1,"win_rate":0,"timestamp":1704144275,"path_taken":["M","?","M","?","?","R","M","E","T","E","?","E","M","E","R","BOSS","M","M","?","?","?","E"],"build_version":"2022-12-18","purchased_purges":0,"victory":false,"max_hp_per_floor":[75,75,75,75,75,75,75,75,75,75,75,75,75,75,75,75,75,75,75,75,75,75,75],"card_choices":[{"not_picked":["Sever Soul","True Grit"],"picked":"Combust","floor":1.0},{"not_picked":["Infernal Blade","Warcry"],"picked":"Shrug It Off","floor":3.0},{"not_picked":["Flex","Perfected Strike"],"picked":"Dual Wield","floor":7.0},{"not_picked":["Iron Wave","Thunderclap"],"picked":"Blood for Blood","floor":8.0},{"not_picked":["Clash","Havoc"],"picked":"Fire Breathing","floor":10.0},{"not_picked":["Body Slam","Cleave","Iron Wave"],"picked":"SKIP","floor":12.0},{"not_picked":["Flex","Cleave","Heavy Blade"],"picked":"SKIP","floor":13.0},{"not_picked":["Pummel","Twin Strike"],"picked":"Reaper","floor":14.0},{"not_picked":["Havoc","Headbutt"],"picked":"Shockwave","floor":15.0},{"not_picked":["Headbutt","Thunderclap"],"picked":"Havoc+1","floor":18.0},{"not_picked":["Flex+1","Headbutt"],"picked":"Rupture+1","floor":19.0}],"player_experience":2457869,"relics_obtained":[{"floor":8.0,"key":"Orichalcum"},{"floor":9.0,"key":"Bag of Marbles"},{"floor":10.0,"key":"Dream Catcher"},{"floor":12.0,"key":"Juzu Bracelet"},{"floor":14.0,"key":"Blue Candle"},{"floor":17.0,"key":"Centennial Puzzle"},{"floor":17.0,"key":"Toxic Egg 2"},{"floor":17.0,"key":"Shovel"}],"event_choices":[{"cards_removed":["Strike_R"],"damage_healed":0.0,"max_hp_gain":0.0,"max_hp_loss":0.0,"gold_gain":0.0,"event_name":"The Cleric","player_choice":"Card Removal","floor":2.0,"gold_loss":75.0,"damage_taken":0.0},{"cards_removed":["Defend_R"],"damage_healed":0.0,"max_hp_gain":0.0,"max_hp_loss":0.0,"gold_gain":0.0,"event_name":"Golden Wing","player_choice":"Card Removal","floor":4.0,"gold_loss":0.0,"damage_taken":7.0},{"cards_removed":["Strike_R"],"damage_healed":0,"gold_gain":0,"player_choice":"Purged","damage_taken":0,"max_hp_gain":0,"max_hp_loss":0,"event_name":"Purifier","floor":20,"gold_loss":0},{"cards_removed":["Strike_R"],"damage_healed":0,"gold_gain":0,"player_choice":"Elegance","damage_taken":0,"max_hp_gain":0,"max_hp_loss":0,"event_name":"Back to Basics","floor":21,"gold_loss":0},{"damage_healed":0,"gold_gain":0,"player_choice":"Smashed Altar","damage_taken":0,"max_hp_gain":0,"max_hp_loss":0,"event_name":"Forgotten Altar","floor":22,"gold_loss":0,"cards_obtained":["Decay"]}],"is_beta":false,"boss_relics":[{"not_picked":["Runic Pyramid","Velvet Choker"],"picked":"Calling Bell"}],"items_purged_floors":[],"is_endless":false,"potions_floor_spawned":[1,3,13,14,16],"killed_by":"Book of Stabbing","ascension_level":20}