{"gold_per_floor":[110,35,54,34,54,82,7,21,91,120,120,145,145,165,165,262,262,274,289,306,323,333,333,258,258,281,281,281,62,97,108,108,185,185,196,207,260,260,306,335,335,370,370,370,386,386,421,434,434,434,434],"floor_reached":51,"playtime":1946,"items_purged":["Strike_R","Strike_R"],"score":1500,"play_id":"d5d9139e-18e6-4b9c-9da1-cc39477cd4d0","local_time":"20240617112232","is_ascension_mode":true,"campfire_choices":[{"data":"Searing Blow","floor":11,"key":"SMITH"},{"data":"Searing Blow+1","floor":13,"key":"SMITH"},{"data":"Searing Blow+2","floor":15,"key":"SMITH"},{"data":"Searing Blow+3","floor":23,"key":"SMITH"},{"data":"Searing Blow+4","floor":25,"key":"SMITH"},{"data":"Searing Blow+5","floor":27,"key":"SMITH"},{"data":"Searing Blow+7","floor":32,"key":"SMITH"},{"data":"Searing Blow+8","floor":41,"key":"SMITH"},{"data":"Searing Blow+9","floor":46,"key":"SMITH"},{"floor":49,"key":"RECALL"}],"neow_cost":"NONE","seed_source_timestamp":54998073347700,"circlet_count":0,"master_deck":["AscendersBane","Strike_R+1","Defend_R","Defend_R","Defend_R","Defend_R","Bash","Shrug It Off","Pommel Strike+1","Whirlwind","Demon Form","Searing Blow+10","Offering","Metallicize","Flame Barrier","Armaments+1","Barricade","Body Slam","Bloodletting","Rage+1"],"relics":["Burning Blood","NeowsBlessing","Incense Burner","Meat on the Bone","Smiling Mask","Matryoshka","Snecko Eye","Kunai","Whetstone","Bronze Scales","Busted Crown","Pear","Boot","Champion Belt","Unceasing Top","Nunchaku","Prayer Wheel","Pocketwatch"],"potions_floor_usage":[6,12,14,16,16,20,21,30,33,33,39,45],"damage_taken":[{"damage":0,"enemies":"Small Slimes","floor":1,"turns":1},{"damage":0,"enemies":"Cultist","floor":3,"turns":1},{"damage":0,"enemies":"2 Louse","floor":5,"turns":1},{"damage":31,"enemies":"Gremlin Nob","floor":6,"turns":4},{"damage":5,"enemies":"Looter","floor":8,"turns":5},{"damage":16,"enemies":"3 Sentries","floor":10,"turns":4},{"damage":12,"enemies":"Lagavulin","floor":12,"turns":7},{"damage":10,"enemies":"Red Slaver","floor":14,"turns":4},{"damage":49,"enemies":"The Guardian","floor":16,"turns":9},{"damage":24,"enemies":"Shell Parasite","floor":18,"turns":5},{"damage":22,"enemies":"2 Thieves","floor":19,"turns":4},{"damage":30,"enemies":"Snecko","floor":20,"turns":5},{"damage":12,"enemies":"Snake Plant","floor":21,"turns":3},{"damage":10,"enemies":"Cultist and Chosen","floor":22,"turns":4},{"damage":28,"enemies":"Book of Stabbing","floor":30,"turns":4},{"damage":6,"enemies":"Centurion and Healer","floor":31,"turns":2},{"damage":36,"enemies":"Automaton","floor":33,"turns":10},{"damage":9,"enemies":"3 Shapes","floor":35,"turns":4},{"damage":6,"enemies":"3 Darklings","floor":36,"turns":4},{"damage":6,"enemies":"2 Orb Walkers","floor":39,"turns":3},{"damage":32,"enemies":"Nemesis","floor":40,"turns":7},{"damage":28,"enemies":"Giant Head","floor":42,"turns":7},{"damage":9,"enemies":"Writhing Mass","floor":45,"turns":4},{"damage":41,"enemies":"Nemesis","floor":47,"turns":3},{"damage":9,"enemies":"Transient","floor":48,"turns":6},{"damage":57,"enemies":"Time Eater","floor":50,"turns":7},{"damage":44,"enemies":"Awakened One","floor":51,"turns":2}],"seed_played":"3408579778459638239","potions_obtained":[{"floor":3,"key":"LiquidMemories"},{"floor":4,"key":"BloodPotion"},{"floor":10,"key":"Weak Potion"},{"floor":12,"key":"ColorlessPotion"},{"floor":14,"key":"PowerPotion"},{"floor":16,"key":"Swift Potion"},{"floor":19,"key":"ColorlessPotion"},{"floor":20,"key":"DistilledChaos"},{"floor":22,"key":"EssenceOfSteel"},{"floor":31,"key":"Swift Potion"},{"floor":33,"key":"Fire Potion"},{"floor":35,"key":"CultistPotion"},{"floor":40,"key":"Block Potion"},{"floor":45,"key":"FairyPotion"}],"is_trial":false,"path_per_floor":["M","?","M","?","M","E","$","M","T","E","R","E","R","M","R","B",null,"M","M","M","M","M","R","?","R","T","R","?","$","E","M","R","B",null,"M","M","T","?","?","E","R","E","T","?","M","R","E","M","R","B","B"],"character_chosen":"IRONCLAD","items_purchased":["Whetstone"],"campfire_rested":0,"item_purchase_floors":[29],"current_hp_per_floor":[74,74,75,75,75,50,50,51,51,53,53,47,47,70,70,39,66,48,44,32,38,46,46,46,46,46,46,46,46,36,48,48,30,64,61,61,71,71,71,57,57,47,47,81,78,78,55,52,52,42,0],"gold":434,"neow_bonus":"THREE_ENEMY_KILL","is_prod":false,"is_daily":false,"chose_seed":false,"campfire_upgraded":9,"win_rate":0,"timestamp":1718616152,"path_taken":["M","?","M","?","?","E","?","?","T","E","R","E","R","M","R","BOSS","M","M","M","M","M","R","?","R","T","R","?","$","E","M","R","BOSS","M","M","?","?","?","E","R","E","T","?","M","R","E","?","R","BOSS","BOSS"],"build_version":"2022-12-18","purchased_purges":2,"victory":false,"max_hp_per_floor":[75,75,75,75,75,75,75,75,75,75,75,75,75,75,75,75,75,75,75,75,75,75,75,75,75,75,75,75,75,75,75,75,75,75,75,75,85,81,81,81,81,81,81,81,81,81,81,81,81,81,81],"card_choices":[{"not_picked":["Flex","Headbutt"],"picked":"Shrug It Off","floor":1},{"not_picked":["Reckless Charge","Headbutt"],"picked":"Pommel Strike","floor":3},{"not_picked":["Anger","Thunderclap"],"picked":"Whirlwind","floor":5},{"not_picked":["Whirlwind","Iron Wave"],"picked":"Fire Breathing","floor":6},{"not_picked":["Heavy Blade","Inflame"],"picked":"Demon Form","floor":8},{"not_picked":["Clash","Combust"],"picked":"Searing Blow","floor":10},{"not_picked":["Dark Embrace","Dropkick","Hemokinesis"],"picked":"SKIP","floor":12},{"not_picked":["Sentinel","Combust","Flex"],"picked":"SKIP","floor":14},{"not_picked":["Impervious","Bludgeon"],"picked":"Offering","floor":16},{"not_picked":["Perfected Strike","Rupture"],"picked":"Metallicize","floor":18},{"not_picked":["Flex","Sentinel","Searing Blow"],"picked":"SKIP","floor":19},{"not_picked":["Power Through","Shrug It Off"],"picked":"Flame Barrier","floor":20},{"not_picked":["Ghostly Armor","Warcry"],"picked":"Armaments+1","floor":21},{"not_picked":["Sword Boomerang","Twin Strike","Burning Pact+1"],"picked":"SKIP","floor":22},{"not_picked":["Spot Weakness+1","Warcry"],"picked":"Barricade","floor":30},{"not_picked":["Carnage","Intimidate"],"picked":"Body Slam","floor":31},{"not_picked":[],"picked":"Bloodletting","floor":35},{"not_picked":["Perfected Strike"],"picked":"SKIP","floor":36},{"not_picked":[],"picked":"Rage+1","floor":39},{"not_picked":["Fiend Fire"],"picked":"SKIP","floor":40},{"not_picked":["Ghostly Armor"],"picked":"SKIP","floor":42},{"not_picked":["Iron Wave+1"],"picked":"SKIP","floor":45},{"not_picked":["Twin Strike+1"],"picked":"SKIP","floor":45},{"not_picked":["Twin Strike+1"],"picked":"SKIP","floor":47},{"not_picked":["Twin Strike"],"picked":"SKIP","floor":48},{"not_picked":["Heavy Blade"],"picked":"SKIP","floor":48}],"player_experience":2526535,"relics_obtained":[{"floor":6,"key":"Incense Burner"},{"floor":9,"key":"Meat on the Bone"},{"floor":10,"key":"Smiling Mask"},{"floor":12,"key":"Matryoshka"},{"floor":26,"key":"Kunai"},{"floor":30,"key":"Bronze Scales"},{"floor":37,"key":"Pear"},{"floor":37,"key":"Boot"},{"floor":39,"key":"Champion Belt"},{"floor":40,"key":"Unceasing Top"},{"floor":42,"key":"Nunchaku"},{"floor":43,"key":"Prayer Wheel"},{"floor":47,"key":"Pocketwatch"}],"event_choices":[{"cards_removed":["Strike_R"],"damage_healed":0,"gold_gain":0,"player_choice":"Card Removal","damage_taken":0,"max_hp_gain":0,"max_hp_loss":0,"event_name":"The Cleric","floor":2,"gold_loss":75},{"damage_healed":0,"gold_gain":0,"player_choice":"Bought 1 Potion","damage_taken":0,"max_hp_gain":0,"max_hp_loss":0,"event_name":"The Woman in Blue","floor":4,"gold_loss":0},{"cards_removed":["Strike_R"],"damage_healed":0,"gold_gain":0,"player_choice":"Gave Gold","damage_taken":0,"max_hp_gain":0,"max_hp_loss":0,"event_name":"Beggar","floor":24,"gold_loss":75},{"damage_healed":0,"gold_gain":0,"player_choice":"Forge","damage_taken":0,"max_hp_gain":0,"max_hp_loss":0,"event_name":"Accursed Blacksmith","floor":28,"gold_loss":0,"cards_upgraded":["Searing Blow"]},{"damage_healed":0,"gold_gain":0,"player_choice":"Max HP","damage_taken":0,"max_hp_gain":0,"max_hp_loss":4,"event_name":"Winding Halls","floor":38,"gold_loss":0},{"damage_healed":0,"gold_gain":0,"player_choice":"Fight","damage_taken":0,"max_hp_gain":0,"max_hp_loss":0,"event_name":"Mysterious Sphere","floor":39,"gold_loss":0},{"cards_removed":["Fire Breathing"],"damage_healed":34,"gold_gain":0,"player_choice":"Offered Uncommon","damage_taken":0,"max_hp_gain":0,"max_hp_loss":0,"event_name":"Bonfire Elementals","floor":44,"gold_loss":0}],"is_beta":false,"boss_relics":[{"not_picked":["Empty Cage","Runic Pyramid"],"picked":"Snecko Eye"},{"not_picked":["Black Star","Black Blood"],"picked":"Busted Crown"}],"items_purged_floors":[7,29],"is_endless":false,"potions_floor_spawned":[3,10,12,14,16,19,20,22,31,33,35,36,40,45],"killed_by":"Awakened One","ascension_level":20}