{"gold_per_floor":[119,4,4,4,18,50,69,98,149,180,16,16,46,133,145,157],"floor_reached":16,"playtime":381,"items_purged":["Strike_R"],"score":302,"play_id":"33836d9a-91e1-47ed-89ca-d461c61b62c2","local_time":"20240616224828","is_ascension_mode":true,"campfire_choices":[{"data":"Juggernaut","floor":12,"key":"SMITH"},{"data":"Feed","floor":15,"key":"SMITH"}],"neow_cost":"NONE","seed_source_timestamp":11319315915800,"circlet_count":0,"master_deck":["AscendersBane","Strike_R","Strike_R","Strike_R","Defend_R","Defend_R","Defend_R","Defend_R","Bash","Shrug It Off","Rampage","Spot Weakness","Juggernaut+1","Iron Wave","Feed+1"],"relics":["Burning Blood","NeowsBlessing","Paper Frog","Potion Belt","Ancient Tea Set","Bag of Preparation","Lee\u0027s Waffle","MawBank"],"potions_floor_usage":[8,10],"damage_taken":[{"damage":0,"enemies":"Jaw Worm","floor":1,"turns":1},{"damage":0,"enemies":"Cultist","floor":5,"turns":1},{"damage":0,"enemies":"Gremlin Nob","floor":6,"turns":1},{"damage":2,"enemies":"2 Louse","floor":7,"turns":3},{"damage":25,"enemies":"Lagavulin","floor":8,"turns":6},{"damage":39,"enemies":"Gremlin Nob","floor":10,"turns":4},{"damage":22,"enemies":"3 Sentries","floor":13,"turns":6},{"damage":60,"enemies":"Hexaghost","floor":16,"turns":9}],"seed_played":"59843299352998798","potions_obtained":[{"floor":1,"key":"BlessingOfTheForge"},{"floor":5,"key":"LiquidMemories"}],"is_trial":false,"path_per_floor":["M","$","?","$","M","E","M","E","T","E","$","R","E","?","R","B"],"character_chosen":"IRONCLAD","items_purchased":["Rampage","Lee\u0027s Waffle"],"campfire_rested":0,"item_purchase_floors":[2,11],"current_hp_per_floor":[74,74,74,74,75,75,75,56,56,23,82,82,66,55,55,0],"gold":157,"neow_bonus":"THREE_ENEMY_KILL","is_prod":false,"is_daily":false,"chose_seed":false,"campfire_upgraded":2,"win_rate":0,"timestamp":1718570908,"path_taken":["M","$","?","$","?","E","M","E","T","E","?","R","E","?","R","BOSS"],"build_version":"2022-12-18","purchased_purges":1,"victory":false,"max_hp_per_floor":[75,75,75,75,75,75,75,75,75,75,82,82,82,82,82,82],"card_choices":[{"not_picked":["Evolve","Ghostly Armor"],"picked":"Shrug It Off","floor":1},{"not_picked":["Rage","Reckless Charge"],"picked":"Spot Weakness","floor":5},{"not_picked":["Headbutt","Heavy Blade"],"picked":"Juggernaut","floor":6},{"not_picked":["Havoc","Armaments"],"picked":"Iron Wave","floor":7},{"not_picked":["Rampage","Combust","Sword Boomerang"],"picked":"SKIP","floor":8},{"not_picked":["Clothesline","Clash","Twin Strike"],"picked":"SKIP","floor":10},{"not_picked":["Headbutt","True Grit"],"picked":"Feed","floor":13}],"player_experience":2525013,"relics_obtained":[{"floor":6,"key":"Paper Frog"},{"floor":8,"key":"Potion Belt"},{"floor":9,"key":"Ancient Tea Set"},{"floor":10,"key":"Bag of Preparation"},{"floor":13,"key":"MawBank"}],"event_choices":[{"cards_removed":["Strike_R"],"damage_healed":0,"gold_gain":0,"player_choice":"Offered Basic","damage_taken":0,"max_hp_gain":0,"max_hp_loss":0,"event_name":"Bonfire Elementals","floor":3,"gold_loss":0},{"damage_healed":0,"gold_gain":75,"player_choice":"Gather Gold","damage_taken":11,"max_hp_gain":0,"max_hp_loss":0,"event_name":"World of Goop","floor":14,"gold_loss":0}],"is_beta":false,"boss_relics":[],"items_purged_floors":[2],"is_endless":false,"potions_floor_spawned":[1,5],"killed_by":"Hexaghost","ascension_level":20}