{"gold_per_floor":[110,110,124,137,137,169,169,202,202,213,227,227,242,268,268,268],"floor_reached":16,"playtime":638,"items_purged":[],"score":244,"play_id":"610b604a-93c2-4e34-8c03-f20158dc0b54","local_time":"20240622222748","is_ascension_mode":true,"campfire_choices":[{"floor":7,"key":"REST"},{"floor":12,"key":"REST"},{"floor":15,"key":"RECALL"}],"neow_cost":"NONE","seed_source_timestamp":195936281293100,"circlet_count":0,"master_deck":["AscendersBane","Strike_R","Strike_R","Strike_R","Strike_R","Defend_R","Defend_R","Defend_R","Bash","Headbutt","Feel No Pain","Thunderclap","Feed","Dual Wield","Ghostly Armor","Pommel Strike","Dropkick"],"relics":["Fusion Hammer","PreservedInsect","Sundial","Matryoshka","Blood Vial"],"potions_floor_usage":[14,16,16],"damage_taken":[{"damage":1,"enemies":"Cultist","floor":1,"turns":3},{"damage":2,"enemies":"Jaw Worm","floor":3,"turns":3},{"damage":6,"enemies":"2 Louse","floor":4,"turns":3},{"damage":13,"enemies":"3 Sentries","floor":6,"turns":14},{"damage":8,"enemies":"Gremlin Nob","floor":8,"turns":3},{"damage":11,"enemies":"Blue Slaver","floor":10,"turns":4},{"damage":7,"enemies":"Looter","floor":11,"turns":4},{"damage":1,"enemies":"2 Fungi Beasts","floor":13,"turns":4},{"damage":9,"enemies":"3 Sentries","floor":14,"turns":6},{"damage":64,"enemies":"The Guardian","floor":16,"turns":13}],"seed_played":"-1643556949066555865","potions_obtained":[{"floor":6,"key":"Strength Potion"},{"floor":8,"key":"Swift Potion"},{"floor":14,"key":"EssenceOfSteel"}],"is_trial":false,"path_per_floor":["M","?","M","M","?","E","R","E","T","M","M","R","M","E","R","B"],"character_chosen":"IRONCLAD","items_purchased":[],"campfire_rested":2,"item_purchase_floors":[],"current_hp_per_floor":[67,67,65,59,52,39,61,53,53,45,41,65,67,61,61,0],"gold":268,"neow_bonus":"BOSS_RELIC","is_prod":false,"is_daily":false,"chose_seed":false,"campfire_upgraded":0,"win_rate":0,"timestamp":1719088068,"path_taken":["M","?","M","?","?","E","R","E","T","M","M","R","M","E","R","BOSS"],"build_version":"2022-12-18","purchased_purges":0,"victory":false,"max_hp_per_floor":[75,75,75,75,75,75,75,75,75,78,81,81,84,87,87,87],"card_choices":[{"not_picked":["Flex","Warcry"],"picked":"Headbutt","floor":1},{"not_picked":["Heavy Blade","Wild Strike"],"picked":"Feel No Pain","floor":3},{"not_picked":["Iron Wave","Heavy Blade","Perfected Strike"],"picked":"SKIP","floor":4},{"not_picked":["Flex","Heavy Blade"],"picked":"Thunderclap","floor":6},{"not_picked":["Thunderclap","Seeing Red"],"picked":"Feed","floor":8},{"not_picked":["Cleave","Anger"],"picked":"Dual Wield","floor":10},{"not_picked":["Bloodletting","True Grit"],"picked":"Ghostly Armor","floor":11},{"not_picked":["Clash","Wild Strike"],"picked":"Pommel Strike","floor":13},{"not_picked":["Blood for Blood","Shockwave"],"picked":"Dropkick","floor":14}],"player_experience":2532729,"relics_obtained":[{"floor":6,"key":"PreservedInsect"},{"floor":8,"key":"Sundial"},{"floor":9,"key":"Matryoshka"},{"floor":14,"key":"Blood Vial"}],"event_choices":[{"cards_removed":["Strike_R"],"damage_healed":0,"gold_gain":0,"player_choice":"Offered Basic","damage_taken":0,"max_hp_gain":0,"max_hp_loss":0,"event_name":"Bonfire Elementals","floor":2,"gold_loss":0},{"cards_removed":["Defend_R"],"damage_healed":0,"gold_gain":0,"player_choice":"Card Removal","damage_taken":7,"max_hp_gain":0,"max_hp_loss":0,"event_name":"Golden Wing","floor":5,"gold_loss":0}],"is_beta":false,"boss_relics":[],"items_purged_floors":[],"is_endless":false,"potions_floor_spawned":[6,8,11,14],"killed_by":"The Guardian","ascension_level":20}