{"gold_per_floor":[368,368,381,28,28,61,61,61,130,157,157,194,206,220,220,291,291,311,322,165,165,175,175,209,209,260,260,260],"floor_reached":28,"playtime":1162,"items_purged":["Strike_R"],"score":567,"play_id":"6d50a1ee-e942-4c4d-b3fe-246bccc97e11","local_time":"20240713155022","is_ascension_mode":true,"campfire_choices":[{"floor":8,"key":"REST"},{"data":"Feed","floor":11,"key":"SMITH"},{"data":"Disarm","floor":15,"key":"SMITH"},{"floor":23,"key":"REST"},{"data":"Uppercut","floor":25,"key":"SMITH"},{"floor":27,"key":"REST"}],"neow_cost":"PERCENT_DAMAGE","seed_source_timestamp":115134312367600,"circlet_count":0,"master_deck":["AscendersBane","Defend_R","Defend_R","Defend_R","Defend_R","Bash","Uppercut+1","Twin Strike","Feed+1","Sword Boomerang","Warcry","Dark Embrace","Disarm+1","Fiend Fire","Heavy Blade+1","Shrug It Off+1","Heavy Blade+1","Flex","Bandage Up","Dual Wield","Pommel Strike","Brutality"],"relics":["Burning Blood","Toolbox","Anchor","Ancient Tea Set","Smiling Mask","HornCleat","Letter Opener","Astrolabe","Tiny Chest"],"potions_floor_usage":[13,18,24,28],"damage_taken":[{"damage":7,"enemies":"Small Slimes","floor":1,"turns":3},{"damage":12,"enemies":"Cultist","floor":3,"turns":4},{"damage":42,"enemies":"Lagavulin","floor":6,"turns":7},{"damage":0,"enemies":"Gremlin Nob","floor":10,"turns":3},{"damage":0,"enemies":"2 Louse","floor":12,"turns":2},{"damage":0,"enemies":"Lots of Slimes","floor":13,"turns":4},{"damage":5,"enemies":"Large Slime","floor":14,"turns":8},{"damage":47,"enemies":"The Guardian","floor":16,"turns":10},{"damage":24,"enemies":"Shell Parasite","floor":18,"turns":9},{"damage":16,"enemies":"Chosen","floor":19,"turns":7},{"damage":24,"enemies":"Snake Plant","floor":22,"turns":7},{"damage":54,"enemies":"Slavers","floor":24,"turns":8},{"damage":93,"enemies":"Gremlin Leader","floor":28,"turns":6}],"seed_played":"2925553564409233364","potions_obtained":[{"floor":10,"key":"AttackPotion"},{"floor":13,"key":"Swift Potion"},{"floor":14,"key":"Explosive Potion"},{"floor":16,"key":"Regen Potion"},{"floor":22,"key":"Ancient Potion"},{"floor":24,"key":"PowerPotion"}],"is_trial":false,"path_per_floor":["M","?","M","$","?","E","?","R","T","E","R","M","M","M","R","B",null,"M","M","$","?","M","R","E","R","T","R","E"],"character_chosen":"IRONCLAD","items_purchased":["Toolbox","Anchor","Twin Strike","Bandage Up"],"campfire_rested":3,"item_purchase_floors":[4,4,4,20],"current_hp_per_floor":[49,75,69,69,43,7,7,29,29,35,35,45,55,60,60,23,74,60,54,54,54,44,74,49,49,49,81,0],"gold":260,"neow_bonus":"TWO_FIFTY_GOLD","is_prod":false,"is_daily":false,"chose_seed":false,"campfire_upgraded":3,"win_rate":0,"timestamp":1720878622,"path_taken":["M","?","?","$","?","E","?","R","T","E","R","M","M","M","R","BOSS","M","M","$","?","?","R","E","R","T","R","E"],"build_version":"2022-12-18","purchased_purges":1,"victory":false,"max_hp_per_floor":[75,75,75,75,75,75,75,75,75,75,75,79,83,87,87,91,91,95,99,99,99,103,103,107,107,107,107,107],"card_choices":[{"not_picked":["Twin Strike","Clash"],"picked":"Infernal Blade","floor":1},{"not_picked":["Clash","Pummel"],"picked":"Uppercut","floor":3},{"not_picked":["Pommel Strike","Ghostly Armor"],"picked":"Feed","floor":6},{"not_picked":["Sever Soul","Clash"],"picked":"Sword Boomerang","floor":10},{"not_picked":["Perfected Strike","Combust"],"picked":"Warcry","floor":12},{"not_picked":["Flame Barrier","Seeing Red"],"picked":"Dark Embrace","floor":13},{"not_picked":["Iron Wave","Warcry"],"picked":"Disarm","floor":14},{"not_picked":["Reaper","Impervious"],"picked":"Fiend Fire","floor":16},{"not_picked":["Clash","Wild Strike","Clothesline"],"picked":"SKIP","floor":18},{"not_picked":["Twin Strike","True Grit"],"picked":"Flex","floor":19},{"not_picked":["Wild Strike","Body Slam"],"picked":"Pommel Strike","floor":22},{"not_picked":["Clothesline+1","Wild Strike"],"picked":"Brutality","floor":24}],"player_experience":2550144,"relics_obtained":[{"floor":6,"key":"Smiling Mask"},{"floor":9,"key":"HornCleat"},{"floor":10,"key":"Letter Opener"},{"floor":24,"key":"Tiny Chest"}],"event_choices":[{"cards_removed":["Infernal Blade"],"damage_healed":26,"gold_gain":0,"player_choice":"Offered Uncommon","damage_taken":0,"max_hp_gain":0,"max_hp_loss":0,"event_name":"Bonfire Elementals","floor":2,"gold_loss":0},{"damage_healed":0,"gold_gain":0,"player_choice":"Success","damage_taken":26,"relics_obtained":["Ancient Tea Set"],"max_hp_gain":0,"max_hp_loss":0,"event_name":"Scrap Ooze","floor":5,"gold_loss":0},{"damage_healed":0,"gold_gain":0,"player_choice":"Searched \u00270\u0027 times","damage_taken":0,"max_hp_gain":0,"max_hp_loss":0,"event_name":"Dead Adventurer","floor":7,"gold_loss":0},{"damage_healed":0,"gold_gain":0,"cards_transformed":["Strike_R"],"player_choice":"Transformed","damage_taken":0,"max_hp_gain":0,"max_hp_loss":0,"event_name":"Transmorgrifier","floor":21,"gold_loss":0,"cards_obtained":["Dual Wield"]}],"is_beta":false,"boss_relics":[{"not_picked":["Philosopher\u0027s Stone","Velvet Choker"],"picked":"Astrolabe"}],"items_purged_floors":[20],"is_endless":false,"potions_floor_spawned":[10,13,14,16,22,24],"killed_by":"Gremlin Leader","ascension_level":20}