{"gold_per_floor":[115,115,115,130,144,144,179,179,179,179,254,254,179,209,209,284,284,294,294,306,306,325,325],"floor_reached":23,"playtime":514,"items_purged":[],"score":394,"play_id":"2a0e5c55-2ea7-4cbb-ac7b-002142853456","local_time":"20240713153044","is_ascension_mode":true,"campfire_choices":[{"data":"Inflame","floor":6,"key":"SMITH"},{"data":"Sword Boomerang","floor":8,"key":"SMITH"},{"floor":10,"key":"REST"},{"data":"Pummel","floor":15,"key":"SMITH"}],"neow_cost":"NONE","seed_source_timestamp":114604734271700,"circlet_count":0,"master_deck":["AscendersBane","Strike_R","Strike_R","Strike_R","Strike_R","Defend_R","Defend_R","Defend_R","Bash","True Grit","Inflame+1","Sword Boomerang+1","Armaments+1","Parasite","Pummel+1","Limit Break+1","Warcry+1","Sentinel+1","Combust","Writhe","Dark Embrace"],"relics":["Burning Blood","NeowsBlessing","Du-Vu Doll","Toxic Egg 2","Bird Faced Urn","Paper Frog","SlaversCollar","Matryoshka"],"potions_floor_usage":[14,22],"damage_taken":[{"damage":0,"enemies":"Small Slimes","floor":1,"turns":1},{"damage":0,"enemies":"Jaw Worm","floor":4,"turns":1},{"damage":0,"enemies":"2 Louse","floor":5,"turns":1},{"damage":46,"enemies":"3 Sentries","floor":7,"turns":10},{"damage":27,"enemies":"Gremlin Nob","floor":14,"turns":4},{"damage":28,"enemies":"Slime Boss","floor":16,"turns":8},{"damage":20,"enemies":"2 Thieves","floor":18,"turns":3},{"damage":13,"enemies":"Spheric Guardian","floor":20,"turns":4},{"damage":26,"enemies":"3 Cultists","floor":22,"turns":4},{"damage":43,"enemies":"Book of Stabbing","floor":23,"turns":3}],"seed_played":"-8643179777917010406","potions_obtained":[{"floor":4,"key":"Weak Potion"},{"floor":20,"key":"Explosive Potion"}],"is_trial":false,"path_per_floor":["M","?","?","M","M","R","E","R","T","R","?","?","?","E","R","B",null,"M","?","M","?","M","E"],"character_chosen":"IRONCLAD","items_purchased":[],"campfire_rested":1,"item_purchase_floors":[],"current_hp_per_floor":[74,63,56,62,68,68,28,28,28,50,39,57,57,38,38,18,61,49,49,44,44,28,0],"gold":325,"neow_bonus":"THREE_ENEMY_KILL","is_prod":false,"is_daily":false,"chose_seed":false,"campfire_upgraded":3,"win_rate":0,"timestamp":1720877444,"path_taken":["M","?","?","M","?","R","E","R","T","R","?","?","?","E","R","BOSS","M","?","M","?","M","E"],"build_version":"2022-12-18","purchased_purges":0,"victory":false,"max_hp_per_floor":[75,75,75,75,75,75,75,75,75,75,75,75,75,75,75,75,75,75,75,75,75,75,75],"card_choices":[{"not_picked":["Thunderclap","Flex"],"picked":"True Grit","floor":1},{"not_picked":["Sever Soul","Iron Wave"],"picked":"Inflame","floor":4},{"not_picked":["Havoc","Clothesline"],"picked":"Sword Boomerang","floor":5},{"not_picked":["Combust","Infernal Blade+1"],"picked":"Armaments+1","floor":7},{"not_picked":["Armaments+1","Sever Soul"],"picked":"Pummel","floor":14},{"not_picked":["Barricade","Exhume+1"],"picked":"Limit Break+1","floor":16},{"not_picked":["Rampage","Searing Blow"],"picked":"Warcry+1","floor":18},{"not_picked":["Clothesline","Dual Wield+1"],"picked":"Combust","floor":20},{"not_picked":["Thunderclap","Wild Strike"],"picked":"Dark Embrace","floor":22}],"player_experience":2549630,"relics_obtained":[{"floor":7,"key":"Toxic Egg 2"},{"floor":9,"key":"Bird Faced Urn"},{"floor":14,"key":"Paper Frog"}],"event_choices":[{"damage_healed":0,"gold_gain":0,"player_choice":"Success","damage_taken":11,"relics_obtained":["Du-Vu Doll"],"max_hp_gain":0,"max_hp_loss":0,"event_name":"Scrap Ooze","floor":2,"gold_loss":0},{"cards_removed":["Strike_R"],"damage_healed":0,"gold_gain":0,"player_choice":"Card Removal","damage_taken":7,"max_hp_gain":0,"max_hp_loss":0,"event_name":"Golden Wing","floor":3,"gold_loss":0},{"damage_healed":0,"gold_gain":75,"player_choice":"Gather Gold","damage_taken":11,"max_hp_gain":0,"max_hp_loss":0,"event_name":"World of Goop","floor":11,"gold_loss":0},{"damage_healed":18,"gold_gain":0,"player_choice":"Healed and dodged fight","damage_taken":0,"max_hp_gain":0,"max_hp_loss":0,"event_name":"Mushrooms","floor":12,"gold_loss":0,"cards_obtained":["Parasite"]},{"cards_removed":["Defend_R"],"damage_healed":0,"gold_gain":0,"player_choice":"Card Removal","damage_taken":0,"max_hp_gain":0,"max_hp_loss":0,"event_name":"The Cleric","floor":13,"gold_loss":75},{"damage_healed":0,"gold_gain":0,"player_choice":"Read","damage_taken":0,"max_hp_gain":0,"max_hp_loss":0,"event_name":"The Library","floor":19,"gold_loss":0,"cards_obtained":["Sentinel"]},{"damage_healed":0,"gold_gain":0,"player_choice":"Opened","damage_taken":0,"relics_obtained":["Matryoshka"],"max_hp_gain":0,"max_hp_loss":0,"event_name":"The Mausoleum","floor":21,"gold_loss":0,"cards_obtained":["Writhe"]}],"is_beta":false,"boss_relics":[{"not_picked":["Philosopher\u0027s Stone","Sozu"],"picked":"SlaversCollar"}],"items_purged_floors":[],"is_endless":false,"potions_floor_spawned":[4,20],"killed_by":"Book of Stabbing","ascension_level":20}