{"gold_per_floor":[118,136,136,146,146,146,188,216,291,333,333,360,403,417,417,417],"floor_reached":16,"playtime":481,"items_purged":[],"score":244,"play_id":"e86cc0bb-a6ac-4e25-9224-45f1854ed01f","local_time":"20240714234518","is_ascension_mode":true,"campfire_choices":[{"data":"Pommel Strike","floor":6,"key":"SMITH"},{"data":"Spot Weakness","floor":15,"key":"SMITH"}],"neow_cost":"NONE","seed_source_timestamp":230714057684200,"circlet_count":0,"master_deck":["AscendersBane","Strike_R","Strike_R+1","Strike_R+1","Strike_R","Defend_R","Defend_R","Defend_R","Defend_R","Bash","Pommel Strike+1","Spot Weakness+1","Twin Strike","Iron Wave","Armaments","Reaper","Pommel Strike","Intimidate"],"relics":["Burning Blood","NeowsBlessing","Thread and Needle","CeramicFish","Sundial","Charon\u0027s Ashes","CaptainsWheel"],"potions_floor_usage":[10,13],"damage_taken":[{"damage":0,"enemies":"Small Slimes","floor":1,"turns":1},{"damage":0,"enemies":"2 Louse","floor":2,"turns":1},{"damage":0,"enemies":"Jaw Worm","floor":4,"turns":1},{"damage":33,"enemies":"Lagavulin","floor":7,"turns":6},{"damage":5,"enemies":"Exordium Thugs","floor":8,"turns":3},{"damage":4,"enemies":"Gremlin Nob","floor":10,"turns":3},{"damage":3,"enemies":"Large Slime","floor":12,"turns":5},{"damage":6,"enemies":"3 Sentries","floor":13,"turns":4},{"damage":0,"enemies":"Blue Slaver","floor":14,"turns":4},{"damage":66,"enemies":"Slime Boss","floor":16,"turns":9}],"seed_played":"2200586541731741001","potions_obtained":[{"floor":2,"key":"PowerPotion"},{"floor":8,"key":"ElixirPotion"},{"floor":10,"key":"Explosive Potion"}],"is_trial":false,"path_per_floor":["M","M","?","M","?","R","E","M","T","E","?","M","E","M","R","B"],"character_chosen":"IRONCLAD","items_purchased":[],"campfire_rested":0,"item_purchase_floors":[],"current_hp_per_floor":[74,75,68,74,69,69,42,43,43,45,22,31,45,51,51,0],"gold":417,"neow_bonus":"THREE_ENEMY_KILL","is_prod":false,"is_daily":false,"chose_seed":false,"campfire_upgraded":2,"win_rate":0,"timestamp":1720993518,"path_taken":["M","M","?","M","?","R","E","M","T","E","?","M","E","M","R","BOSS"],"build_version":"2022-12-18","purchased_purges":0,"victory":false,"max_hp_per_floor":[75,75,75,75,75,75,75,75,75,75,75,75,75,75,75,75],"card_choices":[{"not_picked":["Hemokinesis","Clash"],"picked":"Pommel Strike","floor":1},{"not_picked":["Flex","Clothesline"],"picked":"Spot Weakness","floor":2},{"not_picked":["Wild Strike","Clash"],"picked":"Twin Strike","floor":4},{"not_picked":["Infernal Blade","Heavy Blade"],"picked":"Iron Wave","floor":7},{"not_picked":["Flex","Combust"],"picked":"Armaments","floor":8},{"not_picked":["Flex","Heavy Blade"],"picked":"Reaper","floor":10},{"not_picked":["True Grit","Sword Boomerang"],"picked":"Pommel Strike","floor":12},{"not_picked":["True Grit","Rampage"],"picked":"Intimidate","floor":13},{"not_picked":["Infernal Blade","Flex","Perfected Strike"],"picked":"SKIP","floor":14}],"player_experience":2568528,"relics_obtained":[{"floor":7,"key":"CeramicFish"},{"floor":9,"key":"Sundial"},{"floor":10,"key":"Charon\u0027s Ashes"},{"floor":13,"key":"CaptainsWheel"}],"event_choices":[{"cards_removed":["Strike_R"],"damage_healed":0,"gold_gain":0,"player_choice":"Card Removal","damage_taken":7,"max_hp_gain":0,"max_hp_loss":0,"event_name":"Golden Wing","floor":3,"gold_loss":0},{"damage_healed":0,"gold_gain":0,"player_choice":"Success","damage_taken":5,"relics_obtained":["Thread and Needle"],"max_hp_gain":0,"max_hp_loss":0,"event_name":"Scrap Ooze","floor":5,"gold_loss":0},{"damage_healed":0,"gold_gain":0,"player_choice":"Entered Light","damage_taken":23,"max_hp_gain":0,"max_hp_loss":0,"event_name":"Shining Light","floor":11,"gold_loss":0,"cards_upgraded":["Strike_R","Strike_R"]}],"is_beta":false,"boss_relics":[],"items_purged_floors":[],"is_endless":false,"potions_floor_spawned":[2,8,10,12],"killed_by":"Slime Boss","ascension_level":20}