{"gold_per_floor":[111,131,206,221,6,41,41,57,57,57],"floor_reached":10,"playtime":399,"items_purged":["Strike_R"],"score":136,"play_id":"23605839-7eac-4779-88d4-2aed07c8b120","local_time":"20240713190103","is_ascension_mode":true,"campfire_choices":[{"floor":7,"key":"REST"}],"neow_cost":"NONE","seed_source_timestamp":127340686335900,"circlet_count":0,"master_deck":["AscendersBane","Strike_R","Strike_R","Strike_R","Strike_R","Defend_R","Defend_R","Defend_R","Defend_R","Bash","Wild Strike","True Grit","Hemokinesis","Disarm","Inflame"],"relics":["Burning Blood","Smiling Mask","Bag of Marbles","Pantograph","StrikeDummy"],"potions_floor_usage":[6,10,10],"damage_taken":[{"damage":14,"enemies":"Jaw Worm","floor":1,"turns":4},{"damage":13,"enemies":"2 Louse","floor":2,"turns":2},{"damage":1,"enemies":"Cultist","floor":4,"turns":4},{"damage":35,"enemies":"Lagavulin","floor":6,"turns":4},{"damage":24,"enemies":"Large Slime","floor":8,"turns":7},{"damage":25,"enemies":"3 Sentries","floor":10,"turns":4}],"seed_played":"-1607851993128589053","potions_obtained":[{"floor":1,"key":"SteroidPotion"},{"floor":4,"key":"Strength Potion"},{"floor":6,"key":"GamblersBrew"}],"is_trial":false,"path_per_floor":["M","M","?","M","$","E","R","M","T","E"],"character_chosen":"IRONCLAD","items_purchased":["Bag of Marbles"],"campfire_rested":1,"item_purchase_floors":[5],"current_hp_per_floor":[60,53,42,47,47,18,40,22,22,0],"gold":57,"neow_bonus":"RANDOM_COMMON_RELIC","is_prod":false,"is_daily":false,"chose_seed":false,"campfire_upgraded":0,"win_rate":0,"timestamp":1720890063,"path_taken":["M","M","?","M","$","E","R","M","T","E"],"build_version":"2022-12-18","purchased_purges":1,"victory":false,"max_hp_per_floor":[75,75,75,75,75,75,75,75,75,75],"card_choices":[{"not_picked":["Pummel","Rage"],"picked":"Wild Strike","floor":1},{"not_picked":["Clash","Clothesline"],"picked":"True Grit","floor":2},{"not_picked":["Sword Boomerang","Perfected Strike"],"picked":"Hemokinesis","floor":4},{"not_picked":["Seeing Red","Havoc"],"picked":"Disarm","floor":6},{"not_picked":["True Grit","Clash"],"picked":"Inflame","floor":8}],"player_experience":2554844,"relics_obtained":[{"floor":6,"key":"Pantograph"},{"floor":9,"key":"StrikeDummy"}],"event_choices":[{"damage_healed":0,"gold_gain":75,"player_choice":"Gather Gold","damage_taken":11,"max_hp_gain":0,"max_hp_loss":0,"event_name":"World of Goop","floor":3,"gold_loss":0}],"is_beta":false,"boss_relics":[],"items_purged_floors":[5],"is_endless":false,"potions_floor_spawned":[1,4,6],"killed_by":"3 Sentries","ascension_level":20}