{"gold_per_floor":[117,117,117,127,141,141,158,191,267,297,297,328,345,374,374,452,452,471,444,444,5,21,47,47,75,124,137,170,40,60,71,71,143,143,160,177,191,0,17,17,45,60,60,89,142,167,41,53,53,53,53],"floor_reached":51,"playtime":2779,"items_purged":["Strike_R"],"score":1608,"play_id":"6e20f114-7e03-4a5a-82ea-ad76757670bc","local_time":"20240713200221","is_ascension_mode":true,"campfire_choices":[{"data":"Combust","floor":6,"key":"SMITH"},{"floor":11,"key":"REST"},{"floor":15,"key":"REST"},{"data":"Feed","floor":24,"key":"SMITH"},{"floor":32,"key":"REST"},{"data":"Double Tap","floor":40,"key":"SMITH"},{"floor":49,"key":"RECALL"}],"neow_cost":"PERCENT_DAMAGE","seed_source_timestamp":128638693590400,"circlet_count":0,"master_deck":["AscendersBane","Strike_R","Strike_R","Strike_R","Strike_R","Defend_R","Defend_R","Defend_R","Bash","Shrug It Off","Twin Strike","Combust+1","Anger","Feed+1","Hemokinesis","Battle Trance","Double Tap+1","Warcry","Flame Barrier+1","Rage+1","Seeing Red+1","Seeing Red+1","Trip+1","Armaments+1","Juggernaut+1","Dark Embrace+1","Inflame+1","Blind+1"],"relics":["Burning Blood","Pocketwatch","Self Forming Clay","Strawberry","Gambling Chip","Anchor","Runic Cube","Toxic Egg 2","Membership Card","Incense Burner","Nunchaku","Meat on the Bone","Frozen Egg 2","Ancient Tea Set","MealTicket","Bag of Preparation","Busted Crown","Red Mask","CaptainsWheel","Shuriken","Peace Pipe","Akabeko"],"potions_floor_usage":[8,14,18,23,30,46],"damage_taken":[{"damage":1,"enemies":"Cultist","floor":1,"turns":3},{"damage":12,"enemies":"Small Slimes","floor":4,"turns":4},{"damage":4,"enemies":"Jaw Worm","floor":5,"turns":4},{"damage":7,"enemies":"Red Slaver","floor":7,"turns":3},{"damage":38,"enemies":"Gremlin Nob","floor":8,"turns":4},{"damage":19,"enemies":"Lagavulin","floor":10,"turns":6},{"damage":10,"enemies":"Gremlin Nob","floor":12,"turns":3},{"damage":2,"enemies":"Exordium Wildlife","floor":13,"turns":3},{"damage":28,"enemies":"Lagavulin","floor":14,"turns":4},{"damage":48,"enemies":"The Guardian","floor":16,"turns":11},{"damage":9,"enemies":"3 Byrds","floor":18,"turns":4},{"damage":13,"enemies":"2 Thieves","floor":19,"turns":4},{"damage":4,"enemies":"Snake Plant","floor":22,"turns":4},{"damage":20,"enemies":"Book of Stabbing","floor":23,"turns":4},{"damage":21,"enemies":"Gremlin Leader","floor":25,"turns":7},{"damage":9,"enemies":"Centurion and Healer","floor":27,"turns":4},{"damage":28,"enemies":"Book of Stabbing","floor":28,"turns":6},{"damage":25,"enemies":"Snecko","floor":30,"turns":7},{"damage":26,"enemies":"Snake Plant","floor":31,"turns":4},{"damage":88,"enemies":"Automaton","floor":33,"turns":14},{"damage":4,"enemies":"3 Shapes","floor":35,"turns":5},{"damage":9,"enemies":"Orb Walker","floor":36,"turns":3},{"damage":11,"enemies":"Sphere and 2 Shapes","floor":37,"turns":4},{"damage":18,"enemies":"3 Darklings","floor":39,"turns":5},{"damage":46,"enemies":"Nemesis","floor":41,"turns":7},{"damage":9,"enemies":"Writhing Mass","floor":42,"turns":5},{"damage":79,"enemies":"Giant Head","floor":44,"turns":7},{"damage":34,"enemies":"2 Orb Walkers","floor":45,"turns":5},{"damage":21,"enemies":"Nemesis","floor":46,"turns":5},{"damage":11,"enemies":"Jaw Worm Horde","floor":48,"turns":3},{"damage":55,"enemies":"Time Eater","floor":50,"turns":7},{"damage":68,"enemies":"Awakened One","floor":51,"turns":6}],"seed_played":"3441459886782557614","potions_obtained":[{"floor":7,"key":"SkillPotion"},{"floor":10,"key":"ElixirPotion"},{"floor":12,"key":"Strength Potion"},{"floor":16,"key":"AttackPotion"},{"floor":18,"key":"ColorlessPotion"},{"floor":22,"key":"BlessingOfTheForge"},{"floor":25,"key":"FairyPotion"},{"floor":30,"key":"Ancient Potion"},{"floor":45,"key":"SkillPotion"}],"is_trial":false,"path_per_floor":["M","?","?","M","M","R","M","E","T","E","R","E","M","E","R","B",null,"M","M","?","$","M","E","R","E","T","M","E","$","M","M","R","B",null,"M","M","M","?","M","R","E","M","T","E","?","E","$","M","R","B","B"],"character_chosen":"IRONCLAD","items_purchased":["Membership Card","Incense Burner","Nunchaku","Flame Barrier+1","Trip+1","Bag of Preparation","Inflame+1","Blind+1"],"campfire_rested":3,"item_purchase_floors":[21,21,21,21,29,29,47,47],"current_hp_per_floor":[69,69,62,56,58,58,57,25,25,22,51,50,57,38,70,31,91,91,84,84,84,86,76,76,77,77,78,72,87,84,80,121,55,120,126,123,122,122,114,114,86,87,87,30,69,70,85,96,96,59,0],"gold":53,"neow_bonus":"TWENTY_PERCENT_HP_BONUS","is_prod":false,"is_daily":false,"chose_seed":false,"campfire_upgraded":3,"win_rate":0,"timestamp":1720893741,"path_taken":["M","?","?","M","M","R","M","E","T","E","R","E","M","E","R","BOSS","M","M","?","$","?","E","R","E","T","M","E","$","M","M","R","BOSS","M","M","M","?","M","R","E","M","T","E","?","E","$","M","R","BOSS","BOSS"],"build_version":"2022-12-18","purchased_purges":1,"victory":false,"max_hp_per_floor":[89,89,89,89,89,89,89,89,89,99,99,102,105,108,108,111,111,114,114,114,114,114,118,118,122,122,126,130,130,134,138,138,142,142,146,146,150,150,154,154,154,158,158,162,166,170,170,174,174,174,178],"card_choices":[{"not_picked":["Sword Boomerang","Rage"],"picked":"Shrug It Off","floor":1},{"not_picked":["Warcry","Shrug It Off"],"picked":"Twin Strike","floor":4},{"not_picked":["Flex","Wild Strike"],"picked":"Combust","floor":5},{"not_picked":["Wild Strike","Clash"],"picked":"Anger","floor":7},{"not_picked":["Clothesline","Iron Wave"],"picked":"Feed","floor":8},{"not_picked":["Clothesline","Iron Wave"],"picked":"Hemokinesis","floor":10},{"not_picked":["Headbutt","Limit Break"],"picked":"Battle Trance","floor":12},{"not_picked":["Sword Boomerang","Pummel","Iron Wave"],"picked":"SKIP","floor":13},{"not_picked":["Perfected Strike","Cleave","Havoc"],"picked":"SKIP","floor":14},{"not_picked":["Berserk","Feed"],"picked":"Double Tap","floor":16},{"not_picked":["Entrench","Hemokinesis","Second Wind"],"picked":"SKIP","floor":18},{"not_picked":["Cleave","Dual Wield"],"picked":"Warcry","floor":19},{"not_picked":["Body Slam","Thunderclap","Wild Strike"],"picked":"SKIP","floor":22},{"not_picked":["Body Slam+1","Warcry+1"],"picked":"Rage+1","floor":23},{"not_picked":["Fire Breathing+1","Wild Strike"],"picked":"Seeing Red+1","floor":25},{"not_picked":["Clash","Fire Breathing+1"],"picked":"Seeing Red+1","floor":27},{"not_picked":["Rampage+1","Clothesline","Flex+1"],"picked":"SKIP","floor":28},{"not_picked":["Perfected Strike","True Grit+1"],"picked":"Armaments+1","floor":30},{"not_picked":["Second Wind+1","Warcry+1","Flex+1"],"picked":"SKIP","floor":31},{"not_picked":["Exhume+1","Fiend Fire"],"picked":"Juggernaut+1","floor":33},{"not_picked":["Clothesline+1"],"picked":"SKIP","floor":35},{"not_picked":["Pummel"],"picked":"SKIP","floor":36},{"not_picked":["Thunderclap"],"picked":"SKIP","floor":37},{"not_picked":[],"picked":"Dark Embrace+1","floor":39},{"not_picked":["Immolate"],"picked":"SKIP","floor":41},{"not_picked":["Heavy Blade"],"picked":"SKIP","floor":42},{"not_picked":["Clothesline+1"],"picked":"SKIP","floor":44},{"not_picked":["Clothesline"],"picked":"SKIP","floor":46},{"not_picked":["Heavy Blade+1"],"picked":"SKIP","floor":48}],"player_experience":2556117,"relics_obtained":[{"floor":8,"key":"Pocketwatch"},{"floor":9,"key":"Self Forming Clay"},{"floor":10,"key":"Strawberry"},{"floor":12,"key":"Gambling Chip"},{"floor":14,"key":"Anchor"},{"floor":23,"key":"Meat on the Bone"},{"floor":25,"key":"Frozen Egg 2"},{"floor":26,"key":"Ancient Tea Set"},{"floor":28,"key":"MealTicket"},{"floor":41,"key":"CaptainsWheel"},{"floor":44,"key":"Shuriken"},{"floor":45,"key":"Peace Pipe"},{"floor":46,"key":"Akabeko"}],"event_choices":[{"damage_healed":0,"gold_gain":0,"player_choice":"Ignored","damage_taken":0,"max_hp_gain":0,"max_hp_loss":0,"event_name":"Shining Light","floor":2,"gold_loss":0},{"cards_removed":["Defend_R"],"damage_healed":0,"gold_gain":0,"player_choice":"Card Removal","damage_taken":7,"max_hp_gain":0,"max_hp_loss":0,"event_name":"Golden Wing","floor":3,"gold_loss":0},{"damage_healed":0,"gold_gain":0,"player_choice":"Gave Potion","damage_taken":0,"relics_obtained":["Toxic Egg 2"],"max_hp_gain":0,"max_hp_loss":0,"event_name":"WeMeetAgain","floor":20,"gold_loss":0},{"damage_healed":0,"gold_gain":0,"player_choice":"Paid","damage_taken":0,"relics_obtained":["Red Mask"],"max_hp_gain":0,"max_hp_loss":0,"event_name":"Tomb of Lord Red Mask","floor":38,"gold_loss":191},{"damage_healed":0,"gold_gain":0,"player_choice":"Fight","damage_taken":0,"max_hp_gain":0,"max_hp_loss":0,"event_name":"Mysterious Sphere","floor":45,"gold_loss":0}],"is_beta":false,"boss_relics":[{"not_picked":["SlaversCollar","Fusion Hammer"],"picked":"Runic Cube"},{"not_picked":["Cursed Key","Tiny House"],"picked":"Busted Crown"}],"items_purged_floors":[47],"is_endless":false,"potions_floor_spawned":[7,10,12,16,18,22,25,30,36,37,41,42,45],"killed_by":"Awakened One","ascension_level":20}