{"gold_per_floor":[112,112,132,145,101,129,129,159,159,159,176,202,202,237,237,316,316,329,329,329,348,27,27,54,54,54,82,43,70,120,120,120,194,194,208,226,272,291,75,100,100,100,181,181,201,236,236,266,266,266,266],"floor_reached":51,"playtime":2340,"items_purged":["Doubt"],"score":1730,"play_id":"752430af-ce37-4990-b4d3-dde97d99f32a","local_time":"20240714104439","is_ascension_mode":true,"campfire_choices":[{"data":"Juggernaut","floor":7.0,"key":"SMITH"},{"floor":10,"key":"REST"},{"floor":13,"key":"REST"},{"data":"Feel No Pain","floor":15,"key":"SMITH"},{"floor":23,"key":"REST"},{"data":"Dark Embrace","floor":25,"key":"SMITH"},{"floor":32,"key":"REST"},{"floor":41,"key":"RECALL"},{"floor":44,"key":"REST"},{"data":"True Grit","floor":47,"key":"SMITH"},{"data":"True Grit","floor":49,"key":"SMITH"}],"neow_cost":"NONE","seed_source_timestamp":182001527478000,"circlet_count":0,"master_deck":["AscendersBane","Bash","Uppercut","Juggernaut+1","Sentinel","Pommel Strike+1","True Grit+1","Feel No Pain+1","Pommel Strike+1","True Grit","Offering","Barricade","Dark Embrace+1","Disarm","Corruption","True Grit+1","Anger","Exhume","Disarm","Dropkick","Exhume","Power Through","Havoc","Shrug It Off","Ghostly Armor","Power Through","Feed","Rage","Sentinel","Feed","Madness","Enlightenment","Blind","Normality","Shrug It Off+1","Havoc"],"special_seed":0,"relics":["Sozu","Ancient Tea Set","Bottled Tornado","Tiny Chest","Nunchaku","Pandora\u0027s Box","Mango","StoneCalendar","Smiling Mask","Anchor","InkBottle","HornCleat","Cursed Key","Whetstone","Oddly Smooth Stone","Juzu Bracelet","Sundial","Vajra","Bottled Lightning"],"potions_floor_usage":[],"damage_taken":[{"damage":0.0,"enemies":"Small Slimes","floor":1.0,"turns":3.0},{"damage":1.0,"enemies":"Cultist","floor":3.0,"turns":3.0},{"damage":4.0,"enemies":"Jaw Worm","floor":4.0,"turns":3.0},{"damage":17.0,"enemies":"3 Sentries","floor":6.0,"turns":7.0},{"damage":10.0,"enemies":"Lagavulin","floor":8.0,"turns":7.0},{"damage":8,"enemies":"Blue Slaver","floor":11,"turns":2},{"damage":16,"enemies":"Gremlin Nob","floor":12,"turns":4},{"damage":12,"enemies":"3 Sentries","floor":14,"turns":5},{"damage":29,"enemies":"Slime Boss","floor":16,"turns":10},{"damage":14,"enemies":"Spheric Guardian","floor":18,"turns":4},{"damage":23,"enemies":"2 Thieves","floor":21,"turns":4},{"damage":2,"enemies":"Book of Stabbing","floor":24,"turns":4},{"damage":33,"enemies":"Slavers","floor":27,"turns":3},{"damage":25,"enemies":"Gremlin Leader","floor":29,"turns":4},{"damage":8,"enemies":"Champ","floor":33,"turns":7},{"damage":0,"enemies":"3 Darklings","floor":35,"turns":3},{"damage":6,"enemies":"Orb Walker","floor":36,"turns":3},{"damage":6,"enemies":"Jaw Worm Horde","floor":38,"turns":3},{"damage":6,"enemies":"Giant Head","floor":40,"turns":2},{"damage":0,"enemies":"Transient","floor":45,"turns":6},{"damage":23,"enemies":"Reptomancer","floor":46,"turns":6},{"damage":0,"enemies":"Giant Head","floor":48,"turns":8},{"damage":24,"enemies":"Donu and Deca","floor":50,"turns":6},{"damage":44,"enemies":"Awakened One","floor":51,"turns":3}],"seed_played":"-3422581126725380952","potions_obtained":[],"is_trial":false,"path_per_floor":["M","?","M","M","$","E","R","E","T","R","M","E","R","E","R","B",null,"M","?","?","M","$","R","E","R","T","E","$","E","?","T","R","B",null,"M","M","T","M","$","E","R","?","T","R","M","E","R","E","R","B","B"],"character_chosen":"IRONCLAD","items_purchased":["Feel No Pain","Mango","Ghostly Armor","Oddly Smooth Stone"],"campfire_rested":5,"item_purchase_floors":[5,22,28,39],"current_hp_per_floor":[68,68,67,63,63,46,46,36,36,58,50,34,56,44,44,15,60,46,46,46,23,37,63,61,61,61,28,28,3,3,3,29,21,72,72,66,66,66,66,63,63,53,53,82,82,62,62,62,62,41,0],"gold":266,"neow_bonus":"BOSS_RELIC","is_prod":false,"is_daily":false,"chose_seed":false,"campfire_upgraded":5,"win_rate":0,"timestamp":1720946679,"path_taken":["M","?","M","M","?","E","R","E","T","R","M","E","R","E","R","BOSS","M","?","?","M","$","R","E","R","T","E","$","E","?","?","R","BOSS","M","M","?","M","$","E","R","?","T","R","M","E","R","E","R","BOSS","BOSS"],"build_version":"2022-12-18","purchased_purges":1,"victory":false,"max_hp_per_floor":[75,75,75,75,75,75,75,75,75,75,75,75,75,75,75,75,75,75,75,75,75,89,89,89,89,89,89,89,89,89,89,89,89,89,89,89,89,95,95,98,98,98,98,98,98,101,101,101,101,104,104],"card_choices":[{"not_picked":["Sword Boomerang","Havoc"],"picked":"Uppercut","floor":1.0},{"not_picked":["Anger","Fire Breathing"],"picked":"Pommel Strike","floor":3.0},{"not_picked":["Armaments","Twin Strike"],"picked":"True Grit","floor":4.0},{"not_picked":["Armaments","Wild Strike"],"picked":"Pommel Strike","floor":6.0},{"not_picked":["Sword Boomerang","Shockwave","Perfected Strike"],"picked":"SKIP","floor":8.0},{"not_picked":["Twin Strike","Anger","Thunderclap"],"picked":"SKIP","floor":11},{"not_picked":["Brutality","Shrug It Off"],"picked":"True Grit","floor":12},{"not_picked":["Carnage","Bloodletting"],"picked":"Offering","floor":14},{"not_picked":["Fiend Fire","Limit Break"],"picked":"Barricade","floor":16},{"not_picked":["Dark Embrace+1","Perfected Strike"],"picked":"Dropkick","floor":18},{"not_picked":["Disarm","Searing Blow"],"picked":"Havoc","floor":21},{"not_picked":["Thunderclap","Immolate","Blood for Blood"],"picked":"SKIP","floor":24},{"not_picked":["Sever Soul","Battle Trance"],"picked":"Shrug It Off","floor":27},{"not_picked":["Heavy Blade","Combust"],"picked":"Power Through","floor":29},{"not_picked":["Corruption","Berserk"],"picked":"Feed","floor":33},{"not_picked":["Blood for Blood","Combust+1","Headbutt"],"picked":"SKIP","floor":35},{"not_picked":["Shockwave+1","Armaments"],"picked":"Rage","floor":36},{"not_picked":["Cleave","Twin Strike"],"picked":"Sentinel","floor":38},{"not_picked":["Evolve+1","Sword Boomerang+1"],"picked":"Feed","floor":40},{"not_picked":["Purity","Good Instincts"],"picked":"Madness","floor":42},{"not_picked":["Blind","Mind Blast"],"picked":"Enlightenment","floor":42},{"not_picked":["Dark Shackles","Dramatic Entrance"],"picked":"Blind","floor":42},{"not_picked":["Clothesline","Iron Wave"],"picked":"Shrug It Off+1","floor":45},{"not_picked":["Thunderclap","Clash","Combust+1"],"picked":"SKIP","floor":46},{"not_picked":["Cleave","Pommel Strike"],"picked":"Havoc","floor":48}],"player_experience":2561395,"relics_obtained":[{"floor":6.0,"key":"Ancient Tea Set"},{"floor":8.0,"key":"Bottled Tornado"},{"floor":12,"key":"Tiny Chest"},{"floor":14,"key":"Nunchaku"},{"floor":24,"key":"StoneCalendar"},{"floor":26,"key":"Smiling Mask"},{"floor":27,"key":"Anchor"},{"floor":29,"key":"InkBottle"},{"floor":31,"key":"HornCleat"},{"floor":37,"key":"Whetstone"},{"floor":40,"key":"Juzu Bracelet"},{"floor":43,"key":"Sundial"},{"floor":46,"key":"Vajra"},{"floor":48,"key":"Bottled Lightning"}],"event_choices":[{"damage_healed":0.0,"max_hp_gain":0.0,"max_hp_loss":0.0,"gold_gain":0.0,"event_name":"Match and Keep!","player_choice":"2 cards matched","floor":2.0,"gold_loss":0.0,"damage_taken":0.0,"cards_obtained":["Juggernaut","Sentinel"]},{"damage_healed":0,"gold_gain":0,"cards_transformed":["Corruption","Sword Boomerang"],"player_choice":"Became Test Subject","damage_taken":0,"max_hp_gain":0,"max_hp_loss":0,"event_name":"Drug Dealer","floor":19,"gold_loss":0,"cards_obtained":["Exhume","Power Through"]},{"damage_healed":0,"gold_gain":0,"player_choice":"Ignored","damage_taken":0,"max_hp_gain":0,"max_hp_loss":0,"event_name":"Vampires","floor":20,"gold_loss":0},{"damage_healed":0,"gold_gain":50,"player_choice":"Stole From Cult","damage_taken":0,"max_hp_gain":0,"max_hp_loss":0,"event_name":"Nest","floor":30,"gold_loss":0},{"damage_healed":0,"gold_gain":0,"player_choice":"Memory 3","damage_taken":10,"max_hp_gain":0,"max_hp_loss":0,"event_name":"SensoryStone","floor":42,"gold_loss":0}],"is_beta":false,"boss_relics":[{"not_picked":["Fusion Hammer","Busted Crown"],"picked":"Pandora\u0027s Box"},{"not_picked":["Empty Cage","Runic Pyramid"],"picked":"Cursed Key"}],"items_purged_floors":[39],"is_endless":false,"potions_floor_spawned":[1,4,16,24,35,38,48],"killed_by":"Awakened One","ascension_level":20}