{"gold_per_floor":[115,190,190,190,21,21,31,64,64,82,116,146,146,179,179,256,256,273,273,26,46,46],"floor_reached":22,"playtime":639,"items_purged":["Writhe"],"score":454,"play_id":"57156ec8-0778-42c0-9598-9f8dbe276dcd","local_time":"20240714235608","is_ascension_mode":true,"campfire_choices":[{"data":"Rampage","floor":6,"key":"SMITH"},{"data":"Inflame","floor":15,"key":"SMITH"}],"neow_cost":"NONE","seed_source_timestamp":231206429740500,"circlet_count":0,"master_deck":["AscendersBane","Strike_R","Strike_R","Strike_R","Strike_R","Defend_R+1","Defend_R","Defend_R","Defend_R+1","Bash","Rampage+1","Dropkick","Headbutt","Evolve","Inflame+1","Reckless Charge","Warcry","Berserk","Shockwave","Pummel"],"relics":["Burning Blood","NeowsBlessing","GremlinMask","Toolbox","War Paint","Blood Vial","Letter Opener","Matryoshka","White Beast Statue","Runic Dome","Unceasing Top","Sling"],"potions_floor_usage":[14,21,22],"damage_taken":[{"damage":0,"enemies":"2 Louse","floor":1,"turns":1},{"damage":0,"enemies":"Small Slimes","floor":7,"turns":1},{"damage":0,"enemies":"Lagavulin","floor":8,"turns":1},{"damage":0,"enemies":"Cultist","floor":10,"turns":3},{"damage":3,"enemies":"Exordium Wildlife","floor":11,"turns":3},{"damage":10,"enemies":"Gremlin Nob","floor":12,"turns":3},{"damage":9,"enemies":"3 Sentries","floor":14,"turns":5},{"damage":40,"enemies":"Slime Boss","floor":16,"turns":8},{"damage":18,"enemies":"Chosen","floor":18,"turns":5},{"damage":36,"enemies":"3 Byrds","floor":21,"turns":6},{"damage":30,"enemies":"3 Cultists","floor":22,"turns":4}],"seed_played":"-3717256818513175327","potions_obtained":[{"floor":1,"key":"Energy Potion"},{"floor":11,"key":"DistilledChaos"},{"floor":16,"key":"Energy Potion"},{"floor":18,"key":"SteroidPotion"},{"floor":21,"key":"BlessingOfTheForge"}],"is_trial":false,"path_per_floor":["M","?","?","?","$","R","M","E","T","M","M","E","T","E","R","B",null,"M","?","$","M","M"],"character_chosen":"IRONCLAD","items_purchased":["Toolbox","Sling"],"campfire_rested":0,"item_purchase_floors":[5,20],"current_hp_per_floor":[74,63,63,63,63,63,69,75,75,75,75,71,71,70,70,38,66,56,56,56,28,0],"gold":46,"neow_bonus":"THREE_ENEMY_KILL","is_prod":false,"is_daily":false,"chose_seed":false,"campfire_upgraded":2,"win_rate":0,"timestamp":1720994168,"path_taken":["M","?","?","?","$","R","?","E","T","M","M","E","?","E","R","BOSS","M","?","$","M","M"],"build_version":"2022-12-18","purchased_purges":1,"victory":false,"max_hp_per_floor":[75,75,75,75,75,75,75,75,75,75,75,75,75,75,75,75,75,75,75,75,75,75],"card_choices":[{"not_picked":["Thunderclap","Wild Strike"],"picked":"Rampage","floor":1},{"not_picked":["Armaments","Perfected Strike"],"picked":"Headbutt","floor":7},{"not_picked":["Inflame","Clash"],"picked":"Evolve","floor":8},{"not_picked":["Cleave","Iron Wave"],"picked":"Inflame","floor":10},{"not_picked":["Hemokinesis","Twin Strike","Carnage"],"picked":"SKIP","floor":11},{"not_picked":["Entrench","Exhume"],"picked":"Reckless Charge","floor":12},{"not_picked":["Carnage","Battle Trance"],"picked":"Warcry","floor":14},{"not_picked":["Barricade","Double Tap"],"picked":"Berserk","floor":16},{"not_picked":["Ghostly Armor","Clash"],"picked":"Shockwave","floor":18},{"not_picked":["Sentinel","Perfected Strike"],"picked":"Pummel","floor":21}],"player_experience":2569009,"relics_obtained":[{"floor":8,"key":"War Paint"},{"floor":9,"key":"Blood Vial"},{"floor":12,"key":"Letter Opener"},{"floor":13,"key":"Matryoshka"},{"floor":14,"key":"White Beast Statue"}],"event_choices":[{"damage_healed":0,"gold_gain":75,"player_choice":"Gather Gold","damage_taken":11,"max_hp_gain":0,"max_hp_loss":0,"event_name":"World of Goop","floor":2,"gold_loss":0},{"damage_healed":0,"gold_gain":0,"cards_transformed":["Strike_R"],"player_choice":"Change","damage_taken":0,"max_hp_gain":0,"max_hp_loss":0,"event_name":"Living Wall","floor":3,"gold_loss":0,"cards_obtained":["Dropkick"]},{"damage_healed":0,"gold_gain":0,"player_choice":"Trade","damage_taken":0,"relics_obtained":["GremlinMask"],"max_hp_gain":0,"max_hp_loss":0,"event_name":"FaceTrader","floor":4,"gold_loss":0},{"damage_healed":0,"gold_gain":0,"player_choice":"Opened","damage_taken":0,"relics_obtained":["Unceasing Top"],"max_hp_gain":0,"max_hp_loss":0,"event_name":"The Mausoleum","floor":19,"gold_loss":0,"cards_obtained":["Writhe"]}],"is_beta":false,"boss_relics":[{"not_picked":["Ectoplasm","Snecko Eye"],"picked":"Runic Dome"}],"items_purged_floors":[20],"is_endless":false,"potions_floor_spawned":[1,11,16,18,21],"killed_by":"3 Cultists","ascension_level":20}