{"gold_per_floor":[116,127,193,193,193,233,198,242,242,278,278,2,2,336,336,336],"floor_reached":16,"playtime":654,"items_purged":["Injury"],"score":298,"play_id":"8fca2b81-97ca-4d53-a2d0-c5473418ea02","local_time":"20240716095845","is_ascension_mode":true,"campfire_choices":[{"floor":11,"key":"REST"},{"data":"Inflame","floor":13,"key":"SMITH"},{"data":"Bash","floor":15,"key":"SMITH"}],"neow_cost":"NONE","seed_source_timestamp":353752220434400,"circlet_count":0,"master_deck":["AscendersBane","Strike_R","Strike_R","Strike_R","Defend_R","Defend_R+1","Defend_R","Bash+1","Pommel Strike+1","Whirlwind+1","Feel No Pain+1","True Grit+1","Inflame+1","Infernal Blade","Ghostly Armor","Sentinel","Burning Pact","Fiend Fire"],"relics":["Astrolabe","Golden Idol","Gremlin Horn","Oddly Smooth Stone","Lantern","Juzu Bracelet","War Paint","Old Coin"],"potions_floor_usage":[10,16],"damage_taken":[{"damage":0,"enemies":"2 Louse","floor":1,"turns":1},{"damage":3,"enemies":"Small Slimes","floor":2,"turns":3},{"damage":49,"enemies":"Gremlin Nob","floor":6,"turns":5},{"damage":24,"enemies":"Lagavulin","floor":8,"turns":8},{"damage":4,"enemies":"3 Sentries","floor":10,"turns":4},{"damage":0,"enemies":"Gremlin Nob","floor":14,"turns":3},{"damage":26,"enemies":"Hexaghost","floor":16,"turns":9}],"seed_played":"-781562166875863457","potions_obtained":[{"floor":6,"key":"Dexterity Potion"},{"floor":8,"key":"AttackPotion"}],"is_trial":false,"path_per_floor":["M","M","?","?","?","E","?","E","T","E","R","$","R","E","R","B"],"character_chosen":"IRONCLAD","items_purchased":["Burning Pact","War Paint"],"campfire_rested":1,"item_purchase_floors":[12,12],"current_hp_per_floor":[68,65,65,65,60,11,29,5,5,1,23,23,23,23,23,0],"gold":336,"neow_bonus":"BOSS_RELIC","is_prod":false,"is_daily":false,"chose_seed":false,"campfire_upgraded":2,"win_rate":0,"timestamp":1721116725,"path_taken":["M","M","?","?","?","E","?","E","T","E","R","$","R","E","R","BOSS"],"build_version":"2022-12-18","purchased_purges":1,"victory":false,"max_hp_per_floor":[75,75,75,75,75,75,75,75,75,75,75,75,75,75,75,75],"card_choices":[{"not_picked":["Pommel Strike","Body Slam"],"picked":"True Grit","floor":1},{"not_picked":["Twin Strike","Anger"],"picked":"Inflame","floor":2},{"not_picked":["Clothesline","Body Slam"],"picked":"Infernal Blade","floor":6},{"not_picked":["Armaments","Warcry"],"picked":"Ghostly Armor","floor":8},{"not_picked":["Fire Breathing","Pommel Strike"],"picked":"Sentinel","floor":10},{"not_picked":["Bludgeon","Whirlwind"],"picked":"Fiend Fire","floor":14}],"player_experience":2569648,"relics_obtained":[{"floor":6,"key":"Oddly Smooth Stone"},{"floor":8,"key":"Lantern"},{"floor":10,"key":"Juzu Bracelet"},{"floor":14,"key":"Old Coin"}],"event_choices":[{"damage_healed":0,"gold_gain":66,"player_choice":"Gained Gold","damage_taken":0,"max_hp_gain":0,"max_hp_loss":0,"event_name":"Golden Wing","floor":3,"gold_loss":0},{"damage_healed":0,"gold_gain":0,"player_choice":"Take Wound","damage_taken":0,"relics_obtained":["Golden Idol"],"max_hp_gain":0,"max_hp_loss":0,"event_name":"Golden Idol","floor":4,"gold_loss":0,"cards_obtained":["Injury"]},{"damage_healed":0,"gold_gain":0,"player_choice":"Success","damage_taken":5,"relics_obtained":["Gremlin Horn"],"max_hp_gain":0,"max_hp_loss":0,"event_name":"Scrap Ooze","floor":5,"gold_loss":0},{"damage_healed":18,"gold_gain":0,"player_choice":"Healed","damage_taken":0,"max_hp_gain":0,"max_hp_loss":0,"event_name":"The Cleric","floor":7,"gold_loss":35}],"is_beta":false,"boss_relics":[],"items_purged_floors":[12],"is_endless":false,"potions_floor_spawned":[6,8],"killed_by":"Hexaghost","ascension_level":20}