{"gold_per_floor":[113,130,145,145,158,158,61,61,61,79,42,71,90,120,120,198,198,176,176,13,13,13,13,13],"floor_reached":24,"playtime":791,"items_purged":["Decay"],"score":408,"play_id":"e7086efe-6f61-4b4c-9f32-7399969ac9ab","local_time":"20240716114035","is_ascension_mode":true,"campfire_choices":[{"data":"Demon Form","floor":6,"key":"SMITH"},{"data":"Bash","floor":8,"key":"SMITH"},{"floor":15,"key":"REST"},{"data":"RitualDagger","floor":23,"key":"SMITH"}],"neow_cost":"PERCENT_DAMAGE","seed_source_timestamp":359723992921500,"circlet_count":0,"master_deck":["AscendersBane","Strike_R","Defend_R","Defend_R","Defend_R","Defend_R","Bash+1","Shrug It Off+1","Twin Strike","Thunderclap","Demon Form+1","Corruption","Bandage Up","Flame Barrier+1","Dark Embrace","Fire Breathing","Offering","Ghostly Armor","Limit Break","Disarm+1","Feel No Pain","RitualDagger+1","Intimidate","Dropkick"],"relics":["Burning Blood","Question Card","Orichalcum","War Paint","Empty Cage"],"potions_floor_usage":[12,16,16],"damage_taken":[{"damage":2,"enemies":"Cultist","floor":1,"turns":4},{"damage":3,"enemies":"2 Louse","floor":2,"turns":4},{"damage":11,"enemies":"Jaw Worm","floor":3,"turns":5},{"damage":24,"enemies":"Blue Slaver","floor":5,"turns":5},{"damage":9,"enemies":"3 Louse","floor":10,"turns":4},{"damage":36,"enemies":"3 Sentries","floor":12,"turns":9},{"damage":11,"enemies":"Looter","floor":13,"turns":4},{"damage":14,"enemies":"Lagavulin","floor":14,"turns":5},{"damage":18,"enemies":"Slime Boss","floor":16,"turns":8},{"damage":29,"enemies":"2 Thieves","floor":18,"turns":5},{"damage":58,"enemies":"Slavers","floor":24,"turns":3}],"seed_played":"691919273021787767","potions_obtained":[{"floor":1,"key":"CultistPotion"},{"floor":5,"key":"Dexterity Potion"},{"floor":14,"key":"Weak Potion"}],"is_trial":false,"path_per_floor":["M","M","M","?","M","R","$","R","T","M","$","E","M","E","R","B",null,"M","?","$","?","?","R","E"],"character_chosen":"IRONCLAD","items_purchased":["Bandage Up","Dark Embrace","Feel No Pain"],"campfire_rested":1,"item_purchase_floors":[7,11,20],"current_hp_per_floor":[68,71,66,66,48,48,48,48,48,49,49,23,22,18,44,36,76,57,57,57,51,51,51,0],"gold":13,"neow_bonus":"TWENTY_PERCENT_HP_BONUS","is_prod":false,"is_daily":false,"chose_seed":false,"campfire_upgraded":3,"win_rate":0,"timestamp":1721122835,"path_taken":["M","?","M","?","?","R","$","R","T","?","$","E","M","E","R","BOSS","M","?","$","?","?","R","E"],"build_version":"2022-12-18","purchased_purges":1,"victory":false,"max_hp_per_floor":[89,89,89,89,89,89,89,89,89,89,89,89,89,89,89,89,89,89,89,89,89,89,89,89],"card_choices":[{"not_picked":["Sentinel","Iron Wave"],"picked":"Shrug It Off","floor":1},{"not_picked":["Clash","True Grit"],"picked":"Twin Strike","floor":2},{"not_picked":["Flame Barrier","Wild Strike"],"picked":"Thunderclap","floor":3},{"not_picked":["Warcry","Heavy Blade"],"picked":"Corruption","floor":5},{"not_picked":["Havoc","Clothesline","Sword Boomerang"],"picked":"Flame Barrier","floor":10},{"not_picked":["Cleave","Inflame","Power Through"],"picked":"Fire Breathing","floor":12},{"not_picked":["Sword Boomerang","Perfected Strike","Combust"],"picked":"Offering","floor":13},{"not_picked":["Flex","Infernal Blade","Perfected Strike"],"picked":"Ghostly Armor","floor":14},{"not_picked":["Bludgeon","Corruption","Feed"],"picked":"Limit Break","floor":16},{"not_picked":["Perfected Strike","Sever Soul","Rage+1"],"picked":"Disarm+1","floor":18}],"player_experience":2573428,"relics_obtained":[{"floor":9,"key":"Question Card"},{"floor":12,"key":"Orichalcum"},{"floor":14,"key":"War Paint"}],"event_choices":[{"damage_healed":0,"gold_gain":0,"player_choice":"1 cards matched","damage_taken":0,"max_hp_gain":0,"max_hp_loss":0,"event_name":"Match and Keep!","floor":4,"gold_loss":0,"cards_obtained":["Demon Form"]},{"damage_healed":0,"gold_gain":0,"player_choice":"Smashed Altar","damage_taken":0,"max_hp_gain":0,"max_hp_loss":0,"event_name":"Forgotten Altar","floor":19,"gold_loss":0,"cards_obtained":["Decay"]},{"damage_healed":0,"gold_gain":0,"player_choice":"Joined the Cult","damage_taken":6,"max_hp_gain":0,"max_hp_loss":0,"event_name":"Nest","floor":21,"gold_loss":0,"cards_obtained":["RitualDagger"]},{"damage_healed":0,"gold_gain":0,"cards_transformed":["Strike_R","Strike_R"],"player_choice":"Became Test Subject","damage_taken":0,"max_hp_gain":0,"max_hp_loss":0,"event_name":"Drug Dealer","floor":22,"gold_loss":0,"cards_obtained":["Intimidate","Dropkick"]}],"is_beta":false,"boss_relics":[{"not_picked":["Fusion Hammer","Runic Cube"],"picked":"Empty Cage"}],"items_purged_floors":[20],"is_endless":false,"potions_floor_spawned":[1,5,10,14],"killed_by":"Slavers","ascension_level":20}