{"gold_per_floor":[13,13,31,31,54,54,90,90,390,423,448,491,491,491,491,584,584,604,623,623,623,144,144,144],"floor_reached":24,"playtime":677,"items_purged":[],"score":449,"play_id":"1a3e545c-9bf9-4dea-920a-9f10594b43b5","local_time":"20240716144503","is_ascension_mode":true,"campfire_choices":[{"data":"Immolate","floor":6,"key":"SMITH"},{"data":"Bash","floor":8,"key":"SMITH"},{"data":"Disarm","floor":15,"key":"SMITH"},{"data":"Ghostly","floor":23,"key":"SMITH"}],"neow_cost":"NO_GOLD","seed_source_timestamp":370905616887800,"circlet_count":0,"master_deck":["AscendersBane","Defend_R","Defend_R","Defend_R","Bash+1","Immolate+1","True Grit","Flex","Flame Barrier","Shrug It Off","Disarm+1","Fire Breathing","Sword Boomerang","Double Tap","Berserk","Metallicize+1","Ghostly+1","Ghostly","Ghostly","Bite","Bite","Bite","Bite","Bite"],"relics":["Burning Blood","Golden Idol","CaptainsWheel","Old Coin","Matryoshka","White Beast Statue","Pen Nib","Coffee Dripper","Bag of Marbles","Nunchaku","OrangePellets"],"potions_floor_usage":[7,16,16,24],"damage_taken":[{"damage":3,"enemies":"2 Louse","floor":1,"turns":2},{"damage":0,"enemies":"Small Slimes","floor":3,"turns":2},{"damage":5,"enemies":"Jaw Worm","floor":5,"turns":3},{"damage":6,"enemies":"3 Sentries","floor":7,"turns":6},{"damage":14,"enemies":"Gremlin Nob","floor":10,"turns":4},{"damage":12,"enemies":"2 Fungi Beasts","floor":11,"turns":3},{"damage":20,"enemies":"Lagavulin","floor":12,"turns":6},{"damage":26,"enemies":"Hexaghost","floor":16,"turns":10},{"damage":11,"enemies":"Spheric Guardian","floor":18,"turns":4},{"damage":25,"enemies":"2 Thieves","floor":19,"turns":3},{"damage":39,"enemies":"Slavers","floor":24,"turns":6}],"seed_played":"-5769652318417935805","potions_obtained":[{"floor":3,"key":"ColorlessPotion"},{"floor":11,"key":"SpeedPotion"},{"floor":12,"key":"SteroidPotion"},{"floor":16,"key":"Regen Potion"},{"floor":18,"key":"FearPotion"}],"is_trial":false,"path_per_floor":["M","?","M","?","M","R","E","R","T","E","M","E","?","?","R","B",null,"M","M","?","?","$","R","E"],"character_chosen":"IRONCLAD","items_purchased":["Bag of Marbles","Nunchaku","OrangePellets"],"campfire_rested":0,"item_purchase_floors":[22,22,22],"current_hp_per_floor":[71,68,68,73,73,73,73,73,73,65,59,45,45,27,27,7,57,52,33,33,25,25,25,0],"gold":144,"neow_bonus":"THREE_RARE_CARDS","is_prod":false,"is_daily":false,"chose_seed":false,"campfire_upgraded":4,"win_rate":0,"timestamp":1721133903,"path_taken":["M","?","M","?","M","R","E","R","T","E","M","E","?","?","R","BOSS","M","M","?","?","$","R","E"],"build_version":"2022-12-18","purchased_purges":0,"victory":false,"max_hp_per_floor":[75,68,68,73,73,73,73,73,73,73,73,73,73,73,73,73,73,73,73,36,25,25,25,25],"card_choices":[{"not_picked":["Exhume","Fiend Fire"],"picked":"Immolate","floor":0},{"not_picked":["Iron Wave","Flame Barrier"],"picked":"True Grit","floor":1},{"not_picked":["Dropkick","Clash"],"picked":"Flex","floor":3},{"not_picked":["Searing Blow","Heavy Blade"],"picked":"Flame Barrier","floor":5},{"not_picked":["Entrench","Heavy Blade"],"picked":"Shrug It Off","floor":7},{"not_picked":["Seeing Red","Sword Boomerang"],"picked":"Disarm","floor":10},{"not_picked":["Havoc","Inflame"],"picked":"Fire Breathing","floor":11},{"not_picked":["Metallicize","True Grit"],"picked":"Sword Boomerang","floor":12},{"not_picked":["Impervious","Exhume"],"picked":"Berserk","floor":16},{"not_picked":["Wild Strike","Spot Weakness"],"picked":"Metallicize+1","floor":18},{"not_picked":["Armaments","Iron Wave","Wild Strike"],"picked":"SKIP","floor":19}],"player_experience":2579156,"relics_obtained":[{"floor":7,"key":"CaptainsWheel"},{"floor":9,"key":"Old Coin"},{"floor":10,"key":"Matryoshka"},{"floor":12,"key":"White Beast Statue"}],"event_choices":[{"damage_healed":0,"gold_gain":0,"player_choice":"Lose Max HP","damage_taken":0,"relics_obtained":["Golden Idol"],"max_hp_gain":0,"max_hp_loss":7,"event_name":"Golden Idol","floor":2,"gold_loss":0},{"damage_healed":0,"gold_gain":0,"player_choice":"Donut","damage_taken":0,"max_hp_gain":5,"max_hp_loss":0,"event_name":"Big Fish","floor":4,"gold_loss":0},{"damage_healed":0,"gold_gain":0,"cards_transformed":["Defend_R"],"player_choice":"Change","damage_taken":0,"max_hp_gain":0,"max_hp_loss":0,"event_name":"Living Wall","floor":13,"gold_loss":0,"cards_obtained":["Double Tap"]},{"damage_healed":0,"gold_gain":0,"player_choice":"Success","damage_taken":18,"relics_obtained":["Pen Nib"],"max_hp_gain":0,"max_hp_loss":0,"event_name":"Scrap Ooze","floor":14,"gold_loss":0},{"damage_healed":0,"gold_gain":0,"player_choice":"Became a Ghost","damage_taken":0,"max_hp_gain":0,"max_hp_loss":37,"event_name":"Ghosts","floor":20,"gold_loss":0,"cards_obtained":["Ghostly","Ghostly","Ghostly"]},{"damage_healed":0,"gold_gain":0,"player_choice":"Became a vampire","damage_taken":0,"max_hp_gain":0,"max_hp_loss":11,"event_name":"Vampires","floor":21,"gold_loss":0,"cards_obtained":["Bite","Bite","Bite","Bite","Bite"]}],"is_beta":false,"boss_relics":[{"not_picked":["Runic Dome","Ectoplasm"],"picked":"Coffee Dripper"}],"items_purged_floors":[],"is_endless":false,"potions_floor_spawned":[3,11,12,16,18,19],"killed_by":"Slavers","ascension_level":20}