{"gold_per_floor":[112,112,112,132,17,51,72,106,129,129,129,173,173,198,198,287,287,308,25,25,41,1,1],"floor_reached":23,"playtime":834,"items_purged":["Injury"],"score":460,"play_id":"4f6c9530-8618-400c-aed2-8f42147d3e8e","local_time":"20240716101952","is_ascension_mode":true,"campfire_choices":[{"data":"Carnage","floor":10,"key":"SMITH"},{"data":"True Grit","floor":13,"key":"SMITH"},{"data":"Pommel Strike","floor":15,"key":"SMITH"}],"neow_cost":"NONE","seed_source_timestamp":354838732549200,"circlet_count":0,"master_deck":["AscendersBane","Strike_R","Strike_R","Strike_R","Strike_R","Strike_R","Defend_R","Defend_R","Defend_R","Defend_R","Bash+1","Pommel Strike+1","Carnage+1","Dropkick","Metallicize","True Grit+1","Flex","Metallicize","Brutality","Juggernaut","CurseOfTheBell","True Grit","Juggernaut","Rupture","Rage"],"relics":["Burning Blood","NeowsBlessing","Golden Idol","Toy Ornithopter","Smiling Mask","Blood Vial","Bronze Scales","Odd Mushroom","Calling Bell","Dream Catcher","Mercury Hourglass","CaptainsWheel","HornCleat"],"potions_floor_usage":[8,21,23],"damage_taken":[{"damage":0,"enemies":"Cultist","floor":1,"turns":1},{"damage":0,"enemies":"Jaw Worm","floor":4,"turns":1},{"damage":0,"enemies":"Lagavulin","floor":6,"turns":1},{"damage":12,"enemies":"Small Slimes","floor":7,"turns":4},{"damage":37,"enemies":"3 Sentries","floor":8,"turns":12},{"damage":29,"enemies":"Lagavulin","floor":12,"turns":6},{"damage":19,"enemies":"The Mushroom Lair","floor":14,"turns":4},{"damage":25,"enemies":"The Guardian","floor":16,"turns":9},{"damage":7,"enemies":"Chosen","floor":18,"turns":5},{"damage":12,"enemies":"Shell Parasite","floor":21,"turns":5},{"damage":88,"enemies":"Gremlin Leader","floor":23,"turns":7}],"seed_played":"-1299600904941944123","potions_obtained":[{"floor":7,"key":"SteroidPotion"},{"floor":12,"key":"Regen Potion"},{"floor":14,"key":"Block Potion"}],"is_trial":false,"path_per_floor":["M","?","?","M","$","E","M","E","T","R","?","E","R","?","R","B",null,"M","$","?","M","$","E"],"character_chosen":"IRONCLAD","items_purchased":["Dropkick","HornCleat","Rage"],"campfire_rested":0,"item_purchase_floors":[5,19,22],"current_hp_per_floor":[74,74,74,75,75,75,69,43,43,43,68,47,47,36,36,19,61,62,62,62,63,63,0],"gold":1,"neow_bonus":"THREE_ENEMY_KILL","is_prod":false,"is_daily":false,"chose_seed":false,"campfire_upgraded":3,"win_rate":0,"timestamp":1721117992,"path_taken":["M","?","?","M","$","E","?","E","T","R","?","E","R","?","R","BOSS","M","$","?","?","?","E"],"build_version":"2022-12-18","purchased_purges":1,"victory":false,"max_hp_per_floor":[75,75,75,75,75,75,75,75,75,75,75,75,75,75,75,75,75,75,75,75,75,75,75],"card_choices":[{"not_picked":["Wild Strike","Anger"],"picked":"Pommel Strike","floor":1},{"not_picked":["Twin Strike","Flame Barrier"],"picked":"Carnage","floor":4},{"not_picked":["Warcry","Sword Boomerang"],"picked":"Metallicize","floor":6},{"not_picked":["Flame Barrier","Anger"],"picked":"True Grit","floor":7},{"not_picked":["Clash","Sword Boomerang"],"picked":"Flex","floor":8},{"not_picked":["Havoc","Evolve"],"picked":"Metallicize","floor":12},{"not_picked":["Wild Strike","Cleave"],"picked":"Brutality","floor":14},{"not_picked":["Fiend Fire","Corruption"],"picked":"Juggernaut","floor":16},{"not_picked":["Wild Strike","Thunderclap"],"picked":"True Grit","floor":18},{"not_picked":["Blood for Blood","Warcry"],"picked":"Rupture","floor":21}],"player_experience":2570705,"relics_obtained":[{"floor":6,"key":"Toy Ornithopter"},{"floor":8,"key":"Smiling Mask"},{"floor":9,"key":"Blood Vial"},{"floor":12,"key":"Bronze Scales"},{"floor":14,"key":"Odd Mushroom"},{"floor":17,"key":"Dream Catcher"},{"floor":17,"key":"Mercury Hourglass"},{"floor":17,"key":"CaptainsWheel"}],"event_choices":[{"damage_healed":0,"gold_gain":0,"player_choice":"Take Wound","damage_taken":0,"relics_obtained":["Golden Idol"],"max_hp_gain":0,"max_hp_loss":0,"event_name":"Golden Idol","floor":2,"gold_loss":0,"cards_obtained":["Injury"]},{"damage_healed":0,"gold_gain":0,"player_choice":"Upgraded","damage_taken":0,"max_hp_gain":0,"max_hp_loss":0,"event_name":"Upgrade Shrine","floor":3,"gold_loss":0,"cards_upgraded":["Bash"]},{"damage_healed":25,"gold_gain":0,"player_choice":"Banana","damage_taken":0,"max_hp_gain":0,"max_hp_loss":0,"event_name":"Big Fish","floor":11,"gold_loss":0},{"damage_healed":0,"gold_gain":0,"player_choice":"Fought Mushrooms","damage_taken":0,"max_hp_gain":0,"max_hp_loss":0,"event_name":"Mushrooms","floor":14,"gold_loss":0},{"damage_healed":0,"gold_gain":0,"player_choice":"Copied","damage_taken":0,"max_hp_gain":0,"max_hp_loss":0,"event_name":"Duplicator","floor":20,"gold_loss":0,"cards_obtained":["Juggernaut"]}],"is_beta":false,"boss_relics":[{"not_picked":["Velvet Choker","Astrolabe"],"picked":"Calling Bell"}],"items_purged_floors":[5],"is_endless":false,"potions_floor_spawned":[7,12,14,16],"killed_by":"Gremlin Leader","ascension_level":20}