{"gold_per_floor":[118,138,138,54,68,68,100,100,100,126,138,150],"floor_reached":12,"playtime":403,"items_purged":[],"score":172,"play_id":"89d828ee-175a-4620-8e58-a36f20d0abcd","local_time":"20240716100548","is_ascension_mode":true,"campfire_choices":[{"data":"Searing Blow","floor":6,"key":"SMITH"},{"data":"Searing Blow+1","floor":8,"key":"SMITH"},{"data":"Searing Blow+2","floor":11,"key":"SMITH"}],"neow_cost":"TEN_PERCENT_HP_LOSS","seed_source_timestamp":354425970105300,"circlet_count":0,"master_deck":["AscendersBane","Strike_R","Strike_R","Strike_R","Strike_R","Defend_R","Defend_R","Defend_R","Defend_R","Bash","Pommel Strike","Wild Strike","Power Through","Searing Blow+3","Inflame","Burning Pact","Thunderclap"],"relics":["Burning Blood","Magic Flower","Shuriken","Matryoshka","MawBank"],"potions_floor_usage":[7,10],"damage_taken":[{"damage":5,"enemies":"2 Louse","floor":1,"turns":3},{"damage":4,"enemies":"Jaw Worm","floor":2,"turns":5},{"damage":0,"enemies":"Cultist","floor":5,"turns":4},{"damage":8,"enemies":"Gremlin Nob","floor":7,"turns":3},{"damage":25,"enemies":"Lagavulin","floor":10,"turns":6},{"damage":56,"enemies":"Gremlin Nob","floor":12,"turns":4}],"seed_played":"-6732957290468251391","potions_obtained":[{"floor":1,"key":"ColorlessPotion"},{"floor":5,"key":"Fire Potion"},{"floor":10,"key":"LiquidBronze"}],"is_trial":false,"path_per_floor":["M","M","?","$","M","R","E","R","T","E","R","E"],"character_chosen":"IRONCLAD","items_purchased":["Searing Blow"],"campfire_rested":0,"item_purchase_floors":[4],"current_hp_per_floor":[68,68,68,68,68,68,68,68,68,52,52,0],"gold":150,"neow_bonus":"ONE_RARE_RELIC","is_prod":false,"is_daily":false,"chose_seed":false,"campfire_upgraded":3,"win_rate":0,"timestamp":1721117148,"path_taken":["M","M","?","$","M","R","E","R","T","E","R","E"],"build_version":"2022-12-18","purchased_purges":0,"victory":false,"max_hp_per_floor":[68,68,68,68,68,68,68,68,68,68,68,68],"card_choices":[{"not_picked":["Entrench","Clothesline"],"picked":"Pommel Strike","floor":1},{"not_picked":["Body Slam","Perfected Strike"],"picked":"Wild Strike","floor":2},{"not_picked":["Metallicize","Sword Boomerang"],"picked":"Inflame","floor":5},{"not_picked":["Feel No Pain","Twin Strike"],"picked":"Burning Pact","floor":7},{"not_picked":["Havoc","Uppercut"],"picked":"Thunderclap","floor":10}],"player_experience":2570302,"relics_obtained":[{"floor":7,"key":"Shuriken"},{"floor":9,"key":"Matryoshka"},{"floor":10,"key":"MawBank"}],"event_choices":[{"damage_healed":0,"gold_gain":0,"cards_transformed":["Strike_R"],"player_choice":"Change","damage_taken":0,"max_hp_gain":0,"max_hp_loss":0,"event_name":"Living Wall","floor":3,"gold_loss":0,"cards_obtained":["Power Through"]}],"is_beta":false,"boss_relics":[],"items_purged_floors":[],"is_endless":false,"potions_floor_spawned":[1,5,10],"killed_by":"Gremlin Nob","ascension_level":20}