{"gold_per_floor":[99,111,127,142,162,187,240,252,297,309,109,209,42,60,80,184,184,184,197,167,267,285,285,310,340,340,440,440,455,455,472,489,585,585,585,600,650,650],"floor_reached":38,"playtime":3125,"items_purged":[],"score":410,"play_id":"c732900e-43b8-4952-9a9b-501abffe0541","local_time":"20210605223113","is_ascension_mode":false,"campfire_choices":[{"floor":1,"key":"RECALL"},{"floor":11,"key":"REST"},{"floor":18,"key":"REST"},{"floor":23,"key":"REST"},{"floor":26,"key":"REST"},{"floor":30,"key":"REST"},{"floor":35,"key":"REST"}],"neow_cost":"NONE","seed_source_timestamp":405603715798900,"circlet_count":0,"master_deck":["Gremlin:Strike","Gremlin:Strike","Gremlin:Strike+1","Gremlin:Strike","Gremlin:Defend","Gremlin:Defend","Gremlin:Defend","Gremlin:Defend","Gremlin:TagTeam","Gremlin:GremlinDance","Gremlin:GlitterGuard","Gremlin:IrksomeBlow+1","Gremlin:Tricksy","Gremlin:SharpenBlades","Gremlin:Pretaliation","Gremlin:MakeshiftArmor","Gremlin:PourSalt","Gremlin:Irritability","Gremlin:AggressiveDefense","Gremlin:SecondVolley","Dramatic Entrance","Gremlin:Astound","Gremlin:Whiz+1","Gremlin:DaggerDance","Gremlin:BulkUp","Gremlin:ToeStub+1","Gremlin:ShadowShiv","Gremlin:PourSalt+1","Gremlin:Kablamo+1"],"relics":["Gremlin:GremlinKnob","Meat on the Bone","Whetstone","downfall:HeartBlessingRed","downfall:HeartBlessingBlue","Omamori","Black Star","Potion Belt","Bag of Preparation","StrikeDummy","Pear","Pocketwatch","Matryoshka","Fusion Hammer","Shovel"],"potions_floor_usage":[6,9,16,21,21,22,22,25,28,32,37,37],"damage_taken":[{"damage":0,"enemies":"Cultist","floor":2,"turns":4},{"damage":1,"enemies":"2 Louse","floor":3,"turns":3},{"damage":0,"enemies":"Jaw Worm","floor":4,"turns":4},{"damage":0,"enemies":"Large Slime","floor":5,"turns":4},{"damage":15,"enemies":"3 Sentries","floor":6,"turns":9},{"damage":10,"enemies":"Exordium Thugs","floor":8,"turns":4},{"damage":18,"enemies":"Gremlin Nob","floor":9,"turns":5},{"damage":16,"enemies":"Exordium Wildlife","floor":10,"turns":4},{"damage":0,"enemies":"downfall:FleeingMerchant","floor":13,"turns":4},{"damage":0,"enemies":"3 Louse","floor":14,"turns":3},{"damage":1,"enemies":"Exordium Thugs","floor":15,"turns":2},{"damage":65,"enemies":"WA_ARCHETYPE_RETAIN","floor":16,"turns":10},{"damage":5,"enemies":"3 Byrds","floor":19,"turns":3},{"damage":39,"enemies":"downfall:LadyInBlue","floor":21,"turns":11},{"damage":16,"enemies":"downfall:LooterAlt2","floor":22,"turns":4},{"damage":24,"enemies":"Slavers","floor":25,"turns":4},{"damage":60,"enemies":"Colosseum Nobs","floor":27,"turns":5},{"damage":0,"enemies":"Snake Plant","floor":28,"turns":2},{"damage":2,"enemies":"Snecko","floor":29,"turns":6},{"damage":11,"enemies":"Cultist and Chosen","floor":31,"turns":6},{"damage":4,"enemies":"Snake Plant","floor":32,"turns":4},{"damage":46,"enemies":"IC_MUSHROOM_ARCHETYPE","floor":33,"turns":6},{"damage":8,"enemies":"Orb Walker","floor":36,"turns":3},{"damage":53,"enemies":"Gremlin Mirror","floor":37,"turns":10},{"damage":12,"enemies":"downfall:FleeingMerchant","floor":38,"turns":2}],"seed_played":"-5272490261456878182","potions_obtained":[{"floor":3,"key":"BlessingOfTheForge"},{"floor":6,"key":"LiquidBronze"},{"floor":8,"key":"AttackPotion"},{"floor":14,"key":"GamblersBrew"},{"floor":16,"key":"Swift Potion"},{"floor":19,"key":"gremlin:WizPotion"},{"floor":21,"key":"SmokeBomb"},{"floor":21,"key":"DuplicationPotion"},{"floor":21,"key":"gremlin:SwapPotion"},{"floor":27,"key":"Guardian:BlockOnCardUsePotion"},{"floor":31,"key":"GamblersBrew"},{"floor":36,"key":"ColorlessPotion"}],"is_trial":false,"path_per_floor":["R","M","M","M","M","E","T","M","E","M","R","?","$","M","M","B",null,"R","M","?","?","M","R","T","E","R","?","M","M","R","M","M","B",null,"R","M","?","$"],"character_chosen":"GREMLIN","items_purchased":["Omamori"],"campfire_rested":6,"item_purchase_floors":[13],"current_hp_per_floor":[17,17,16,17,17,12,12,17,17,9,16,16,19,16,18,19,19,19,16,16,16,16,19,19,21,21,14,21,12,18,14,21,17,21,21,16,12,0],"gold":650,"neow_bonus":"TEN_PERCENT_HP_BONUS","is_prod":false,"is_daily":false,"chose_seed":false,"campfire_upgraded":0,"win_rate":0.0,"timestamp":1622946673,"path_taken":["R","?","M","?","M","E","T","M","E","M","R","?","$","M","M","BOSS","R","M","?","?","?","R","T","E","R","?","M","M","R","M","M","BOSS","R","M","?","?"],"build_version":"2020-12-22","purchased_purges":0,"victory":false,"max_hp_per_floor":[17,17,17,17,17,17,17,17,17,17,19,19,19,19,19,19,19,19,19,19,19,19,19,19,21,21,21,21,21,21,21,21,21,21,21,21,21,21],"card_choices":[{"not_picked":["Gremlin:EdibleArmor","Gremlin:BubbleBarrier"],"picked":"Gremlin:GlitterGuard","floor":2},{"not_picked":["Gremlin:Tricksy","Gremlin:Presto"],"picked":"Gremlin:IrksomeBlow","floor":3},{"not_picked":["Gremlin:GlitterGuard","Gremlin:Patsy"],"picked":"Gremlin:Tricksy","floor":4},{"not_picked":["Gremlin:BubbleBarrier","Gremlin:Glimmer"],"picked":"Gremlin:SharpenBlades","floor":5},{"not_picked":["Gremlin:BrokenShin","Gremlin:RageBreak"],"picked":"Gremlin:Pretaliation","floor":6},{"not_picked":["Gremlin:IrksomeBlow","Gremlin:SleeveOfAces"],"picked":"Gremlin:MakeshiftArmor","floor":8},{"not_picked":["Gremlin:Tricksy","Gremlin:AggressiveDefense"],"picked":"Gremlin:PourSalt","floor":9},{"not_picked":["Gremlin:PourSalt","Gremlin:Pickpocket"],"picked":"Gremlin:Irritability","floor":10},{"not_picked":["Gremlin:GremlinArms","Gremlin:GlitterGuard"],"picked":"Gremlin:AggressiveDefense","floor":13},{"not_picked":["Gremlin:Dazzle","Gremlin:Patsy","Gremlin:PourSalt"],"picked":"SKIP","floor":14},{"not_picked":["Gremlin:Stupend","Gremlin:Kablamo","Gremlin:Patsy"],"picked":"SKIP","floor":15},{"not_picked":["Gremlin:Fury","Gremlin:TargetWeakness"],"picked":"Gremlin:SecondVolley","floor":16},{"not_picked":["Gremlin:AggressiveDefense","Gremlin:GremlinMeal+1","Gremlin:Presto"],"picked":"SKIP","floor":19},{"not_picked":[],"picked":"Dramatic Entrance","floor":20},{"not_picked":["Gremlin:InfiniteBlocks","Gremlin:Glimmer"],"picked":"Gremlin:Astound","floor":21},{"not_picked":["Gremlin:Presto","Gremlin:Patsy"],"picked":"Gremlin:Whiz+1","floor":22},{"not_picked":["Gremlin:Whiz","Gremlin:GremlinOffensive+1"],"picked":"Gremlin:DaggerDance","floor":25},{"not_picked":["Gremlin:Heckle","Gremlin:Scatter"],"picked":"Gremlin:BulkUp","floor":27},{"not_picked":["Gremlin:AggressiveDefense+1","Gremlin:Stupend","Gremlin:IrksomeBlow"],"picked":"SKIP","floor":29},{"not_picked":["Gremlin:GlitterGuard","Gremlin:GremlinOffensive","Gremlin:Tricksy"],"picked":"SKIP","floor":31},{"not_picked":["Gremlin:GremlinMeal","Gremlin:Changeo"],"picked":"Gremlin:ToeStub+1","floor":32},{"not_picked":["Gremlin:SecondVolley","Gremlin:Erupt"],"picked":"Gremlin:ShadowShiv","floor":33},{"not_picked":["Gremlin:DaggerDance","Gremlin:Jeer"],"picked":"Gremlin:PourSalt+1","floor":36},{"not_picked":["Gremlin:ProperTools","Gremlin:MakeshiftArmor"],"picked":"Gremlin:Kablamo+1","floor":37}],"player_experience":1481773,"relics_obtained":[{"floor":6,"key":"Meat on the Bone"},{"floor":9,"key":"Whetstone"},{"floor":21,"key":"Potion Belt"},{"floor":24,"key":"Bag of Preparation"},{"floor":25,"key":"StrikeDummy"},{"floor":25,"key":"Pear"},{"floor":27,"key":"Pocketwatch"},{"floor":27,"key":"Matryoshka"},{"floor":37,"key":"Shovel"}],"event_choices":[],"is_beta":false,"boss_relics":[{"not_picked":["downfall:Hecktoplasm","Philosopher\u0027s Stone"],"picked":"Black Star"},{"not_picked":["Snecko Eye","Astrolabe"],"picked":"Fusion Hammer"}],"items_purged_floors":[],"is_endless":false,"potions_floor_spawned":[3,6,8,14,16,19,27,28,31,36],"killed_by":"downfall:FleeingMerchant","ascension_level":0}