{"gold_per_floor":[99,99,99,99,112,139,164,164,50,50,62,78,63,97,116,221,221,221,421,434,444,110,138,165,77,100,17,52,70,40,74,93,192,192,92,6,24,24,42,70,96,96,110,124,155,155,169,169,186,186],"floor_reached":51,"playtime":3019,"items_purged":["downfall:Malfunctioning"],"score":875,"play_id":"85e286e1-a65b-47f5-96c3-37ef3443c44d","local_time":"20210605213751","is_ascension_mode":false,"campfire_choices":[{"data":"bronze:Replicate","floor":1,"key":"SMITH"},{"data":"bronze:RecursiveStrike","floor":10,"key":"SMITH"},{"floor":18,"key":"RECALL"},{"floor":25,"key":"REST"},{"floor":35,"key":"REST"},{"floor":42,"key":"REST"},{"data":"bronze:Optimize","floor":46,"key":"SMITH"}],"neow_cost":"NONE","seed_source_timestamp":402507676849300,"circlet_count":0,"master_deck":["bronze:Strike","bronze:Strike+1","bronze:Strike+1","bronze:Defend","bronze:Defend+1","bronze:Defend","bronze:Defend+1","bronze:Replicate+1","bronze:Goto+1","bronze:DelayedSlice","bronze:Assembly","bronze:DelayedSlice","bronze:RecursiveStrike+1","bronze:WhirlingStrike","bronze:FollowUp","bronze:GetLatest","bronze:SpaghettiCode","bronze:Branch","bronze:Virus","CurseOfTheBell","downfall:Haunted","bronze:CloningBeam","bronze:BronzeOrb","bronze:BronzeOrb","Flash of Steel","bronze:Optimize","bronze:Optimize+1","bronze:DarkDash","bronze:ForceShield+1","Doubt"],"relics":["bronze:BronzeCore","Blue Candle","The Courier","Whetstone","Du-Vu Doll","Calling Bell","Art of War","Ornamental Fan","CaptainsWheel","Sundial","TheAbacus","Darkstone Periapt","MawBank","downfall:HeartBlessingRed","bronze:CableSpool","Nunchaku","ClockworkSouvenir","Akabeko","Regal Pillow","SlaversCollar","downfall:HeartBlessingGreen","HornCleat","Strawberry","Ancient Tea Set"],"potions_floor_usage":[14,16,33,40,50],"damage_taken":[{"damage":3,"enemies":"2 Louse","floor":5,"turns":3},{"damage":31,"enemies":"Gremlin Nob","floor":6,"turns":5},{"damage":1,"enemies":"downfall:FleeingMerchant","floor":9,"turns":4},{"damage":0,"enemies":"Small Slimes","floor":11,"turns":1},{"damage":3,"enemies":"Jaw Worm","floor":12,"turns":2},{"damage":7,"enemies":"downfall:FleeingMerchant","floor":13,"turns":4},{"damage":18,"enemies":"Lagavulin","floor":14,"turns":4},{"damage":7,"enemies":"Blue Slaver","floor":15,"turns":2},{"damage":1,"enemies":"SI_SHIV_ARCHETYPE","floor":16,"turns":7},{"damage":3,"enemies":"3 Byrds","floor":20,"turns":4},{"damage":0,"enemies":"Spheric Guardian","floor":21,"turns":2},{"damage":12,"enemies":"downfall:FleeingMerchant","floor":22,"turns":4},{"damage":30,"enemies":"Slavers","floor":23,"turns":4},{"damage":11,"enemies":"Snake Plant","floor":26,"turns":3},{"damage":5,"enemies":"downfall:FleeingMerchant","floor":27,"turns":3},{"damage":1,"enemies":"Gremlin Leader","floor":28,"turns":3},{"damage":0,"enemies":"Cultist and Chosen","floor":29,"turns":2},{"damage":0,"enemies":"Slavers","floor":31,"turns":4},{"damage":1,"enemies":"3 Cultists","floor":32,"turns":2},{"damage":3,"enemies":"IC_MUSHROOM_ARCHETYPE","floor":33,"turns":4},{"damage":0,"enemies":"3 Darklings","floor":37,"turns":2},{"damage":0,"enemies":"3 Shapes","floor":39,"turns":2},{"damage":54,"enemies":"Nemesis","floor":40,"turns":8},{"damage":0,"enemies":"Spire Growth","floor":43,"turns":3},{"damage":6,"enemies":"Writhing Mass","floor":44,"turns":3},{"damage":0,"enemies":"Reptomancer","floor":45,"turns":3},{"damage":0,"enemies":"Sphere and 2 Shapes","floor":47,"turns":1},{"damage":4,"enemies":"4 Shapes","floor":49,"turns":1},{"damage":71,"enemies":"WA_ARCHETYPE_DIVINITY","floor":50,"turns":7}],"seed_played":"8049700004928182883","potions_obtained":[{"floor":11,"key":"champ:CounterPotion"},{"floor":12,"key":"Guardian:BlockOnCardUsePotion"},{"floor":16,"key":"Weak Potion"},{"floor":21,"key":"Strength Potion"},{"floor":26,"key":"Energy Potion"},{"floor":28,"key":"Guardian:BlockOnCardUsePotion"},{"floor":43,"key":"Ancient Potion"},{"floor":44,"key":"Energy Potion"}],"is_trial":false,"path_per_floor":["R","?","?","?","M","E","T","?","$","R","M","M","$","E","M","B",null,"R","?","M","M","$","E","T","R","M","$","E","M","?","E","M","B",null,"R","$","M","?","M","E","T","R","M","M","E","R","M","?","M","B",null],"character_chosen":"THE_AUTOMATON","items_purchased":["bronze:WhirlingStrike","Sundial","TheAbacus","bronze:CableSpool","Nunchaku","ClockworkSouvenir","bronze:Optimize","bronze:Optimize"],"campfire_rested":3,"item_purchase_floors":[9,22,22,27,27,27,36,36],"current_hp_per_floor":[77,77,77,72,69,38,38,38,37,37,37,34,27,9,2,1,77,77,77,74,74,62,32,32,55,44,39,38,38,38,38,37,34,77,77,77,77,77,77,23,30,70,70,64,64,64,64,90,86,15],"gold":186,"neow_bonus":"TEN_PERCENT_HP_BONUS","is_prod":false,"is_daily":false,"chose_seed":false,"campfire_upgraded":3,"win_rate":0.0,"timestamp":1622943471,"path_taken":["R","?","?","?","?","E","T","?","?","R","M","M","$","E","M","BOSS","R","?","M","M","$","E","T","R","M","$","E","M","?","E","M","BOSS","R","$","M","?","M","E","T","R","M","M","E","R","M","?","M","BOSS"],"build_version":"2020-12-22","purchased_purges":1,"victory":true,"max_hp_per_floor":[77,77,77,77,77,77,77,77,77,77,77,77,77,77,77,77,77,77,77,77,77,77,77,77,77,77,77,77,77,77,77,77,77,77,77,77,77,77,77,77,84,84,84,84,84,84,84,90,90,90],"card_choices":[{"not_picked":["bronze:MaxOutput","bronze:Turbo"],"picked":"bronze:DelayedSlice","floor":5},{"not_picked":["bronze:Safeguard","bronze:ForceShield"],"picked":"bronze:Assembly","floor":6},{"not_picked":["bronze:ForLoop","bronze:Philosophize"],"picked":"bronze:RecursiveStrike","floor":9},{"not_picked":["bronze:DelayedGuard","bronze:Shield"],"picked":"bronze:FollowUp","floor":11},{"not_picked":["bronze:Repair","bronze:Boost"],"picked":"bronze:GetLatest","floor":12},{"not_picked":["bronze:Turbo","bronze:DelayedSlice"],"picked":"bronze:SpaghettiCode","floor":13},{"not_picked":["bronze:Safeguard","bronze:DelayedSlice"],"picked":"bronze:Branch","floor":14},{"not_picked":["bronze:BuggyMess","bronze:Invalidate","bronze:DelayedSlice"],"picked":"SKIP","floor":15},{"not_picked":["bronze:Verify","bronze:CleanCode"],"picked":"bronze:Virus","floor":16},{"not_picked":["bronze:Philosophize","bronze:FollowUp","bronze:BitShift"],"picked":"SKIP","floor":20},{"not_picked":["bronze:ForLoop","bronze:DelayedSlice","bronze:CutThrough"],"picked":"SKIP","floor":21},{"not_picked":["bronze:CutThrough","bronze:BitShift"],"picked":"bronze:CloningBeam","floor":22},{"not_picked":["bronze:Repair","bronze:Turbo","bronze:FineTuning"],"picked":"SKIP","floor":23},{"not_picked":["bronze:CutThrough","bronze:Flail"],"picked":"bronze:BronzeOrb","floor":26},{"not_picked":["bronze:DelayedGuard","bronze:Branch+1","bronze:ForLoop"],"picked":"SKIP","floor":27},{"not_picked":["bronze:Allocate","bronze:WhirlingStrike","bronze:Deprecate+1"],"picked":"SKIP","floor":28},{"not_picked":["bronze:WhirlingStrike+1","bronze:OilSpill"],"picked":"bronze:BronzeOrb","floor":29},{"not_picked":[],"picked":"Flash of Steel","floor":30},{"not_picked":["bronze:Overload","bronze:ForLoop","bronze:ItsAFeature"],"picked":"SKIP","floor":31},{"not_picked":["bronze:Overload","bronze:ForLoop","bronze:ItsAFeature"],"picked":"SKIP","floor":31},{"not_picked":["bronze:OilSpill","bronze:Fortify","bronze:DarkDash"],"picked":"SKIP","floor":32},{"not_picked":["bronze:BuggyMess","bronze:ClassDefault+1","bronze:Iterate"],"picked":"SKIP","floor":37},{"not_picked":["bronze:Frontload","bronze:Safeguard"],"picked":"bronze:ForceShield+1","floor":39},{"not_picked":["bronze:CutThrough","bronze:Turbo+1","bronze:HardenedForm"],"picked":"SKIP","floor":40},{"not_picked":["bronze:Invalidate+1","bronze:DigitalCarnage+1","bronze:BuggyMess"],"picked":"SKIP","floor":43},{"not_picked":["bronze:BuggyMess","bronze:Shield","bronze:OilSpill+1"],"picked":"SKIP","floor":44},{"not_picked":["bronze:Iterate+1","bronze:CutThrough+1","bronze:Turbo"],"picked":"SKIP","floor":45},{"not_picked":["bronze:Deprecate","bronze:BurnOut","bronze:Philosophize"],"picked":"SKIP","floor":47},{"not_picked":["bronze:WildBeam","bronze:Frontload","bronze:Invalidate+1"],"picked":"SKIP","floor":49}],"player_experience":1478754,"relics_obtained":[{"floor":4,"key":"Blue Candle"},{"floor":6,"key":"The Courier"},{"floor":7,"key":"Whetstone"},{"floor":14,"key":"Du-Vu Doll"},{"floor":17,"key":"Art of War"},{"floor":17,"key":"Ornamental Fan"},{"floor":17,"key":"CaptainsWheel"},{"floor":23,"key":"Darkstone Periapt"},{"floor":24,"key":"MawBank"},{"floor":28,"key":"Akabeko"},{"floor":31,"key":"Regal Pillow"},{"floor":40,"key":"HornCleat"},{"floor":41,"key":"Strawberry"},{"floor":45,"key":"Ancient Tea Set"}],"event_choices":[],"is_beta":false,"boss_relics":[{"not_picked":["Cursed Key","Runic Pyramid"],"picked":"Calling Bell"},{"not_picked":["Busted Crown","Black Star"],"picked":"SlaversCollar"}],"items_purged_floors":[9],"is_endless":false,"potions_floor_spawned":[11,12,16,21,26,28,29,43,44,47],"ascension_level":0}