{"gold_per_floor":[99,99,99,99,20,20,20,49,34,34,62,62,73,73,86,183,183,183,142,142,154,168,194,194,228,328,357,369,385,419,436,452,556,556,256,256,40,40,55,87,138,173,173,189,189,189,220,237,250,250,250,278,27,27,27,27],"floor_reached":57,"playtime":3412,"items_purged":[],"score":1694,"play_id":"fb27f754-82cc-4ecc-9ff7-997c9c395f71","local_time":"20210607092231","is_ascension_mode":true,"campfire_choices":[{"floor":1.0,"key":"RECALL"},{"data":"bronze:Boost","floor":6.0,"key":"SMITH"},{"data":"bronze:CloningBeam","floor":12.0,"key":"SMITH"},{"data":"bronze:Library","floor":18.0,"key":"SMITH"},{"data":"bronze:TinkerersToolbox","floor":35.0,"key":"SMITH"},{"data":"bronze:Verify","floor":43.0,"key":"SMITH"},{"data":"bronze:Frontload","floor":45.0,"key":"SMITH"},{"data":"bronze:Assembly","floor":54.0,"key":"SMITH"}],"neow_cost":"NONE","seed_source_timestamp":0,"circlet_count":0,"master_deck":["bronze:Strike","bronze:Strike","bronze:Strike","bronze:Strike+1","bronze:Defend+1","bronze:Defend","bronze:Defend+1","bronze:Defend","bronze:Replicate","bronze:Goto","bronze:WhirlingStrike","bronze:CutThrough","bronze:Boost+1","bronze:ChosenStrike+1","bronze:CloningBeam+1","bronze:Frontload+1","bronze:Iterate+1","bronze:Return+1","bronze:Library+1","bronze:TinkerersToolbox+1","bronze:Terminator+1","bronze:Branch","bronze:FollowUp+1","bronze:DelayedSlice","bronze:BuggyMess+1","bronze:Assembly+1","bronze:Verify+1","bronze:ChosenStrike+1","bronze:Overheat+1","bronze:Mutator","bronze:FineTuning+1"],"special_seed":0,"relics":["bronze:PlatinumCore","downfall:HeartsMalice","Matryoshka","Meat on the Bone","Art of War","bronze:ProtectiveGoggles","Pantograph","downfall:ShatteredFragment","Black Star","Dream Catcher","bronze:Mallet","Pen Nib","TungstenRod","Sundial","Oddly Smooth Stone","Happy Flower","Gremlin Horn","PreservedInsect","downfall:HeartBlessingRed","downfall:HeartBlessingGreen","downfall:HeartBlessingBlue","Mummified Hand","ClockworkSouvenir","Nunchaku","Akabeko","Potion Belt","Regal Pillow","Ancient Tea Set","Pear","MealTicket","Mercury Hourglass","Strawberry","Bag of Preparation","Shuriken"],"potions_floor_usage":[56,56,56],"damage_taken":[{"damage":0.0,"enemies":"2 Louse","floor":3.0,"turns":1.0},{"damage":0.0,"enemies":"downfall:FleeingMerchant","floor":5.0,"turns":1.0},{"damage":0.0,"enemies":"3 Sentries","floor":8.0,"turns":1.0},{"damage":2.0,"enemies":"downfall:FleeingMerchant","floor":9.0,"turns":4.0},{"damage":8.0,"enemies":"Lagavulin","floor":11.0,"turns":7.0},{"damage":0.0,"enemies":"Small Slimes","floor":13.0,"turns":3.0},{"damage":0.0,"enemies":"Jaw Worm","floor":15.0,"turns":2.0},{"damage":30.0,"enemies":"DF_ARCHETYPE_STREAMLINE","floor":16.0,"turns":8.0},{"damage":7.0,"enemies":"downfall:FleeingMerchant","floor":19.0,"turns":4.0},{"damage":12.0,"enemies":"Shell Parasite","floor":21.0,"turns":2.0},{"damage":2.0,"enemies":"downfall:LooterAlt2","floor":22.0,"turns":4.0},{"damage":0.0,"enemies":"Gremlin Leader","floor":23.0,"turns":6.0},{"damage":20.0,"enemies":"Book of Stabbing","floor":25.0,"turns":5.0},{"damage":0.0,"enemies":"Gremlin Leader","floor":27.0,"turns":4.0},{"damage":4.0,"enemies":"Centurion and Healer","floor":28.0,"turns":3.0},{"damage":7.0,"enemies":"Snake Plant","floor":29.0,"turns":3.0},{"damage":8.0,"enemies":"Slavers","floor":30.0,"turns":2.0},{"damage":0.0,"enemies":"3 Cultists","floor":31.0,"turns":2.0},{"damage":0.0,"enemies":"Sentry and Sphere","floor":32.0,"turns":3.0},{"damage":34.0,"enemies":"IC_MUSHROOM_ARCHETYPE","floor":33.0,"turns":6.0},{"damage":7.0,"enemies":"downfall:FleeingMerchant","floor":37.0,"turns":4.0},{"damage":0.0,"enemies":"3 Darklings","floor":39.0,"turns":3.0},{"damage":2.0,"enemies":"Reptomancer","floor":40.0,"turns":3.0},{"damage":0.0,"enemies":"Nemesis","floor":42.0,"turns":3.0},{"damage":0.0,"enemies":"3 Shapes","floor":44.0,"turns":1.0},{"damage":8.0,"enemies":"Giant Head","floor":47.0,"turns":4.0},{"damage":0.0,"enemies":"Maw","floor":48.0,"turns":2.0},{"damage":0.0,"enemies":"Transient","floor":49.0,"turns":5.0},{"damage":16.0,"enemies":"WA_ARCHETYPE_DIVINITY","floor":50.0,"turns":6.0},{"damage":31.0,"enemies":"downfall:CharBossMerchant","floor":52.0,"turns":5.0},{"damage":23.0,"enemies":"downfall:NeowBoss","floor":55.0,"turns":9.0},{"damage":7,"enemies":"downfall:NeowBossFinal","floor":56,"turns":6}],"seed_played":"4042569417710849470","potions_obtained":[{"floor":11.0,"key":"LiquidBronze"},{"floor":13.0,"key":"bronze:BuildAFunctionPotion"},{"floor":15.0,"key":"GamblersBrew"},{"floor":21.0,"key":"SkillPotion"},{"floor":25.0,"key":"FearPotion"},{"floor":28.0,"key":"Fire Potion"},{"floor":30.0,"key":"DistilledChaos"},{"floor":39.0,"key":"SteroidPotion"},{"floor":47.0,"key":"Weak Potion"}],"is_trial":false,"path_per_floor":["R","?","M","?","$","R","T","E","$","T","E","R","M","?","M","B",null,"R","$","?","M","M","E","T","E","?","E","M","M","E","M","M","B",null,"R","?","$","?","M","E","T","E","R","M","R","?","E","M","M","B",null,"E","$","R","B","B",null],"character_chosen":"THE_AUTOMATON","items_purchased":["bronze:ChosenStrike","bronze:Branch","Mummified Hand","ClockworkSouvenir","Nunchaku","Shuriken"],"campfire_rested":0,"item_purchase_floors":[5,19,37,37,37,53],"current_hp_per_floor":[70,70,70,70,70,70,70,70,68,68,60,60,60,39,39,46,70,70,63,63,51,49,49,49,41,41,41,37,42,46,46,46,36,70,80,80,73,73,73,71,71,81,81,81,81,81,73,73,73,74,90,66,81,81,74,90],"gold":27,"neow_bonus":"THREE_ENEMY_KILL","is_prod":false,"is_daily":false,"chose_seed":false,"campfire_upgraded":7,"win_rate":0,"timestamp":1623072151,"path_taken":["R","?","M","?","?","R","T","E","$","?","E","R","M","?","M","BOSS","R","$","?","?","M","E","T","E","?","E","M","M","E","M","M","BOSS","R","?","$","?","M","E","T","E","R","?","R","?","E","M","M","BOSS","E","$","R","BOSS","BOSS"],"build_version":"2020-12-22","purchased_purges":0,"victory":true,"max_hp_per_floor":[70,70,70,70,70,70,70,70,70,70,70,70,70,70,70,70,70,70,70,70,70,70,70,70,70,70,70,70,70,70,70,70,70,70,80,80,80,80,80,80,80,90,90,90,90,90,90,90,90,90,90,97,97,97,97,97],"card_choices":[{"not_picked":["bronze:DelayedSlice","bronze:Separator"],"picked":"bronze:WhirlingStrike","floor":3.0},{"not_picked":["bronze:ChildClass","bronze:ForLoop"],"picked":"bronze:Boost","floor":5.0},{"not_picked":["bronze:Overheat","bronze:Constructor"],"picked":"bronze:CloningBeam","floor":8.0},{"not_picked":["bronze:BitShift","bronze:Deprecate"],"picked":"bronze:Frontload","floor":9.0},{"not_picked":["bronze:Constructor","bronze:CutThrough"],"picked":"bronze:Iterate","floor":11.0},{"not_picked":["bronze:ForLoop","bronze:OilSpill"],"picked":"bronze:Return","floor":13.0},{"not_picked":["bronze:Invalidate","bronze:WhirlingStrike"],"picked":"bronze:Library","floor":15.0},{"not_picked":["bronze:InfiniteLoop","bronze:CleanCode"],"picked":"bronze:TinkerersToolbox","floor":16.0},{"not_picked":["bronze:InfiniteBeams","bronze:Separator"],"picked":"bronze:Terminator","floor":19.0},{"not_picked":["bronze:Iterate+1","bronze:Backtrace","bronze:BuggyMess"],"picked":"SKIP","floor":21.0},{"not_picked":["bronze:WhirlingStrike","bronze:DigitalCarnage"],"picked":"bronze:FineTuning","floor":22.0},{"not_picked":["bronze:WildBeam","bronze:Constructor","bronze:Terminator"],"picked":"SKIP","floor":23.0},{"not_picked":["bronze:DelayedGuard","bronze:ItsAFeature"],"picked":"bronze:FollowUp+1","floor":25.0},{"not_picked":["bronze:Break","bronze:Frontload","bronze:Turbo"],"picked":"SKIP","floor":27.0},{"not_picked":["bronze:Refactor","bronze:Boost","bronze:ItsAFeature"],"picked":"SKIP","floor":28.0},{"not_picked":["bronze:Flail","bronze:Separator"],"picked":"bronze:DelayedSlice","floor":29.0},{"not_picked":["bronze:Repulsor","bronze:CloningBeam","bronze:ForLoop"],"picked":"SKIP","floor":30.0},{"not_picked":["bronze:Repair","bronze:Invalidate","bronze:ForceShield+1"],"picked":"SKIP","floor":31.0},{"not_picked":["bronze:CloningBeam","bronze:BitShift"],"picked":"bronze:BuggyMess+1","floor":32.0},{"not_picked":["bronze:AlphaBuild","bronze:ThunderWave"],"picked":"bronze:Assembly","floor":33.0},{"not_picked":["bronze:Invalidate+1","bronze:Terminator+1"],"picked":"bronze:Verify","floor":37.0},{"not_picked":["bronze:Branch+1","bronze:Allocate","bronze:CutThrough"],"picked":"SKIP","floor":39.0},{"not_picked":["bronze:InfiniteBeams+1","bronze:Invalidate","bronze:NullPointer"],"picked":"SKIP","floor":40.0},{"not_picked":["bronze:DelayedGuard+1","bronze:Constructor+1"],"picked":"bronze:Overheat+1","floor":42.0},{"not_picked":["bronze:ForLoop+1","bronze:Philosophize+1"],"picked":"bronze:Mutator","floor":44.0},{"not_picked":["bronze:ChosenStrike","bronze:MaxOutput"],"picked":"bronze:FineTuning+1","floor":47.0},{"not_picked":["bronze:DigitalCarnage","bronze:Shield","bronze:WhirlingStrike+1"],"picked":"SKIP","floor":48.0},{"not_picked":["bronze:DarkDash","bronze:Overheat+1","bronze:Overload+1"],"picked":"SKIP","floor":49.0},{"not_picked":["bronze:Terminator+1","bronze:Refactor","bronze:InfiniteBeams+1"],"picked":"SKIP","floor":52.0}],"player_experience":1501204,"relics_obtained":[{"floor":7.0,"key":"Matryoshka"},{"floor":8.0,"key":"Meat on the Bone"},{"floor":10.0,"key":"Art of War"},{"floor":10.0,"key":"bronze:ProtectiveGoggles"},{"floor":11.0,"key":"Pantograph"},{"floor":23.0,"key":"Dream Catcher"},{"floor":23.0,"key":"bronze:Mallet"},{"floor":24.0,"key":"Pen Nib"},{"floor":25.0,"key":"TungstenRod"},{"floor":25.0,"key":"Sundial"},{"floor":27.0,"key":"Oddly Smooth Stone"},{"floor":27.0,"key":"Happy Flower"},{"floor":30.0,"key":"Gremlin Horn"},{"floor":30.0,"key":"PreservedInsect"},{"floor":40.0,"key":"Akabeko"},{"floor":40.0,"key":"Potion Belt"},{"floor":41.0,"key":"Regal Pillow"},{"floor":42.0,"key":"Ancient Tea Set"},{"floor":42.0,"key":"Pear"},{"floor":47.0,"key":"MealTicket"},{"floor":47.0,"key":"Mercury Hourglass"},{"floor":52.0,"key":"Strawberry"},{"floor":52.0,"key":"Bag of Preparation"}],"event_choices":[{"cards_removed":["bronze:FineTuning"],"damage_healed":0.0,"max_hp_gain":0.0,"max_hp_loss":0.0,"gold_gain":0.0,"event_name":"Falling","player_choice":"Removed Skill","floor":46.0,"gold_loss":0.0,"damage_taken":0.0}],"is_beta":false,"boss_relics":[{"not_picked":["Velvet Choker","Pandora\u0027s Box"],"picked":"Black Star"},{"not_picked":["SlaversCollar","Empty Cage"],"picked":"bronze:PlatinumCore"}],"items_purged_floors":[],"is_endless":false,"potions_floor_spawned":[11,13,15,21,25,28,30,33,39,47],"ascension_level":4}