{"gold_per_floor":[99,119,119,29,41,73,96,81,113,113,124,124,124,136,148,244,244,144,144,244,257,257,286,312,312,329,229,229,229,229,19,30,126,126,126,126,182,198,221,121,171,171,201,218,218,218,28,54,71,71,71,96,18,18,18,18],"floor_reached":56,"playtime":6471,"items_purged":[],"score":977,"play_id":"5d5f5b68-5bcd-445b-90c7-477e80991f5d","local_time":"20210606214101","is_ascension_mode":true,"campfire_choices":[{"floor":1,"key":"RECALL"},{"data":"bronze:Virus","floor":18,"key":"SMITH"},{"floor":25,"key":"REST"},{"floor":27,"key":"REST"},{"data":"bronze:OilSpill","floor":30,"key":"SMITH"},{"data":"bronze:CleanCode","floor":35,"key":"SMITH"},{"data":"expansioncontent:DashGenerateEvil","floor":40,"key":"SMITH"},{"data":"bronze:Optimize","floor":42,"key":"SMITH"},{"data":"expansioncontent:GuardianWhirl","floor":46,"key":"SMITH"},{"data":"bronze:InfiniteBeams","floor":54,"key":"SMITH"}],"neow_cost":"NONE","seed_source_timestamp":485642543441100,"circlet_count":0,"master_deck":["bronze:Defend","bronze:Defend","bronze:Defend","bronze:Defend","bronze:Replicate+1","bronze:Goto","bronze:DelayedGuard","bronze:Library","bronze:FollowUp","bronze:InfiniteBeams","bronze:CutThrough+1","bronze:InfiniteLoop","bronze:OilSpill+1","bronze:Terminator","bronze:Return","bronze:Virus+1","bronze:InfiniteBeams+1","bronze:Goto","bronze:Iterate","bronze:ClassDefault","bronze:CleanCode+1","Impatience","downfall:Icky","bronze:GetLatest","bronze:OilSpill+1","bronze:OilSpill+1","Parasite","bronze:Flail+1","downfall:Bewildered","Slimebound:Tackle+1","Slimebound:Tackle+1","Slimebound:Tackle+1","bronze:DelayedSlice+1","bronze:NullPointer","expansioncontent:GuardianWhirl+1","bronze:Terminator+1","expansioncontent:DashGenerateEvil+1","bronze:Optimize+1","downfall:Scatterbrained","downfall:Haunted","Doubt","bronze:Format","Decay","bronze:FineTuning"],"relics":["bronze:BronzeCore","Nunchaku","Torii","Smiling Mask","Mercury Hourglass","downfall:ShatteredFragment","Cursed Key","downfall:HeartBlessingRed","downfall:GremlinSack","bronze:CableSpool","Tiny Chest","downfall:HeartBlessingGreen","sneckomod:BabySnecko","Membership Card","SlaversCollar","Du-Vu Doll","downfall:HeartBlessingBlue","Vajra","Bottled Flame","ClockworkSouvenir","Whetstone","Calipers","OrangePellets"],"potions_floor_usage":[11,16,23,26,33,50,56,56],"damage_taken":[{"damage":0,"enemies":"Small Slimes","floor":2,"turns":3},{"damage":5,"enemies":"downfall:FleeingMerchant","floor":4,"turns":4},{"damage":1,"enemies":"Cultist","floor":5,"turns":4},{"damage":18,"enemies":"Gremlin Nob","floor":6,"turns":4},{"damage":0,"enemies":"downfall:FleeingMerchant","floor":8,"turns":4},{"damage":17,"enemies":"Lagavulin","floor":9,"turns":6},{"damage":0,"enemies":"Jaw Worm","floor":11,"turns":2},{"damage":0,"enemies":"Large Slime","floor":14,"turns":3},{"damage":1,"enemies":"3 Louse","floor":15,"turns":2},{"damage":5,"enemies":"SI_SHIV_ARCHETYPE","floor":16,"turns":4},{"damage":18,"enemies":"SI_SHIV_ARCHETYPE","floor":20,"turns":3},{"damage":12,"enemies":"Chosen","floor":21,"turns":2},{"damage":28,"enemies":"Book of Stabbing","floor":23,"turns":4},{"damage":1,"enemies":"downfall:LooterAlt2","floor":26,"turns":3},{"damage":7,"enemies":"downfall:FleeingMerchant","floor":31,"turns":4},{"damage":12,"enemies":"Cultist and Chosen","floor":32,"turns":3},{"damage":1,"enemies":"WA_ARCHETYPE_CALM","floor":33,"turns":4},{"damage":0,"enemies":"downfall:FleeingMerchant","floor":37,"turns":3},{"damage":0,"enemies":"Orb Walker","floor":38,"turns":1},{"damage":43,"enemies":"Reptomancer","floor":43,"turns":4},{"damage":0,"enemies":"3 Shapes","floor":44,"turns":1},{"damage":0,"enemies":"Writhing Mass","floor":49,"turns":2},{"damage":41,"enemies":"DF_ARCHETYPE_ORBS","floor":50,"turns":3},{"damage":0,"enemies":"downfall:CharBossMerchant","floor":52,"turns":3},{"damage":39,"enemies":"downfall:NeowBoss","floor":55,"turns":8},{"damage":43,"enemies":"downfall:NeowBossFinal","floor":56,"turns":5}],"seed_played":"-1362011368384334263","potions_obtained":[{"floor":5,"key":"bronze:BurnAndBuffPotion"},{"floor":6,"key":"Strength Potion"},{"floor":14,"key":"hexamod:SoulburnPotion"},{"floor":15,"key":"PowerPotion"},{"floor":21,"key":"Fire Potion"},{"floor":22,"key":"CultistPotion"},{"floor":32,"key":"champ:CounterPotion"},{"floor":38,"key":"DuplicationPotion"}],"is_trial":false,"path_per_floor":["R","M","?","$","M","E","T","$","E","?","M","?","?","M","M","B",null,"R","?","?","M","?","E","T","R","M","R","?","?","R","$","M","B",null,"R","?","$","M","T","R","T","R","E","M","?","R","$","T","M","B",null,"E","$","R","B","B"],"character_chosen":"THE_AUTOMATON","items_purchased":["bronze:InfiniteBeams","Membership Card","bronze:NullPointer","Du-Vu Doll","expansioncontent:DashGenerateEvil","bronze:Optimize","ClockworkSouvenir","bronze:Format","DistilledChaos","OrangePellets"],"campfire_rested":2,"item_purchase_floors":[4,31,31,37,37,37,47,47,47,53],"current_hp_per_floor":[70,70,70,65,64,46,46,46,29,8,8,8,70,70,69,64,70,70,70,52,40,40,12,12,33,32,53,53,53,53,46,34,33,70,70,70,70,70,70,80,80,80,37,37,80,80,80,80,80,39,80,80,80,80,41,0],"gold":18,"neow_bonus":"RANDOM_COMMON_RELIC","is_prod":false,"is_daily":false,"chose_seed":false,"campfire_upgraded":7,"win_rate":0,"timestamp":1623030061,"path_taken":["R","M","?","$","?","E","T","$","E","?","M","?","?","M","M","BOSS","R","?","?","?","?","E","T","R","M","R","?","?","R","$","M","BOSS","R","?","$","M","?","R","T","R","E","?","?","R","?","?","M","BOSS","E","$","R","BOSS","BOSS"],"build_version":"2020-12-22","purchased_purges":0,"victory":false,"max_hp_per_floor":[70,70,70,70,70,70,70,70,70,70,70,70,70,70,70,70,70,70,70,70,70,70,70,70,70,70,70,70,70,70,70,70,70,70,70,70,70,70,70,80,80,80,80,80,80,80,80,80,80,80,80,80,80,80,80,80],"card_choices":[{"not_picked":["bronze:BugBarrage","bronze:OilSpill"],"picked":"bronze:DelayedGuard","floor":2},{"not_picked":["bronze:Flail","bronze:GetLatest"],"picked":"bronze:FollowUp","floor":4},{"not_picked":["bronze:Turbo","bronze:BitShift"],"picked":"bronze:CutThrough","floor":5},{"not_picked":["bronze:Shield","bronze:DelayedGuard"],"picked":"bronze:InfiniteLoop","floor":6},{"not_picked":["bronze:WhirlingStrike","bronze:ItsAFeature"],"picked":"bronze:OilSpill","floor":8},{"not_picked":["bronze:Turbo","bronze:ChildClass","bronze:BugBarrage"],"picked":"SKIP","floor":9},{"not_picked":["bronze:BitShift","bronze:Invalidate"],"picked":"bronze:Terminator","floor":11},{"not_picked":["bronze:ChildClass","bronze:Turbo"],"picked":"bronze:Return","floor":14},{"not_picked":["bronze:Invalidate","bronze:DelayedGuard","bronze:BitShift"],"picked":"SKIP","floor":15},{"not_picked":["bronze:CleanCode","bronze:BurnOut"],"picked":"bronze:Virus","floor":16},{"not_picked":["bronze:MaxOutput","bronze:DigitalCarnage"],"picked":"bronze:GetLatest","floor":20},{"not_picked":["bronze:CloningBeam","bronze:ForLoop"],"picked":"bronze:OilSpill+1","floor":21},{"not_picked":["bronze:DarkDash","bronze:ForLoop"],"picked":"bronze:OilSpill+1","floor":23},{"not_picked":["bronze:OilSpill","bronze:BuggyMess"],"picked":"bronze:Flail+1","floor":26},{"not_picked":["bronze:InfiniteBeams","bronze:Turbo+1"],"picked":"bronze:DelayedSlice+1","floor":31},{"not_picked":["bronze:CutThrough","bronze:ForLoop","bronze:GetLatest"],"picked":"SKIP","floor":32},{"not_picked":["expansioncontent:YouAreMine","expansioncontent:PolyBeam"],"picked":"expansioncontent:GuardianWhirl","floor":36},{"not_picked":["bronze:ChosenStrike","bronze:BugBarrage"],"picked":"bronze:Terminator+1","floor":37},{"not_picked":["bronze:CutThrough","bronze:InfiniteBeams+1","bronze:Constructor"],"picked":"SKIP","floor":38},{"not_picked":["bronze:Constructor+1","bronze:Frontload+1","bronze:BronzeArmor"],"picked":"SKIP","floor":43},{"not_picked":["bronze:CutThrough+1","bronze:ChosenStrike","bronze:Frontload+1"],"picked":"SKIP","floor":44},{"not_picked":["bronze:DelayedGuard","bronze:Overheat"],"picked":"bronze:FineTuning","floor":49},{"not_picked":["bronze:DelayedSlice+1","bronze:Separator+1","bronze:WildBeam+1"],"picked":"SKIP","floor":52}],"player_experience":1494733,"relics_obtained":[{"floor":6,"key":"Torii"},{"floor":7,"key":"Smiling Mask"},{"floor":9,"key":"Mercury Hourglass"},{"floor":20,"key":"downfall:GremlinSack"},{"floor":23,"key":"bronze:CableSpool"},{"floor":24,"key":"Tiny Chest"},{"floor":41,"key":"Vajra"},{"floor":43,"key":"Bottled Flame"},{"floor":48,"key":"Whetstone"},{"floor":52,"key":"Calipers"}],"event_choices":[{"damage_healed":62,"gold_gain":0,"player_choice":"Full Heal","damage_taken":0,"max_hp_gain":0,"max_hp_loss":0,"event_name":"Wheel of Change","floor":13,"gold_loss":0},{"damage_healed":0,"gold_gain":0,"player_choice":"Read","damage_taken":0,"max_hp_gain":0,"max_hp_loss":0,"event_name":"The Library","floor":19,"gold_loss":0,"cards_obtained":["bronze:InfiniteBeams"]}],"is_beta":false,"boss_relics":[{"not_picked":["Runic Pyramid","bronze:MakeshiftBattery"],"picked":"Cursed Key"},{"not_picked":["Snecko Eye","Pandora\u0027s Box"],"picked":"SlaversCollar"}],"items_purged_floors":[],"is_endless":false,"potions_floor_spawned":[5,6,14,15,21,32,38,49],"killed_by":"downfall:NeowBossFinal","ascension_level":3}