{"gold_per_floor":[0,11,11,30,41,69,69,94,79,79,79,79,110,126,146,243,243,43,56,156,156,431,466,466,2,17,17,17,51,51,70,85,189,189,189,64,34,34,48,75,75,75,75,111,111,11,20,53,73,73,73,105,30,30,30,30],"floor_reached":56,"playtime":3620,"items_purged":["Parasite"],"score":1021,"play_id":"3f7c3458-9501-4ec6-b948-ab66ad10091d","local_time":"20210606145532","is_ascension_mode":true,"campfire_choices":[{"floor":1,"key":"RECALL"},{"floor":10,"key":"REST"},{"data":"bronze:Return","floor":12,"key":"SMITH"},{"data":"bronze:NullPointer","floor":18,"key":"SMITH"},{"data":"bronze:Assembly","floor":28,"key":"SMITH"},{"data":"bronze:SpaghettiCode","floor":35,"key":"SMITH"},{"data":"bronze:CleanCode","floor":42,"key":"SMITH"},{"data":"bronze:Format","floor":46,"key":"SMITH"},{"data":"bronze:InfiniteLoop","floor":54,"key":"SMITH"}],"neow_cost":"NO_GOLD","seed_source_timestamp":464163796989200,"circlet_count":0,"master_deck":["bronze:Strike+1","bronze:Strike+1","bronze:Strike+1","bronze:Strike+1","bronze:Defend+1","bronze:Defend+1","bronze:Defend+1","bronze:Defend+1","bronze:Replicate","bronze:Goto","bronze:Overheat","bronze:ChildClass","bronze:Safeguard","bronze:FindAndReplace","bronze:WhirlingStrike","bronze:Return+1","bronze:NullPointer+1","bronze:Terminator","bronze:Format+1","bronze:Assembly+1","bronze:FineTuning","bronze:Deprecate","bronze:BitShift","bronze:Overheat","bronze:CleanCode+1","bronze:ChosenStrike","bronze:Optimize","bronze:InfiniteLoop+1","bronze:SpaghettiCode+1","Master of Strategy","bronze:BronzeOrb+1","bronze:Assembly","expansioncontent:LastStand"],"relics":["bronze:PlatinumCore","Bird Faced Urn","downfall:ShatteredFragment","Bottled Flame","Bottled Lightning","Anchor","InkBottle","downfall:HeartBlessingRed","downfall:HeartBlessingGreen","Calipers","Shuriken","Juzu Bracelet","Eternal Feather","Lee\u0027s Waffle","Pen Nib","Blue Candle","SlaversCollar","HandDrill","Bronze Scales","Happy Flower","Torii","CeramicFish","downfall:HeartBlessingBlue","Nunchaku","Thread and Needle"],"potions_floor_usage":[6,33,48,50,56,56],"damage_taken":[{"damage":1,"enemies":"Cultist","floor":2,"turns":4},{"damage":0,"enemies":"2 Louse","floor":4,"turns":2},{"damage":1,"enemies":"Small Slimes","floor":5,"turns":3},{"damage":29,"enemies":"Lagavulin","floor":6,"turns":10},{"damage":3,"enemies":"3 Sentries","floor":8,"turns":6},{"damage":2,"enemies":"downfall:FleeingMerchant","floor":9,"turns":4},{"damage":13,"enemies":"Lagavulin","floor":13,"turns":6},{"damage":0,"enemies":"2 Fungi Beasts","floor":14,"turns":2},{"damage":11,"enemies":"Exordium Thugs","floor":15,"turns":4},{"damage":11,"enemies":"IC_STATUS_ARCHETYPE","floor":16,"turns":9},{"damage":0,"enemies":"Chosen","floor":19,"turns":4},{"damage":0,"enemies":"Colosseum Nobs","floor":20,"turns":4},{"damage":21,"enemies":"Slavers","floor":23,"turns":6},{"damage":1,"enemies":"downfall:FleeingMerchant","floor":25,"turns":4},{"damage":15,"enemies":"Shell Parasite","floor":26,"turns":4},{"damage":6,"enemies":"Book of Stabbing","floor":29,"turns":5},{"damage":0,"enemies":"Chosen and Byrds","floor":31,"turns":3},{"damage":0,"enemies":"Cultist and Chosen","floor":32,"turns":4},{"damage":3,"enemies":"WA_ARCHETYPE_CALM","floor":33,"turns":8},{"damage":4,"enemies":"downfall:FleeingMerchant","floor":36,"turns":4},{"damage":1,"enemies":"3 Shapes","floor":39,"turns":2},{"damage":0,"enemies":"Reptomancer","floor":40,"turns":5},{"damage":0,"enemies":"Giant Head","floor":44,"turns":6},{"damage":19,"enemies":"Nemesis","floor":48,"turns":5},{"damage":12,"enemies":"3 Darklings","floor":49,"turns":4},{"damage":24,"enemies":"DF_ARCHETYPE_ORBS","floor":50,"turns":6},{"damage":0,"enemies":"downfall:CharBossMerchant","floor":52,"turns":5},{"damage":9,"enemies":"downfall:NeowBoss","floor":55,"turns":11},{"damage":99,"enemies":"downfall:NeowBossFinal","floor":56,"turns":8}],"seed_played":"-7266520590770111634","potions_obtained":[{"floor":6,"key":"Fruit Juice"},{"floor":14,"key":"hexamod:SoulburnPotion"},{"floor":15,"key":"bronze:FreeFunctionsPotion"},{"floor":23,"key":"Block Potion"},{"floor":26,"key":"Fire Potion"},{"floor":29,"key":"Block Potion"},{"floor":31,"key":"AttackPotion"},{"floor":33,"key":"LiquidBronze"},{"floor":48,"key":"PowerPotion"}],"is_trial":false,"path_per_floor":["R","M","?","M","M","E","T","E","$","R","?","R","E","M","M","B",null,"R","M","?","?","?","E","T","$","M","?","R","E","?","M","M","B",null,"R","$","?","?","M","E","T","R","$","E","$","R","?","E","M","B",null,"E","$","R","B","B"],"character_chosen":"THE_AUTOMATON","items_purchased":["Lee\u0027s Waffle","bronze:CleanCode","Pen Nib","HandDrill","Bronze Scales","Happy Flower"],"campfire_rested":1,"item_purchase_floors":[25,25,25,36,36,36],"current_hp_per_floor":[70,69,48,48,47,23,23,20,18,40,58,58,45,45,34,23,75,75,75,75,61,61,40,40,87,72,72,87,81,81,81,83,84,87,87,85,85,85,84,87,87,87,87,87,87,97,97,81,75,57,97,97,94,94,87,0],"gold":30,"neow_bonus":"ONE_RARE_RELIC","is_prod":false,"is_daily":false,"chose_seed":false,"campfire_upgraded":7,"win_rate":0,"timestamp":1623005732,"path_taken":["R","?","?","M","M","E","T","E","$","R","?","R","E","M","M","BOSS","R","M","?","?","?","E","T","$","M","?","R","E","?","M","M","BOSS","R","$","?","?","M","E","T","R","?","E","$","R","?","E","M","BOSS","E","$","R","BOSS","BOSS"],"build_version":"2020-12-22","purchased_purges":1,"victory":false,"max_hp_per_floor":[70,70,70,70,70,75,75,75,75,75,75,75,75,75,75,75,75,75,75,75,80,80,80,80,87,87,87,87,87,87,87,87,87,87,87,87,87,87,87,87,87,87,87,87,87,97,97,97,97,97,97,97,94,94,94,94],"card_choices":[{"not_picked":["bronze:Deprecate","bronze:OilSpill"],"picked":"bronze:Overheat","floor":2},{"not_picked":["bronze:Turbo","bronze:DelayedGuard"],"picked":"bronze:ChildClass","floor":4},{"not_picked":["bronze:CloningBeam","bronze:Turbo"],"picked":"bronze:Safeguard","floor":5},{"not_picked":["bronze:BitShift","bronze:FollowUp"],"picked":"bronze:FindAndReplace","floor":6},{"not_picked":["bronze:Refactor","bronze:Branch"],"picked":"bronze:WhirlingStrike","floor":8},{"not_picked":["bronze:Invalidate","bronze:Overheat"],"picked":"bronze:Return","floor":9},{"not_picked":["bronze:OilSpill","bronze:Fortify"],"picked":"bronze:NullPointer","floor":13},{"not_picked":["bronze:FollowUp","bronze:Separator"],"picked":"bronze:Terminator","floor":14},{"not_picked":["bronze:BuggyMess","bronze:DelayedGuard"],"picked":"bronze:Format","floor":15},{"not_picked":["bronze:Format","bronze:Verify"],"picked":"bronze:Assembly","floor":16},{"not_picked":["bronze:Backtrace","bronze:ChildClass"],"picked":"bronze:FineTuning","floor":19},{"not_picked":["bronze:BuggyMess","bronze:ForceShield+1"],"picked":"bronze:Deprecate","floor":20},{"not_picked":["bronze:Branch","bronze:Invalidate+1"],"picked":"bronze:BitShift","floor":23},{"not_picked":["bronze:ChildClass","bronze:Turbo+1"],"picked":"bronze:Overheat","floor":25},{"not_picked":["bronze:Turbo","bronze:BuggyMess"],"picked":"bronze:ChosenStrike","floor":26},{"not_picked":["bronze:Allocate","bronze:ChildClass","bronze:Deprecate"],"picked":"SKIP","floor":29},{"not_picked":["bronze:Invalidate","bronze:WildBeam"],"picked":"bronze:Optimize","floor":31},{"not_picked":["bronze:Separator","bronze:Iterate"],"picked":"bronze:InfiniteLoop","floor":32},{"not_picked":["bronze:FindAndReplace","bronze:Mutator"],"picked":"bronze:SpaghettiCode","floor":33},{"not_picked":["bronze:Frontload","bronze:DelayedSlice","bronze:DigitalCarnage+1"],"picked":"SKIP","floor":36},{"not_picked":[],"picked":"Master of Strategy","floor":37},{"not_picked":["bronze:Constructor+1","bronze:FineTuning","bronze:Safeguard"],"picked":"SKIP","floor":39},{"not_picked":["bronze:Branch+1","bronze:RecursiveStrike"],"picked":"bronze:BronzeOrb+1","floor":40},{"not_picked":["bronze:BuggyMess","bronze:Turbo+1"],"picked":"bronze:Assembly","floor":44},{"not_picked":["expansioncontent:InvincibleStrength","expansioncontent:GuardianWhirl"],"picked":"expansioncontent:LastStand","floor":47},{"not_picked":["bronze:Fortify","bronze:Branch+1","bronze:ForceShield+1"],"picked":"SKIP","floor":48},{"not_picked":["bronze:WildBeam","bronze:Terminator","bronze:ForLoop+1"],"picked":"SKIP","floor":49},{"not_picked":["bronze:Shield+1","bronze:BugBarrage","bronze:Branch"],"picked":"SKIP","floor":52}],"player_experience":1491113,"relics_obtained":[{"floor":6,"key":"Bottled Flame"},{"floor":7,"key":"Bottled Lightning"},{"floor":8,"key":"Anchor"},{"floor":13,"key":"InkBottle"},{"floor":20,"key":"Calipers"},{"floor":20,"key":"Shuriken"},{"floor":23,"key":"Juzu Bracelet"},{"floor":24,"key":"Eternal Feather"},{"floor":29,"key":"Blue Candle"},{"floor":40,"key":"Torii"},{"floor":44,"key":"CeramicFish"},{"floor":48,"key":"Nunchaku"},{"floor":52,"key":"Thread and Needle"}],"event_choices":[{"damage_healed":18,"gold_gain":0,"player_choice":"Healed and dodged fight","damage_taken":0,"max_hp_gain":0,"max_hp_loss":0,"event_name":"Mushrooms","floor":11,"gold_loss":0,"cards_obtained":["Parasite"]}],"is_beta":false,"boss_relics":[{"not_picked":["Velvet Choker","Astrolabe"],"picked":"bronze:PlatinumCore"},{"not_picked":["Coffee Dripper","Philosopher\u0027s Stone"],"picked":"SlaversCollar"}],"items_purged_floors":[53],"is_endless":false,"potions_floor_spawned":[6,14,15,23,26,29,31,32,33,39,40,48],"killed_by":"downfall:NeowBossFinal","ascension_level":2}